{"host":"kbjkhl8b8ylq2ux5","time":1613762667,"event":{"mods":["Act Like it!","BaseMod","Better Match","Better Note","Better Sensory Stone","BetterRewards","Block Reminder","Colored Map","Colored Powertips","Downfall","HexUI Lib","Highlight Path","Mad Scientist","Minty Spire (QoL Compilation)","Quick Restart","Random Character Button","Rare Cards Sparkle","StSLib","The Cursed","The Servant 0.9.4"],"gold_per_floor":[99,112,131,131,147,47,70,81,81,92,121,134,150,169,183,285,285,185,196,216,232,232,232,232,248,278,278,278,297,312,312,327,327,327,327],"floor_reached":33,"language":"ENG","playtime":5456,"items_purged":[],"score":327,"play_id":"bb510640-2b38-44a1-a19b-1560873c2618","local_time":"20210219142427","is_ascension_mode":false,"campfire_choices":[{"floor":1.0,"key":"RECALL"},{"data":"Guardian:PiercingHide","floor":6.0,"key":"SMITH"},{"data":"Guardian:ShieldSpikes","floor":9.0,"key":"SMITH"},{"data":"Guardian:ConstructionForm","floor":18,"key":"SMITH"},{"data":"Guardian:CurlUp","floor":23,"key":"SMITH"},{"data":"Guardian:TwinSlam","floor":27,"key":"SMITH"}],"circlet_count":0,"master_deck":["Guardian:Strike_Guardian","Guardian:Strike_Guardian","Guardian:Strike_Guardian","Guardian:Strike_Guardian","Guardian:Defend_Guardian","Guardian:Defend_Guardian","Guardian:Defend_Guardian","Guardian:CurlUp+1","Guardian:TwinSlam+1","Guardian:PiercingHide+1","Guardian:ShieldSpikes+1","Guardian:ShieldSpikes","Guardian:SentryBeam+1","Guardian:SpikerProtocol","Guardian:EvasiveProtocol","Guardian:ExploitGems","Guardian:ConstructionForm+1","Guardian:PolyBeam","Guardian:PrimingBeam+1"],"relics":["Guardian:ModeShifter","downfall:HeartBlessingRed","Tiny Chest","Dead Branch","Runic Pyramid","downfall:HeartBlessingGreen","Question Card","Bronze Scales"],"acts_visited":["Exordium","TheCity"],"potions_floor_usage":[26,33,33],"damage_taken":[{"damage":1.0,"enemies":"Cultist","floor":2.0,"turns":4.0},{"damage":2.0,"enemies":"Small Slimes","floor":3.0,"turns":4.0},{"damage":5.0,"enemies":"2 Louse","floor":5.0,"turns":4.0},{"damage":4.0,"enemies":"Exordium Wildlife","floor":8.0,"turns":4.0},{"damage":0.0,"enemies":"Red Slaver","floor":10.0,"turns":4.0},{"damage":27.0,"enemies":"Lagavulin","floor":11.0,"turns":18.0},{"damage":0.0,"enemies":"Large Slime","floor":12.0,"turns":6.0},{"damage":0.0,"enemies":"downfall:LooterAlt","floor":13.0,"turns":3.0},{"damage":6.0,"enemies":"2 Fungi Beasts","floor":14.0,"turns":3.0},{"damage":0.0,"enemies":"Exordium Wildlife","floor":15.0,"turns":4.0},{"damage":0.0,"enemies":"DF_ARCHETYPE_STREAMLINE","floor":16.0,"turns":12.0},{"damage":0,"enemies":"downfall:LooterAlt2","floor":19,"turns":6},{"damage":0,"enemies":"Shell Parasite","floor":20,"turns":5},{"damage":0,"enemies":"3 Cultists","floor":21,"turns":6},{"damage":0,"enemies":"Snake Plant","floor":25,"turns":5},{"damage":20,"enemies":"Slavers","floor":26,"turns":5},{"damage":0,"enemies":"Snecko","floor":29,"turns":4},{"damage":0,"enemies":"3 Cultists","floor":30,"turns":5},{"damage":0,"enemies":"Shelled Parasite and Fungi","floor":32,"turns":5},{"damage":108,"enemies":"SI_MIRROR_ARCHETYPE","floor":33,"turns":16}],"seed_played":"838801190344718361","potions_obtained":[{"floor":3.0,"key":"Dexterity Potion"},{"floor":5.0,"key":"BlessingOfTheForge"},{"floor":10.0,"key":"EssenceOfSteel"},{"floor":11.0,"key":"bronze:BurnAndBuffPotion"},{"floor":15.0,"key":"EssenceOfSteel"},{"floor":19,"key":"Swift Potion"},{"floor":21,"key":"Strength Potion"},{"floor":29,"key":"EntropicBrew"},{"floor":32,"key":"FairyPotion"}],"is_trial":false,"path_per_floor":["R","M","M","?","M","R","T","M","R","M","E","M","M","M","M","B",null,"R","M","M","M","?","R","T","M","E","R","?","M","M","T","M","B"],"character_chosen":"GUARDIAN","items_purchased":[],"campfire_rested":0,"item_purchase_floors":[],"current_hp_per_floor":[88,87,85,85,80,80,80,76,76,76,49,49,49,43,43,43,88,88,88,88,88,88,88,88,88,68,68,68,68,68,68,68,0,0,0],"gold":327,"neow_bonus":"TEN_PERCENT_HP_BONUS","is_daily":false,"chose_seed":false,"campfire_upgraded":5,"win_rate":0.0,"timestamp":1613762667,"path_taken":["R","M","M","?","M","R","T","M","R","M","E","M","M","M","M","BOSS","R","M","M","?","?","R","T","M","E","R","?","M","M","?","M","BOSS"],"items_purchased_type":[],"build_version":"2020-12-22","purchased_purges":0,"victory":false,"max_hp_per_floor":[88,88,88,88,88,88,88,88,88,88,88,88,88,88,88,88,88,88,88,88,88,88,88,88,88,88,88,88,88,88,88,88,88,88,88],"card_choices":[{"not_picked":["Guardian:Gem_Cyan","Guardian:VentSteam"],"picked":"Guardian:Gem_Purple","floor":2.0},{"not_picked":["Guardian:Gem_Green","Guardian:TimeCapacitor"],"picked":"Guardian:PiercingHide","floor":3.0},{"not_picked":["Guardian:RollAttack","Guardian:Gem_Green"],"picked":"Guardian:Gem_Cyan","floor":5.0},{"not_picked":["Guardian:RollAttack","Guardian:Gem_Red"],"picked":"Guardian:ShieldSpikes","floor":8.0},{"not_picked":["Guardian:Incinerate","Guardian:ShieldCharger"],"picked":"Guardian:ShieldSpikes","floor":10.0},{"not_picked":["Guardian:Gem_Crimson","Guardian:Gem_Yellow"],"picked":"Guardian:SentryBeam","floor":11.0},{"not_picked":["Guardian:BronzeArmor","Guardian:Reroute"],"picked":"Guardian:Gem_Crimson","floor":12.0},{"not_picked":["Guardian:Preprogram","Guardian:PrimingBeam"],"picked":"Guardian:SpikerProtocol","floor":13.0},{"not_picked":["Guardian:Gem_Lightblue","Guardian:TimeCapacitor"],"picked":"Guardian:EvasiveProtocol","floor":14.0},{"not_picked":["Guardian:VentSteam","Guardian:Gem_Cyan"],"picked":"Guardian:ExploitGems","floor":15.0},{"not_picked":["Guardian:Gem_Synthetic","Guardian:FastForward"],"picked":"Guardian:ConstructionForm","floor":16.0},{"not_picked":["Guardian:CrystalBeam","Guardian:Gem_Red"],"picked":"Guardian:PolyBeam","floor":19},{"not_picked":["Guardian:DonusPower+1","Guardian:TemporalShield"],"picked":"Guardian:Gem_Green","floor":20},{"not_picked":["Guardian:Gem_Fragmented","Guardian:Gem_Purple"],"picked":"Guardian:Gem_White","floor":21},{"not_picked":["Guardian:VentSteam","Guardian:Clone+1","Guardian:GuardianWhirl"],"picked":"Guardian:PrimingBeam+1","floor":25},{"not_picked":["Guardian:Suspension","Guardian:ChargeCore","Guardian:BronzeArmor","Guardian:Repulse"],"picked":"SKIP","floor":26},{"not_picked":["Guardian:Incinerate","Guardian:ShieldCharger+1","Guardian:Emergency","Guardian:ExploitGems"],"picked":"SKIP","floor":29},{"not_picked":["Guardian:SpikerProtocol+1","Guardian:Emergency","Guardian:PiercingHide","Guardian:Harden"],"picked":"SKIP","floor":30},{"not_picked":["Guardian:CrystalBeam","Guardian:Reroute","Guardian:RollAttack+1","Guardian:ArmoredProtocol"],"picked":"SKIP","floor":32}],"player_experience":127663,"relics_obtained":[{"floor":7.0,"key":"Tiny Chest"},{"floor":11.0,"key":"Dead Branch"},{"floor":24,"key":"Question Card"},{"floor":26,"key":"Bronze Scales"}],"event_choices":[{"cards_removed":["Guardian:Defend_Guardian"],"damage_healed":0.0,"max_hp_gain":0.0,"max_hp_loss":0.0,"gold_gain":0.0,"event_name":"Bonfire Elementals","player_choice":"Offered Basic","floor":4.0,"gold_loss":0.0,"damage_taken":0.0},{"damage_healed":0,"gold_gain":0,"player_choice":"Ignored","damage_taken":0,"max_hp_gain":0,"max_hp_loss":0,"event_name":"betterNote:BetterNote","floor":28,"gold_loss":0,"cards_obtained":["Slimebound:LeechLife"]}],"is_beta":false,"boss_relics":[{"not_picked":["SacredBark","Pandora\u0027s Box"],"picked":"Runic Pyramid"}],"items_purged_floors":[],"is_endless":false,"potions_floor_spawned":[3,5,10,11,15,19,21,29,32],"killed_by":"SI_MIRROR_ARCHETYPE","ascension_level":0}}