{"host":"tqx2hwjda5x2l78j","time":1613710667,"event":{"mods":["2.2 Compatiblity","Act Like it!","BaseMod","Better Match","Better Third Choice","BetterRewards","Block Reminder","Bossed Relics","Card Filter","Colored Map","Dark Map","Downfall","GifTheSpireLib","Gremlin Skip","Hubris","Marisa????????","Minty Spire (QoL Compilation)","Quick Restart","Rare Cards Sparkle","StSLib","Stuff the Spire","The Alterego","The Animator","The Jungle","Unceasing Turn Reminder"],"gold_per_floor":[99,111,111,111,124,134,134,134,151,151,183,201,101,22,55,153,153,153,187,187,221,221,234,234,134,34,76,89,123,123,141,190,203,203],"floor_reached":33,"language":"ENG","playtime":1819,"items_purged":[],"score":346,"play_id":"9ee68fb8-bc4d-427c-b004-6bffbd086cc6","local_time":"20210218225747","is_ascension_mode":false,"campfire_choices":[{"data":"MasterSpark","floor":1.0,"key":"SMITH"},{"data":"MeteoricShower","floor":8.0,"key":"SMITH"},{"data":"MilkyWay","floor":13.0,"key":"SMITH"},{"floor":18.0,"key":"RECALL"},{"data":"DragonMeteor","floor":25.0,"key":"SMITH"},{"data":"UltimateShortwave","floor":30.0,"key":"SMITH"}],"circlet_count":0,"master_deck":["Strike_MRS","Strike_MRS","Strike_MRS","Strike_MRS","Defend_MRS","Defend_MRS","Defend_MRS","Defend_MRS","MasterSpark+1","UpSweep+1","AsteroidBelt","MeteoricShower+1","ShootTheMoon","MilkyWay+1","WitchOfGreed","EnergyFlow","FinalSpark+1","SuperNova","DragonMeteor+1","Mind Blast","Robbery+1","UltimateShortwave+1","WitchLeyline","MagicAbsorber"],"relics":["MiniHakkero","hubris:Towel","Mummified Hand","Centennial Puzzle","StuffTheSpire:GrapeVine","HandmadeGrimoire","downfall:HeartBlessingGreen","Coffee Dripper","Bronze Scales","downfall:HeartBlessingRed","Smiling Mask"],"acts_visited":["Exordium","TheCity"],"potions_floor_usage":[33,33],"damage_taken":[{"damage":4.0,"enemies":"2 Louse","floor":2.0,"turns":3.0},{"damage":1.0,"enemies":"Jaw Worm","floor":5.0,"turns":3.0},{"damage":0.0,"enemies":"Cultist","floor":6.0,"turns":2.0},{"damage":2.0,"enemies":"2 Fungi Beasts","floor":9.0,"turns":3.0},{"damage":23.0,"enemies":"Lagavulin","floor":11.0,"turns":6.0},{"damage":10.0,"enemies":"Exordium Thugs","floor":12.0,"turns":3.0},{"damage":0.0,"enemies":"downfall:FleeingMerchant","floor":14.0,"turns":4.0},{"damage":4.0,"enemies":"downfall:LooterAlt","floor":15.0,"turns":2.0},{"damage":0.0,"enemies":"SI_SHIV_ARCHETYPE","floor":16.0,"turns":5.0},{"damage":1.0,"enemies":"3 Byrds","floor":19.0,"turns":5.0},{"damage":6.0,"enemies":"downfall:LooterAlt2","floor":21.0,"turns":3.0},{"damage":0.0,"enemies":"Snecko","floor":23.0,"turns":3.0},{"damage":1.0,"enemies":"downfall:FleeingMerchant","floor":26.0,"turns":4.0},{"damage":18.0,"enemies":"Slavers","floor":27.0,"turns":3.0},{"damage":15.0,"enemies":"Snake Plant","floor":28.0,"turns":2.0},{"damage":19.0,"enemies":"Centurion and Healer","floor":29.0,"turns":4.0},{"damage":10,"enemies":"Sentry and Sphere","floor":31,"turns":3},{"damage":0,"enemies":"Snecko","floor":32,"turns":4},{"damage":12,"enemies":"WA_ARCHETYPE_CALM","floor":33,"turns":5}],"seed_played":"-617878702420869190","potions_obtained":[{"floor":6.0,"key":"Dexterity Potion"},{"floor":9.0,"key":"FearPotion"},{"floor":12.0,"key":"SkillPotion"},{"floor":16.0,"key":"bronze:BurnAndBuffPotion"},{"floor":19.0,"key":"SteroidPotion"},{"floor":21.0,"key":"LiquidMemories"},{"floor":21.0,"key":"Slimebound:ThreeZeroPotion"},{"floor":27.0,"key":"SkillPotion"},{"floor":27.0,"key":"champ:CounterPotion"},{"floor":29.0,"key":"Guardian:BlockOnCardUsePotion"},{"floor":32,"key":"Explosive Potion"},{"floor":32,"key":"Strength Potion"}],"is_trial":false,"path_per_floor":["R","M","?","?","M","M","T","R","M","?","E","M","R","$","M","B",null,"R","M","?","M","?","M","T","R","$","E","M","M","R","M","M","B"],"character_chosen":"MARISA","items_purchased":["EnergyFlow","Mind Blast"],"campfire_rested":0,"item_purchase_floors":[14,26],"current_hp_per_floor":[82,78,78,78,77,77,77,77,75,65,42,32,32,32,28,28,82,82,81,81,75,75,75,75,75,74,56,41,22,22,12,12,0,0],"gold":203,"neow_bonus":"TEN_PERCENT_HP_BONUS","is_daily":false,"chose_seed":false,"campfire_upgraded":5,"win_rate":0.0,"timestamp":1613710667,"path_taken":["R","M","?","?","?","M","T","R","M","?","E","M","R","$","M","BOSS","R","M","?","M","?","M","T","R","$","E","M","?","R","M","M","BOSS"],"items_purchased_type":["Card","Card"],"build_version":"2020-12-22","purchased_purges":0,"victory":false,"max_hp_per_floor":[82,82,82,82,82,82,82,82,82,82,82,82,82,82,82,82,82,82,82,82,82,82,82,82,82,82,82,82,82,82,82,82,82,82],"card_choices":[{"not_picked":["NonDirectionalLaser","DoubleSpark"],"picked":"AsteroidBelt","floor":2.0},{"not_picked":["ManaConvection","GravityBeat"],"picked":"MeteoricShower","floor":5.0},{"not_picked":["OneTimeOff","RefractionSpark","IllusionStar"],"picked":"SKIP","floor":6.0},{"not_picked":["Acceleration","GalacticHalo"],"picked":"ShootTheMoon","floor":9.0},{"not_picked":["StarBarrage","LuminesStrike"],"picked":"MilkyWay","floor":11.0},{"not_picked":["UnstableBomb","ShootTheMoon"],"picked":"WitchOfGreed","floor":12.0},{"not_picked":["BlazeAway","MeteoricShower","LuminesStrike"],"picked":"SKIP","floor":14.0},{"not_picked":["ChargingUp","ShootingEcho"],"picked":"FinalSpark","floor":15.0},{"not_picked":["JA","AbsoluteMagnitude"],"picked":"SuperNova","floor":16.0},{"not_picked":["PropBag+1","GravityBeat"],"picked":"DragonMeteor","floor":19.0},{"not_picked":["GrandCross","PowerUp","StarlightTyphoon"],"picked":"SKIP","floor":21.0},{"not_picked":["ChargeUpSpray","PulseMagic","SporeBomb"],"picked":"SKIP","floor":23.0},{"not_picked":["MeteoricShower","GalacticHalo","DragonMeteor+1"],"picked":"SKIP","floor":26.0},{"not_picked":["StarDustReverie","DoubleSpark","ShootingEcho"],"picked":"SKIP","floor":27.0},{"not_picked":["LuminesStrike","WitchOfGreed+1"],"picked":"Robbery+1","floor":28.0},{"not_picked":["MysteriousBeam","GalacticHalo"],"picked":"UltimateShortwave","floor":29.0},{"not_picked":["NonDirectionalLaser","GravityBeat"],"picked":"WitchLeyline","floor":31},{"not_picked":["LuminesStrike+1","DoubleSpark"],"picked":"MagicAbsorber","floor":32}],"player_experience":358217,"relics_obtained":[{"floor":7.0,"key":"Mummified Hand"},{"floor":11.0,"key":"HandmadeGrimoire"},{"floor":24.0,"key":"Bronze Scales"},{"floor":27.0,"key":"Smiling Mask"}],"event_choices":[{"damage_healed":0.0,"max_hp_gain":0.0,"max_hp_loss":0.0,"gold_gain":1.0,"event_name":"betterThird:BetterScrap","player_choice":"Relic Relic ","floor":10.0,"gold_loss":0.0,"damage_taken":10.0,"cards_obtained":["Doom and Gloom"]},{"damage_healed":0.0,"max_hp_gain":0.0,"max_hp_loss":0.0,"gold_gain":0.0,"event_name":"Accursed Blacksmith","player_choice":"Forge","floor":22.0,"gold_loss":0.0,"damage_taken":0.0,"cards_upgraded":["FinalSpark"]}],"is_beta":false,"boss_relics":[{"not_picked":["hubris:TerracottaHorce","SlaversCollar"],"picked":"Coffee Dripper"}],"items_purged_floors":[],"is_endless":false,"potions_floor_spawned":[6,9,12,16,21,27,29,32],"killed_by":"WA_ARCHETYPE_CALM","ascension_level":0}}