{"host":"snampf0t8p8psf53","time":1613723173,"event":{"mods":["AchievementEnabler","BaseMod","Bestiary","DeckTracker","Minty Spire (QoL Compilation)","Permanent Neow","SuperFastMode"],"gold_per_floor":[118,131,146,60,78,78,78],"floor_reached":6,"language":"ENG","playtime":382,"items_purged":[],"score":76,"play_id":"aba4f586-8881-4b7f-b593-876da276f629","local_time":"20210219002613","daily_mods":["Draft","Red Cards","Heirloom","Time Dilation","Flight","DeadlyEvents","Elite Swarm","Lethality"],"is_ascension_mode":true,"campfire_choices":[],"circlet_count":0,"master_deck":["Demon Form","Wraith Form v2","Echo Form","DevaForm","AscendersBane","Heavy Blade","Body Slam","Wild Strike","Iron Wave","Carnage","Fire Breathing","Feel No Pain","Wild Strike","Clothesline","Pummel","Armaments","Body Slam","Warcry","Shrug It Off","Clothesline","Berserk","Body Slam","Feed","Rupture"],"relics":["Burning Blood","Ice Cream"],"acts_visited":["Exordium"],"potions_floor_usage":[],"damage_taken":[{"damage":9,"enemies":"Cultist","floor":1,"turns":3},{"damage":26,"enemies":"2 Louse","floor":2,"turns":3},{"damage":1,"enemies":"Small Slimes","floor":3,"turns":4},{"damage":19,"enemies":"3 Louse","floor":5,"turns":2},{"damage":40,"enemies":"3 Sentries","floor":6,"turns":3}],"seed_played":"-8170055903246008882","potions_obtained":[{"floor":5,"key":"Energy Potion"}],"is_trial":true,"path_per_floor":["M","M","M","$","M","E"],"character_chosen":"IRONCLAD","items_purchased":["Feed"],"campfire_rested":0,"item_purchase_floors":[4],"current_hp_per_floor":[65,45,50,50,37,0,0],"gold":78,"neow_bonus":"","is_daily":false,"chose_seed":false,"campfire_upgraded":0,"win_rate":0.0,"timestamp":1613723173,"path_taken":["M","M","M","$","M","E"],"items_purchased_type":["Card"],"build_version":"2020-12-22","purchased_purges":0,"victory":false,"max_hp_per_floor":[75,75,75,75,75,75,75],"card_choices":[{"not_picked":["Clash","True Grit"],"picked":"Heavy Blade","floor":0},{"not_picked":["Dark Embrace","Rage"],"picked":"Body Slam","floor":0},{"not_picked":["Clash","Havoc"],"picked":"Wild Strike","floor":0},{"not_picked":["Rage","Pommel Strike"],"picked":"Iron Wave","floor":0},{"not_picked":["Second Wind","Warcry"],"picked":"Carnage","floor":0},{"not_picked":["Thunderclap","Disarm"],"picked":"Fire Breathing","floor":0},{"not_picked":["Warcry","Armaments"],"picked":"Feel No Pain","floor":0},{"not_picked":["Flex","Dual Wield"],"picked":"Wild Strike","floor":0},{"not_picked":["Reckless Charge","Armaments"],"picked":"Clothesline","floor":0},{"not_picked":["Burning Pact","Second Wind"],"picked":"Pummel","floor":0},{"not_picked":["Havoc","Iron Wave"],"picked":"Armaments","floor":0},{"not_picked":["Warcry","Armaments"],"picked":"Body Slam","floor":0},{"not_picked":["Twin Strike","Heavy Blade"],"picked":"Warcry","floor":0},{"not_picked":["Heavy Blade","Havoc"],"picked":"Shrug It Off","floor":0},{"not_picked":["Clash","Intimidate"],"picked":"Clothesline","floor":0},{"not_picked":["Dropkick","Iron Wave","True Grit"],"picked":"SKIP","floor":1},{"not_picked":["Shrug It Off","Body Slam"],"picked":"Berserk","floor":2},{"not_picked":["Thunderclap","Flame Barrier"],"picked":"Body Slam","floor":3},{"not_picked":["Wild Strike","Ghostly Armor"],"picked":"Rupture","floor":5}],"player_experience":113116,"relics_obtained":[],"event_choices":[],"is_beta":false,"boss_relics":[],"items_purged_floors":[],"is_endless":false,"potions_floor_spawned":[5],"killed_by":"3 Sentries","ascension_level":20}}