{"host":"7ij4m6ehapfophuy","time":1613738321,"event":{"mods":["BaseMod","Bestiary","Curses Come First","Filter the Spire","Minty Spire (QoL Compilation)","Relic Stats","StSLib","ojb\u0027s Better Paths Mod"],"gold_per_floor":[111,131,81,95,47,77,77,112,179,191,221,233,320,352,364,479,491,520,0,16,26,45,78,78,103,126,159,176,195,227,227,227,331,331,349,361,378,378,388,388,414,2,26,44,78,78,111,161,161,161],"floor_reached":51,"language":"ENG","playtime":4060,"items_purged":["Defend_P","Strike_P"],"score":1516,"play_id":"7beeedac-9e37-493f-b347-118cdbf13776","local_time":"20210219073841","is_ascension_mode":true,"campfire_choices":[{"data":"SashWhip","floor":7.0,"key":"SMITH"},{"data":"Eruption","floor":10.0,"key":"SMITH"},{"data":"CarveReality","floor":12.0,"key":"SMITH"},{"data":"Consecrate","floor":15.0,"key":"SMITH"},{"data":"Scrawl","floor":24.0,"key":"SMITH"},{"data":"Ragnarok","floor":32.0,"key":"SMITH"},{"data":"TalkToTheHand","floor":40.0,"key":"SMITH"},{"data":"Adaptation","floor":49,"key":"SMITH"}],"circlet_count":0,"master_deck":["AscendersBane","Strike_P","Strike_P","Strike_P","Eruption+1","Vigilance","SashWhip+1","FlurryOfBlows","Consecrate+1","CarveReality+1","ThirdEye","Scrawl+1","MentalFortress+1","FearNoEvil+1","TalkToTheHand+1","Ragnarok+1","Wallop","WheelKick","Tantrum","Blasphemy+1","Violence+1","Blind+1","EmptyBody+1","MentalFortress","Adaptation+1","Wireheading","Scrawl+1"],"relics":["Empty Cage","Ornamental Fan","MawBank","Philosopher\u0027s Stone","Bag of Marbles","InkBottle","Unceasing Top","Red Mask","Bag of Preparation","White Beast Statue","Du-Vu Doll","Toxic Egg 2","SacredBark","Bottled Lightning","Lizard Tail","Art of War","Orichalcum","Bronze Scales","CaptainsWheel"],"acts_visited":["Exordium","TheCity","TheBeyond"],"potions_floor_usage":[45,47,48,50],"damage_taken":[{"damage":2.0,"enemies":"Cultist","floor":1.0,"turns":4.0},{"damage":7.0,"enemies":"2 Louse","floor":2.0,"turns":3.0},{"damage":1.0,"enemies":"Jaw Worm","floor":4.0,"turns":2.0},{"damage":0.0,"enemies":"Gremlin Nob","floor":6.0,"turns":2.0},{"damage":13.0,"enemies":"Lagavulin","floor":8.0,"turns":6.0},{"damage":0.0,"enemies":"2 Fungi Beasts","floor":11.0,"turns":2.0},{"damage":5.0,"enemies":"Exordium Wildlife","floor":14.0,"turns":3.0},{"damage":0.0,"enemies":"Slime Boss","floor":16.0,"turns":5.0},{"damage":3.0,"enemies":"Chosen","floor":18.0,"turns":3.0},{"damage":1.0,"enemies":"3 Byrds","floor":20.0,"turns":2.0},{"damage":5.0,"enemies":"Snecko","floor":21.0,"turns":4.0},{"damage":12.0,"enemies":"Shelled Parasite and Fungi","floor":22.0,"turns":3.0},{"damage":13.0,"enemies":"Book of Stabbing","floor":23.0,"turns":3.0},{"damage":0.0,"enemies":"Masked Bandits","floor":25.0,"turns":1.0},{"damage":0.0,"enemies":"Gremlin Leader","floor":27.0,"turns":3.0},{"damage":0.0,"enemies":"Cultist and Chosen","floor":28.0,"turns":2.0},{"damage":6.0,"enemies":"Chosen and Byrds","floor":29.0,"turns":3.0},{"damage":0.0,"enemies":"Book of Stabbing","floor":30.0,"turns":2.0},{"damage":24.0,"enemies":"Automaton","floor":33.0,"turns":5.0},{"damage":0.0,"enemies":"Orb Walker","floor":35.0,"turns":2.0},{"damage":0.0,"enemies":"3 Darklings","floor":36.0,"turns":1.0},{"damage":0.0,"enemies":"Jaw Worm Horde","floor":37.0,"turns":2.0},{"damage":1.0,"enemies":"Sphere and 2 Shapes","floor":39.0,"turns":2.0},{"damage":0.0,"enemies":"Giant Head","floor":41.0,"turns":5.0},{"damage":0.0,"enemies":"Writhing Mass","floor":44.0,"turns":4.0},{"damage":0,"enemies":"Nemesis","floor":45,"turns":3},{"damage":15,"enemies":"Reptomancer","floor":47,"turns":5},{"damage":0,"enemies":"2 Orb Walkers","floor":48,"turns":2},{"damage":10,"enemies":"Donu and Deca","floor":50,"turns":8}],"seed_played":"2548582433451765545","potions_obtained":[{"floor":6.0,"key":"Swift Potion"},{"floor":11.0,"key":"FairyPotion"},{"floor":14.0,"key":"Strength Potion"},{"floor":21.0,"key":"LiquidMemories"},{"floor":22.0,"key":"Block Potion"},{"floor":23.0,"key":"Strength Potion"},{"floor":28.0,"key":"StancePotion"},{"floor":29.0,"key":"LiquidMemories"},{"floor":33.0,"key":"BlessingOfTheForge"},{"floor":35.0,"key":"SteroidPotion"},{"floor":41.0,"key":"SpeedPotion"},{"floor":44.0,"key":"AttackPotion"},{"floor":45,"key":"AttackPotion"},{"floor":47,"key":"Energy Potion"},{"floor":48,"key":"PowerPotion"}],"is_trial":false,"path_per_floor":["M","M","?","M","$","E","R","E","T","R","M","R","?","M","R","B",null,"M","$","M","M","M","E","R","?","T","E","M","M","E","T","R","B",null,"M","M","M","?","M","R","E","$","T","M","E","?","E","?","R","B",null],"character_chosen":"WATCHER","items_purchased":["SteroidPotion","Bag of Marbles","InkBottle","FlurryOfBlows","Lizard Tail"],"campfire_rested":0,"item_purchase_floors":[5,19,19,19,42],"current_hp_per_floor":[63,56,56,55,55,55,55,42,42,42,42,42,31,26,26,26,61,58,58,57,52,40,27,27,27,27,27,27,21,21,21,21,21,59,59,59,59,49,48,48,48,48,48,48,48,48,33,33,33,23],"gold":161,"neow_bonus":"BOSS_RELIC","is_daily":false,"chose_seed":false,"campfire_upgraded":8,"win_rate":0.0,"timestamp":1613738321,"path_taken":["M","?","?","M","$","E","R","E","T","R","M","R","?","M","R","BOSS","M","$","M","M","M","E","R","?","T","E","M","M","E","?","R","BOSS","M","M","M","?","M","R","E","$","T","M","E","?","E","?","R","BOSS"],"items_purchased_type":["Potion","Relic","Relic","Card","Relic"],"build_version":"2020-12-22","purchased_purges":2,"victory":true,"max_hp_per_floor":[72,72,72,72,72,72,72,72,72,72,72,72,72,72,72,72,72,72,72,72,72,72,72,72,72,72,72,72,72,72,72,72,72,72,72,72,72,72,72,72,72,72,72,72,72,72,72,72,72,72],"relic_stats":{"Lizard Tail":0,"counters":[29,92],"Ornamental Fan":[348],"Bronze Scales":[30],"Bag of Preparation":[30],"Art of War":[0],"Orichalcum":[0],"MawBank":132,"obtain_stats":[{"SacredBark":34,"Bag of Preparation":26,"Orichalcum":45,"Empty Cage":0,"MawBank":8,"White Beast Statue":27,"Du-Vu Doll":30,"Lizard Tail":42,"CaptainsWheel":48,"Ornamental Fan":6,"Bronze Scales":47,"Philosopher\u0027s Stone":17,"Bag of Marbles":19,"Red Mask":25,"Art of War":43,"Bottled Lightning":41,"PureWater":0,"Toxic Egg 2":31,"InkBottle":19,"Unceasing Top":23},{"SacredBark":19,"Bag of Preparation":14,"Orichalcum":26,"Empty Cage":0,"MawBank":5,"White Beast Statue":15,"Du-Vu Doll":18,"Lizard Tail":24,"CaptainsWheel":28,"Ornamental Fan":4,"Bronze Scales":27,"Philosopher\u0027s Stone":8,"Bag of Marbles":9,"Red Mask":14,"Art of War":24,"Bottled Lightning":24,"PureWater":0,"Toxic Egg 2":18,"InkBottle":9,"Unceasing Top":13},{"SacredBark":58,"Bag of Preparation":43,"Orichalcum":77,"Empty Cage":0,"MawBank":17,"White Beast Statue":46,"Du-Vu Doll":53,"Lizard Tail":70,"CaptainsWheel":84,"Ornamental Fan":11,"Bronze Scales":82,"Philosopher\u0027s Stone":27,"Bag of Marbles":30,"Red Mask":43,"Art of War":70,"Bottled Lightning":70,"PureWater":0,"Toxic Egg 2":53,"InkBottle":30,"Unceasing Top":42}],"InkBottle":[28],"Unceasing Top":[1]},"card_choices":[{"not_picked":["FlyingSleeves","CutThroughFate"],"picked":"SashWhip","floor":1.0},{"not_picked":["ForeignInfluence","MentalFortress"],"picked":"FlurryOfBlows","floor":2.0},{"not_picked":["ThirdEye","Fasting2"],"picked":"Consecrate","floor":4.0},{"not_picked":["JustLucky","Nirvana","Evaluate"],"picked":"SKIP","floor":6.0},{"not_picked":["Devotion","Consecrate","SignatureMove"],"picked":"SKIP","floor":8.0},{"not_picked":["WaveOfTheHand","ReachHeaven"],"picked":"CarveReality","floor":11.0},{"not_picked":["FlyingSleeves","BowlingBash"],"picked":"ThirdEye","floor":14.0},{"not_picked":["DeusExMachina","Omniscience"],"picked":"Scrawl","floor":16.0},{"not_picked":["SandsOfTime","ThirdEye"],"picked":"MentalFortress+1","floor":18.0},{"not_picked":["ClearTheMind","FollowUp"],"picked":"FearNoEvil+1","floor":20.0},{"not_picked":["BattleHymn","Halt","ThirdEye"],"picked":"SKIP","floor":21.0},{"not_picked":["WindmillStrike","CrushJoints"],"picked":"TalkToTheHand","floor":22.0},{"not_picked":["ForeignInfluence","Prostrate"],"picked":"Ragnarok","floor":23.0},{"not_picked":["FlyingSleeves","CrushJoints"],"picked":"Wallop","floor":25.0},{"not_picked":["FlurryOfBlows","JustLucky","ClearTheMind"],"picked":"SKIP","floor":27.0},{"not_picked":["DeceiveReality","FollowUp+1"],"picked":"WheelKick","floor":28.0},{"not_picked":["LikeWater","PathToVictory","Conclude"],"picked":"SKIP","floor":29.0},{"not_picked":["TalkToTheHand","EmptyFist"],"picked":"Tantrum","floor":30.0},{"not_picked":["Establishment","MasterReality"],"picked":"Blasphemy+1","floor":33.0},{"not_picked":["Prostrate+1","SignatureMove","Crescendo+1"],"picked":"SKIP","floor":35.0},{"not_picked":["Halt+1","WreathOfFlame+1","Study+1"],"picked":"SKIP","floor":36.0},{"not_picked":["Halt+1","WreathOfFlame+1","Study+1"],"picked":"SKIP","floor":36.0},{"not_picked":["WheelKick","BowlingBash+1","WreathOfFlame+1"],"picked":"SKIP","floor":37.0},{"not_picked":["Good Instincts+1","Enlightenment+1"],"picked":"Violence+1","floor":38.0},{"not_picked":["Dramatic Entrance","Impatience+1"],"picked":"Blind+1","floor":38.0},{"not_picked":["Prostrate+1","Vengeance+1"],"picked":"EmptyBody+1","floor":39.0},{"not_picked":["Consecrate","Weave"],"picked":"MentalFortress","floor":41.0},{"not_picked":["ClearTheMind+1","FlyingSleeves"],"picked":"Adaptation","floor":44.0},{"not_picked":["PathToVictory+1","CutThroughFate"],"picked":"Wireheading","floor":45},{"not_picked":["EmptyBody+1","Consecrate+1"],"picked":"Scrawl+1","floor":47}],"player_experience":1161421,"relics_obtained":[{"floor":6.0,"key":"Ornamental Fan"},{"floor":8.0,"key":"MawBank"},{"floor":23.0,"key":"Unceasing Top"},{"floor":25.0,"key":"Red Mask"},{"floor":26.0,"key":"Bag of Preparation"},{"floor":27.0,"key":"White Beast Statue"},{"floor":30.0,"key":"Du-Vu Doll"},{"floor":31.0,"key":"Toxic Egg 2"},{"floor":41.0,"key":"Bottled Lightning"},{"floor":43.0,"key":"Art of War"},{"floor":45,"key":"Orichalcum"},{"floor":47,"key":"Bronze Scales"},{"floor":48,"key":"CaptainsWheel"}],"event_choices":[{"cards_removed":["Defend_P"],"damage_healed":0.0,"max_hp_gain":0.0,"max_hp_loss":0.0,"gold_gain":0.0,"event_name":"The Cleric","player_choice":"Card Removal","floor":3.0,"gold_loss":50.0,"damage_taken":0.0},{"damage_healed":0.0,"max_hp_gain":0.0,"max_hp_loss":0.0,"gold_gain":75.0,"event_name":"World of Goop","player_choice":"Gather Gold","floor":13.0,"gold_loss":0.0,"damage_taken":11.0},{"damage_healed":0.0,"max_hp_gain":0.0,"max_hp_loss":0.0,"gold_gain":0.0,"event_name":"Masked Bandits","player_choice":"Fought Bandits","floor":25.0,"gold_loss":0.0,"damage_taken":0.0},{"damage_healed":0.0,"max_hp_gain":0.0,"max_hp_loss":0.0,"gold_gain":0.0,"event_name":"SensoryStone","player_choice":"Memory 3","floor":38.0,"gold_loss":0.0,"damage_taken":10.0},{"cards_removed":["FlurryOfBlows"],"damage_healed":0,"gold_gain":0,"player_choice":"Removed Attack","damage_taken":0,"max_hp_gain":0,"max_hp_loss":0,"event_name":"Falling","floor":46,"gold_loss":0},{"damage_healed":0,"gold_gain":0,"player_choice":"Fight","damage_taken":0,"max_hp_gain":0,"max_hp_loss":0,"event_name":"Mysterious Sphere","floor":48,"gold_loss":0}],"is_beta":false,"boss_relics":[{"not_picked":["Calling Bell","Snecko Eye"],"picked":"Philosopher\u0027s Stone"},{"not_picked":["Black Star","Coffee Dripper"],"picked":"SacredBark"}],"items_purged_floors":[19,42],"is_endless":false,"potions_floor_spawned":[6,11,14,21,22,23,28,29,30,33,35,36,37,39,41,44,45,47,48],"ascension_level":12}}