{"host":"sav7uxregyirlf69","time":1613706728,"event":{"mods":["AchievementEnabler","BaseMod","Colored Map","DeckTracker","Keyboard Shortcuts","Minty Spire (QoL Compilation)","READ ME - Guardian Mod","StSLib","SuperFastMode"],"gold_per_floor":[109,109,123,173,186,202,216,216,242,242,277,277,125,135,135,213,213,231,231,231,48,75,75,75],"floor_reached":23,"language":"KOR","playtime":400,"items_purged":["Pain","Strike_B"],"score":378,"play_id":"d389ed9c-d514-463c-8fe1-78bd30fe4a5d","local_time":"20210219125208","is_ascension_mode":true,"campfire_choices":[{"data":"Sunder","floor":10,"key":"SMITH"},{"data":"Coolheaded","floor":12,"key":"SMITH"},{"data":"Double Energy","floor":15,"key":"SMITH"}],"circlet_count":0,"master_deck":["AscendersBane","Strike_B","Defend_B","Defend_B","Defend_B","Zap","Dualcast","Sunder+1","Coolheaded+1","Undo","Double Energy+1","Electrodynamics","Thunder Strike+1","Glacier+1","Rip and Tear+1","Hologram","Ghostly","Ghostly","Ghostly","Defragment","Defragment"],"relics":["Cracked Core","Bag of Preparation","WarpedTongs","Pen Nib","Boot","Astrolabe"],"acts_visited":["Exordium","TheCity"],"potions_floor_usage":[11],"damage_taken":[{"damage":1,"enemies":"Small Slimes","floor":1,"turns":3},{"damage":1,"enemies":"Cultist","floor":3,"turns":4},{"damage":0,"enemies":"2 Louse","floor":5,"turns":1},{"damage":4,"enemies":"Exordium Wildlife","floor":6,"turns":4},{"damage":2,"enemies":"3 Louse","floor":7,"turns":3},{"damage":16,"enemies":"Lagavulin","floor":11,"turns":5},{"damage":0,"enemies":"Blue Slaver","floor":14,"turns":6},{"damage":40,"enemies":"Slime Boss","floor":16,"turns":10},{"damage":0,"enemies":"3 Byrds","floor":18,"turns":2},{"damage":40,"enemies":"Book of Stabbing","floor":23,"turns":9}],"seed_played":"-4766550722601655785","potions_obtained":[{"floor":6,"key":"SteroidPotion"},{"floor":7,"key":"Weak Potion"}],"is_trial":false,"path_per_floor":["M","?","M","?","M","M","M","?","T","R","E","R","$","M","R","B",null,"M","?","?","$","T","E"],"character_chosen":"DEFECT","items_purchased":["Double Energy","Defragment"],"campfire_rested":0,"item_purchase_floors":[13,21],"current_hp_per_floor":[63,68,67,67,67,63,61,61,61,61,45,45,45,45,45,5,58,58,38,38,38,38,0,0],"gold":75,"neow_bonus":"RANDOM_COMMON_RELIC","is_daily":false,"chose_seed":false,"campfire_upgraded":3,"win_rate":0.0,"timestamp":1613706728,"path_taken":["M","?","M","?","?","M","M","?","T","R","E","R","$","M","R","BOSS","M","?","?","$","?","E"],"items_purchased_type":["Card","Card"],"build_version":"2020-12-22","purchased_purges":2,"victory":false,"max_hp_per_floor":[71,76,76,76,76,76,76,76,76,76,76,76,76,76,76,76,76,76,38,38,38,38,38,38],"card_choices":[{"not_picked":["Go for the Eyes","Hologram"],"picked":"Sunder","floor":1},{"not_picked":["Compile Driver","Consume","Rebound"],"picked":"SKIP","floor":3},{"not_picked":["Streamline","Compile Driver","Barrage"],"picked":"SKIP","floor":5},{"not_picked":["Sweeping Beam","Rebound","Meteor Strike"],"picked":"SKIP","floor":6},{"not_picked":["Rebound","Go for the Eyes"],"picked":"Coolheaded","floor":7},{"not_picked":["Gash","Go for the Eyes"],"picked":"Undo","floor":11},{"not_picked":["Double Energy","Tempest","Rebound"],"picked":"SKIP","floor":14},{"not_picked":["Core Surge","Biased Cognition"],"picked":"Electrodynamics","floor":16},{"not_picked":["Auto Shields","Skim+1"],"picked":"Hologram","floor":18}],"player_experience":1616530,"relics_obtained":[{"floor":9,"key":"Pen Nib"},{"floor":11,"key":"Boot"}],"event_choices":[{"damage_healed":0,"gold_gain":0,"player_choice":"Donut","damage_taken":0,"max_hp_gain":5,"max_hp_loss":0,"event_name":"Big Fish","floor":2,"gold_loss":0},{"damage_healed":0,"gold_gain":50,"player_choice":"Pray","damage_taken":0,"max_hp_gain":0,"max_hp_loss":0,"event_name":"Golden Shrine","floor":4,"gold_loss":0},{"damage_healed":0,"gold_gain":0,"player_choice":"Rummage","damage_taken":0,"relics_obtained":["WarpedTongs"],"max_hp_gain":0,"max_hp_loss":0,"event_name":"Accursed Blacksmith","floor":8,"gold_loss":0,"cards_obtained":["Pain"]},{"damage_healed":0,"gold_gain":0,"player_choice":"Became a Ghost","damage_taken":0,"max_hp_gain":0,"max_hp_loss":38,"event_name":"Ghosts","floor":19,"gold_loss":0,"cards_obtained":["Ghostly","Ghostly","Ghostly"]},{"damage_healed":0,"gold_gain":0,"player_choice":"Read","damage_taken":0,"max_hp_gain":0,"max_hp_loss":0,"event_name":"The Library","floor":20,"gold_loss":0,"cards_obtained":["Defragment"]}],"is_beta":false,"boss_relics":[{"not_picked":["Calling Bell","Coffee Dripper"],"picked":"Astrolabe"}],"items_purged_floors":[13,21],"is_endless":false,"potions_floor_spawned":[6,7],"killed_by":"Book of Stabbing","ascension_level":20}}