{"host":"9tzam4717zt8ei1o","time":1613740492,"event":{"mods":["BaseMod","Colored Map","Keyboard Shortcuts","Minty Spire (QoL Compilation)","Quick Restart","StSLib","SuperFastMode"],"gold_per_floor":[110,110,128,138,138,166,182,194,217,229,75,75,86,86,86,86,86],"floor_reached":16,"language":"KOR","playtime":262,"items_purged":["Strike_G"],"score":187,"play_id":"f869bea2-1d9c-40ed-900b-c0d7d7028744","local_time":"20210219221452","is_ascension_mode":true,"campfire_choices":[{"data":"Underhanded Strike","floor":12.0,"key":"SMITH"},{"data":"Noxious Fumes","floor":15.0,"key":"SMITH"}],"circlet_count":0,"master_deck":["AscendersBane","Strike_G","Strike_G","Strike_G","Defend_G","Defend_G","Defend_G","Defend_G","Defend_G","Survivor","Neutralize","Dagger Throw","Poisoned Stab","Underhanded Strike+1","Tools of the Trade","Backflip","Noxious Fumes+1"],"relics":["Ring of the Snake","NeowsBlessing","Eternal Feather","Blood Vial","Mummified Hand"],"acts_visited":["Exordium"],"potions_floor_usage":[16,16],"damage_taken":[{"damage":0.0,"enemies":"2 Louse","floor":1.0,"turns":1.0},{"damage":0.0,"enemies":"Cultist","floor":3.0,"turns":1.0},{"damage":0.0,"enemies":"Jaw Worm","floor":4.0,"turns":1.0},{"damage":22.0,"enemies":"Lagavulin","floor":6.0,"turns":5.0},{"damage":9.0,"enemies":"Exordium Wildlife","floor":7.0,"turns":4.0},{"damage":16.0,"enemies":"3 Louse","floor":8.0,"turns":3.0},{"damage":9.0,"enemies":"Blue Slaver","floor":10.0,"turns":5.0},{"damage":14.0,"enemies":"Exordium Thugs","floor":13.0,"turns":5.0},{"damage":32,"enemies":"Slime Boss","floor":16,"turns":8}],"seed_played":"4405647362269671552","potions_obtained":[{"floor":2.0,"key":"FairyPotion"},{"floor":2.0,"key":"Poison Potion"},{"floor":6.0,"key":"Fire Potion"},{"floor":10.0,"key":"Swift Potion"}],"is_trial":false,"path_per_floor":["M","?","M","M","?","E","M","M","T","M","$","R","M","T","R","B"],"character_chosen":"THE_SILENT","items_purchased":["Noxious Fumes"],"campfire_rested":0,"item_purchase_floors":[11],"current_hp_per_floor":[59,59,59,59,52,30,21,5,5,18,18,27,15,15,24,0,0],"gold":86,"neow_bonus":"THREE_ENEMY_KILL","is_daily":false,"chose_seed":false,"campfire_upgraded":2,"win_rate":0.0,"timestamp":1613740492,"path_taken":["M","?","?","M","?","E","M","M","T","M","?","R","M","?","R","BOSS"],"items_purchased_type":["Card"],"build_version":"2020-12-22","purchased_purges":1,"victory":false,"max_hp_per_floor":[66,66,66,66,66,66,66,66,66,66,66,66,66,66,66,66,66],"card_choices":[{"not_picked":["Dagger Spray","Flying Knee"],"picked":"Dagger Throw","floor":1.0},{"not_picked":["Leg Sweep","PiercingWail"],"picked":"Poisoned Stab","floor":3.0},{"not_picked":["Dagger Throw","Quick Slash"],"picked":"Underhanded Strike","floor":4.0},{"not_picked":["Well Laid Plans","Unload"],"picked":"Tools of the Trade","floor":6.0},{"not_picked":["Escape Plan","Quick Slash"],"picked":"Backflip","floor":7.0},{"not_picked":["Dash","Endless Agony","Infinite Blades"],"picked":"SKIP","floor":8.0},{"not_picked":["Quick Slash","Expertise","Cloak And Dagger"],"picked":"SKIP","floor":10.0},{"not_picked":["Slice","Flying Knee","Skewer"],"picked":"SKIP","floor":13.0}],"player_experience":124671,"relics_obtained":[{"floor":6.0,"key":"Eternal Feather"},{"floor":9.0,"key":"Blood Vial"},{"floor":14.0,"key":"Mummified Hand"}],"event_choices":[{"damage_healed":0.0,"max_hp_gain":0.0,"max_hp_loss":0.0,"gold_gain":0.0,"event_name":"Lab","player_choice":"Got Potions","floor":2.0,"gold_loss":0.0,"damage_taken":0.0},{"cards_removed":["Strike_G"],"damage_healed":0.0,"max_hp_gain":0.0,"max_hp_loss":0.0,"gold_gain":0.0,"event_name":"Golden Wing","player_choice":"Card Removal","floor":5.0,"gold_loss":0.0,"damage_taken":7.0}],"is_beta":false,"boss_relics":[],"items_purged_floors":[11],"is_endless":false,"potions_floor_spawned":[6,7,8,10,13],"killed_by":"Slime Boss","ascension_level":16}}