{"host":"i2s4iw62z1dejrqn","time":1613747372,"event":{"mods":["AchievementEnabler","BaseMod","Minty Spire (QoL Compilation)","Random Character Button","SuperFastMode"],"gold_per_floor":[117,39,62,62,62,62,95,118,164,164,179,149,149,149],"floor_reached":13,"language":"KOR","playtime":414,"items_purged":[],"score":117,"play_id":"1d3e7d0b-7812-40c3-8755-57a0987371f4","local_time":"20210220000932","is_ascension_mode":true,"campfire_choices":[{"data":"Neutralize","floor":6,"key":"SMITH"},{"floor":10,"key":"REST"}],"circlet_count":0,"master_deck":["Strike_G","Strike_G","Strike_G","Strike_G","Strike_G","Defend_G","Defend_G","Defend_G","Defend_G","Defend_G","Survivor","Neutralize+1","A Thousand Cuts","Acrobatics","Bouncing Flask","Envenom","Backflip","Leg Sweep","Deadly Poison"],"relics":["Ring of the Snake","Golden Idol","Pantograph","Orichalcum"],"acts_visited":["Exordium"],"potions_floor_usage":[13],"damage_taken":[{"damage":0,"enemies":"Cultist","floor":1,"turns":4},{"damage":32,"enemies":"Gremlin Nob","floor":7,"turns":5},{"damage":1,"enemies":"Small Slimes","floor":8,"turns":4},{"damage":12,"enemies":"2 Louse","floor":11,"turns":5},{"damage":1,"enemies":"Looter","floor":12,"turns":4},{"damage":37,"enemies":"3 Sentries","floor":13,"turns":10}],"seed_played":"735090543391716001","potions_obtained":[{"floor":11,"key":"Dexterity Potion"}],"is_trial":false,"path_per_floor":["M","$","T","?","$","R","E","M","T","R","M","M","E"],"character_chosen":"THE_SILENT","items_purchased":["Bouncing Flask"],"campfire_rested":1,"item_purchase_floors":[2],"current_hp_per_floor":[63,63,63,63,63,63,31,30,30,49,37,36,0,0],"gold":149,"neow_bonus":"ONE_RANDOM_RARE_CARD","is_daily":false,"chose_seed":false,"campfire_upgraded":1,"win_rate":0.0,"timestamp":1613747372,"path_taken":["M","$","?","?","$","R","E","M","T","R","M","M","E"],"items_purchased_type":["Card"],"build_version":"2020-12-22","purchased_purges":0,"victory":false,"max_hp_per_floor":[70,70,70,65,65,65,65,65,65,65,65,65,65,65],"card_choices":[{"not_picked":["Bane","Infinite Blades"],"picked":"Acrobatics","floor":1},{"not_picked":["Heel Hook","Slice"],"picked":"Envenom","floor":7},{"not_picked":["Deflect","Backstab"],"picked":"Backflip","floor":8},{"not_picked":["Backflip","Bane"],"picked":"Leg Sweep","floor":11},{"not_picked":["Sucker Punch","Blade Dance"],"picked":"Deadly Poison","floor":12}],"player_experience":476576,"relics_obtained":[{"floor":7,"key":"Pantograph"},{"floor":9,"key":"Orichalcum"}],"event_choices":[{"damage_healed":0,"gold_gain":0,"player_choice":"Lose Max HP","damage_taken":0,"relics_obtained":["Golden Idol"],"max_hp_gain":0,"max_hp_loss":5,"event_name":"Golden Idol","floor":4,"gold_loss":0}],"is_beta":false,"boss_relics":[],"items_purged_floors":[],"is_endless":false,"potions_floor_spawned":[11],"killed_by":"3 Sentries","ascension_level":9}}