{"host":"toh0bbw446wnuexf","time":1613724189,"event":{"mods":["BaseMod","Downfall","Hermit","Minty Spire (QoL Compilation)","Random Character Button","Robot Space Explorer","StSLib"],"gold_per_floor":[118,118,118,130,145,172,182,198,198,198,218,218,143,153,153,254,254,267,167,178,178,194,194,194,194,194,194,209,209,219,219,219,314,314,333,346,396,411,411,411,423,423,423,436,450,450,168,168,168,168,168],"floor_reached":50,"language":"ENG","playtime":2592,"items_purged":["Zap","Strike_B","Turbo"],"score":513,"play_id":"fa7e850d-5f95-4968-91b3-3131d85938e4","local_time":"20210219214309","is_ascension_mode":true,"campfire_choices":[{"floor":10,"key":"REST"},{"floor":12,"key":"REST"},{"floor":15,"key":"REST"},{"floor":23,"key":"REST"},{"data":"Hyperbeam","floor":25,"key":"SMITH"},{"data":"Gash","floor":27,"key":"SMITH"},{"floor":32,"key":"REST"},{"floor":40,"key":"REST"},{"floor":42,"key":"REST"},{"floor":46,"key":"REST"},{"floor":49,"key":"REST"}],"circlet_count":0,"master_deck":["Strike_B","Defend_B","Defend_B","Defend_B","Defend_B","Beam Cell","Go for the Eyes","Hyperbeam+1","FTL","All For One","Gash+1","Core Surge","Gash+1"],"relics":["Cracked Core","Ancient Tea Set","Bronze Scales","sneckomod:SneckoTalon","PreservedInsect","MutagenicStrength","Nuclear Battery","Pocketwatch","White Beast Statue","Bag of Preparation"],"acts_visited":["Exordium","TheCity","TheBeyond"],"potions_floor_usage":[33,33,50],"damage_taken":[{"damage":1,"enemies":"Cultist","floor":1,"turns":3},{"damage":2,"enemies":"2 Louse","floor":4,"turns":3},{"damage":8,"enemies":"Jaw Worm","floor":5,"turns":4},{"damage":39,"enemies":"Lagavulin","floor":6,"turns":9},{"damage":16,"enemies":"Large Slime","floor":7,"turns":6},{"damage":3,"enemies":"Looter","floor":8,"turns":3},{"damage":4,"enemies":"Red Slaver","floor":11,"turns":2},{"damage":0,"enemies":"Exordium Thugs","floor":14,"turns":2},{"damage":57,"enemies":"Slime Boss","floor":16,"turns":9},{"damage":0,"enemies":"3 Byrds","floor":18,"turns":2},{"damage":17,"enemies":"Spheric Guardian","floor":20,"turns":4},{"damage":18,"enemies":"Centurion and Healer","floor":22,"turns":3},{"damage":35,"enemies":"Chosen and Byrds","floor":28,"turns":6},{"damage":1,"enemies":"3 Cultists","floor":30,"turns":4},{"damage":72,"enemies":"Automaton","floor":33,"turns":11},{"damage":13,"enemies":"3 Shapes","floor":35,"turns":2},{"damage":15,"enemies":"Orb Walker","floor":36,"turns":3},{"damage":19,"enemies":"Mind Bloom Boss Battle","floor":37,"turns":4},{"damage":23,"enemies":"4 Shapes","floor":38,"turns":3},{"damage":48,"enemies":"Maw","floor":41,"turns":6},{"damage":26,"enemies":"3 Darklings","floor":44,"turns":3},{"damage":18,"enemies":"Spire Growth","floor":45,"turns":3},{"damage":68,"enemies":"Time Eater","floor":50,"turns":6}],"seed_played":"8504655034665204175","potions_obtained":[{"floor":4,"key":"EssenceOfDarkness"},{"floor":7,"key":"sneckomod:MuddlingPotion"},{"floor":11,"key":"hexamod:SoulburnPotion"},{"floor":14,"key":"FairyPotion"},{"floor":22,"key":"Dexterity Potion"},{"floor":30,"key":"Block Potion"},{"floor":36,"key":"BlessingOfTheForge"},{"floor":37,"key":"Strength Potion"},{"floor":38,"key":"FairyPotion"},{"floor":44,"key":"PowerPotion"},{"floor":45,"key":"SpeedPotion"}],"is_trial":false,"path_per_floor":["M","?","?","M","M","E","M","M","T","R","M","R","$","M","R","B",null,"M","$","M","?","M","R","?","R","T","R","M","?","M","?","R","B",null,"M","M","?","M","?","R","M","R","T","M","M","R","$","?","R","B"],"character_chosen":"DEFECT","items_purchased":["Bag of Preparation"],"campfire_rested":9,"item_purchase_floors":[47],"current_hp_per_floor":[74,74,74,72,64,25,9,6,6,28,24,46,46,46,68,11,75,75,75,58,58,40,62,62,62,62,62,27,27,26,51,73,1,75,62,47,28,5,5,27,22,44,44,18,22,44,44,44,66,0,0],"gold":168,"neow_bonus":"REMOVE_CARD","is_daily":false,"chose_seed":false,"campfire_upgraded":2,"win_rate":0.0,"timestamp":1613724189,"path_taken":["M","?","?","?","M","E","M","M","T","R","M","R","$","M","R","BOSS","M","$","M","?","M","R","?","R","T","R","M","?","M","?","R","BOSS","M","M","?","M","?","R","M","R","T","M","?","R","$","?","R","BOSS"],"items_purchased_type":["Relic"],"build_version":"2020-12-22","purchased_purges":3,"victory":false,"max_hp_per_floor":[75,75,75,75,75,75,75,75,75,75,75,75,75,75,75,75,75,75,75,75,75,75,75,75,75,75,75,75,75,75,75,75,75,75,75,75,75,75,75,75,75,75,75,75,75,75,75,75,75,75,75],"card_choices":[{"not_picked":["Steam","Recycle"],"picked":"Beam Cell","floor":1},{"not_picked":["Doom and Gloom","Coolheaded"],"picked":"Go for the Eyes","floor":4},{"not_picked":["Melter","Cold Snap"],"picked":"Turbo","floor":5},{"not_picked":["Go for the Eyes","Rebound","Hologram"],"picked":"SKIP","floor":6},{"not_picked":["Steam","Redo","Hello World"],"picked":"SKIP","floor":7},{"not_picked":["Barrage","Chaos"],"picked":"Hyperbeam","floor":8},{"not_picked":["Go for the Eyes","Tempest"],"picked":"FTL","floor":11},{"not_picked":["Hologram","Self Repair","Force Field"],"picked":"SKIP","floor":14},{"not_picked":["Meteor Strike","Rainbow"],"picked":"All For One","floor":16},{"not_picked":["Rebound","Go for the Eyes"],"picked":"Gash","floor":18},{"not_picked":["Reinforced Body","Hologram+1","Blizzard+1"],"picked":"SKIP","floor":20},{"not_picked":["Stack+1","Sunder","Melter"],"picked":"SKIP","floor":22},{"not_picked":["Hologram","Barrage","Rebound+1"],"picked":"SKIP","floor":28},{"not_picked":["Barrage","Beam Cell","Sweeping Beam"],"picked":"SKIP","floor":30},{"not_picked":["Buffer","Multi-Cast"],"picked":"Core Surge","floor":33},{"not_picked":["Conserve Battery","Reinforced Body+1","Capacitor"],"picked":"SKIP","floor":35},{"not_picked":["Force Field","Barrage","Chill"],"picked":"SKIP","floor":36},{"not_picked":["Go for the Eyes+1","Recycle","Streamline"],"picked":"SKIP","floor":38},{"not_picked":["Cold Snap+1","Coolheaded+1"],"picked":"Gash+1","floor":41},{"not_picked":["Steam","Coolheaded","Darkness"],"picked":"SKIP","floor":44},{"not_picked":["Beam Cell+1","Doom and Gloom+1","Defragment"],"picked":"SKIP","floor":45}],"player_experience":710916,"relics_obtained":[{"floor":6,"key":"Ancient Tea Set"},{"floor":9,"key":"Bronze Scales"},{"floor":26,"key":"PreservedInsect"},{"floor":37,"key":"Pocketwatch"},{"floor":43,"key":"White Beast Statue"}],"event_choices":[{"damage_healed":0,"gold_gain":0,"player_choice":"Ignored","damage_taken":0,"max_hp_gain":0,"max_hp_loss":0,"event_name":"Liars Game","floor":2,"gold_loss":0},{"cards_removed":["Strike_B"],"damage_healed":0,"gold_gain":0,"player_choice":"Offered Basic","damage_taken":0,"max_hp_gain":0,"max_hp_loss":0,"event_name":"Bonfire Elementals","floor":3,"gold_loss":0},{"damage_healed":0,"gold_gain":0,"player_choice":"Ignored","damage_taken":0,"max_hp_gain":0,"max_hp_loss":0,"event_name":"Cursed Tome","floor":21,"gold_loss":0},{"damage_healed":0,"gold_gain":0,"player_choice":"Inject Mutagens","damage_taken":0,"relics_obtained":["MutagenicStrength"],"max_hp_gain":0,"max_hp_loss":0,"event_name":"Drug Dealer","floor":29,"gold_loss":0},{"damage_healed":25,"gold_gain":0,"player_choice":"Heal","damage_taken":0,"max_hp_gain":0,"max_hp_loss":0,"event_name":"The Library","floor":31,"gold_loss":0},{"damage_healed":0,"gold_gain":0,"player_choice":"Fight","damage_taken":0,"max_hp_gain":0,"max_hp_loss":0,"event_name":"MindBloom","floor":37,"gold_loss":0},{"damage_healed":0,"gold_gain":0,"player_choice":"Ignored","damage_taken":0,"max_hp_gain":0,"max_hp_loss":0,"event_name":"SecretPortal","floor":39,"gold_loss":0},{"cards_removed":["Strike_B"],"damage_healed":0,"gold_gain":0,"player_choice":"Removed Attack","damage_taken":0,"max_hp_gain":0,"max_hp_loss":0,"event_name":"Falling","floor":48,"gold_loss":0}],"is_beta":false,"boss_relics":[{"not_picked":["Velvet Choker","Cursed Key"],"picked":"sneckomod:SneckoTalon"},{"not_picked":["Astrolabe","Coffee Dripper"],"picked":"Nuclear Battery"}],"items_purged_floors":[13,19,47],"is_endless":false,"potions_floor_spawned":[4,7,11,14,20,22,30,36,37,38,44,45],"killed_by":"Time Eater","ascension_level":3}}