{"host":"amduk82rbaelv3uo","time":1613773305,"event":{"mods":["AchievementEnabler","BaseMod","BetterRewards","Colored Map","Colored Powertips","Defuse TimeMaze Blight","Downfall","Highlight Path","Infinite Spire","Minty Spire (QoL Compilation)","Permanent Neow","Quick Restart","Replay The Spire","StSLib"],"gold_per_floor":[213,226,226,226,241,271,201,230,230,241,241,81,81,91,91,186,186,197,209,209,209,209,209,239,239,239,239,255,255,255],"floor_reached":29,"language":"ENG","playtime":2390,"items_purged":[],"score":289,"play_id":"584eaecd-63af-43bb-9f78-c19c7e721df9","local_time":"20210219222145","is_ascension_mode":true,"campfire_choices":[{"data":"Fire Breathing","floor":11.0,"key":"SMITH"},{"data":"True Grit","floor":15.0,"key":"SMITH"},{"floor":23,"key":"REST"},{"floor":25,"key":"REST"},{"data":"ReplayTheSpireMod:Strike From Hell","floor":27,"key":"SMITH"}],"circlet_count":0,"master_deck":["Strike_R","Strike_R","Strike_R","Strike_R","Defend_R","Defend_R","Defend_R","Defend_R","Bash","Shrug It Off","Wild Strike","True Grit+1","Pummel","Fire Breathing+1","Twin Strike","Ghostly Armor","Fiend Fire","Impatience","Reaper","Bash","ReplayTheSpireMod:Strike From Hell+1","Exhume","Pot Of Greed","Pot Of Greed","Hallucinations","Clumsy","Pot Of Greed","Languid","Infernal Blade","True Grit+1","Exhume","ReplayTheSpireMod:Strike From Hell"],"relics":["Burning Blood","Bottled Lightning","Eternal Feather","Replay:Bottled Steam","Replay:Ancient Bell","Grinning Jar","InkBottle","Thread and Needle","Chameleon Ring","infinitespire:Bottled Soul"],"acts_visited":["Exordium","TheCity"],"potions_floor_usage":[19,29],"damage_taken":[{"damage":10.0,"enemies":"Small Slimes","floor":1.0,"turns":5.0},{"damage":2.0,"enemies":"Cultist","floor":2.0,"turns":4.0},{"damage":10.0,"enemies":"infinitespire:Voidling","floor":5.0,"turns":3.0},{"damage":30.0,"enemies":"Replay:BlueRogue","floor":6.0,"turns":10.0},{"damage":15.0,"enemies":"3 Sentries","floor":8.0,"turns":5.0},{"damage":15.0,"enemies":"Looter","floor":10.0,"turns":3.0},{"damage":40.0,"enemies":"Lots of Slimes","floor":14.0,"turns":5.0},{"damage":33.0,"enemies":"Hexaghost","floor":16.0,"turns":12.0},{"damage":27.0,"enemies":"Chosen","floor":18.0,"turns":5.0},{"damage":51,"enemies":"Spheric Guardian","floor":19,"turns":8},{"damage":69,"enemies":"Slavers","floor":24,"turns":6},{"damage":28,"enemies":"Snake Plant","floor":28,"turns":5},{"damage":36,"enemies":"Shelled Parasite and Fungi","floor":29,"turns":5}],"seed_played":"5115791267128630230","potions_obtained":[{"floor":2.0,"key":"SpeedPotion"},{"floor":8.0,"key":"Venom Potion"},{"floor":14.0,"key":"ElixirPotion"},{"floor":18.0,"key":"Ancient Potion"},{"floor":28,"key":"Guardian:BlockOnCardUsePotion"}],"is_trial":false,"path_per_floor":["M","M","?","$","M","E","$","E","T","M","R","$","?","M","R","B",null,"M","M","$","$","?","R","E","R","T","R","M","M"],"character_chosen":"IRONCLAD","items_purchased":["Fire Breathing","Fiend Fire"],"campfire_rested":2,"item_purchase_floors":[7,12],"current_hp_per_floor":[76,80,80,80,80,56,56,47,47,38,47,47,47,22,34,7,80,59,14,14,14,14,56,7,49,49,67,45,13,13],"gold":255,"neow_bonus":"HUNDRED_GOLD","is_daily":false,"chose_seed":false,"campfire_upgraded":3,"win_rate":0.0,"timestamp":1613773305,"path_taken":["M","M","?","$","?","E","?","E","T","M","R","$","?","M","R","BOSS","M","M","?","$","?","R","E","R","T","R","M","M"],"items_purchased_type":["Card","Card"],"build_version":"2020-12-22","purchased_purges":0,"victory":false,"max_hp_per_floor":[80,80,80,80,80,80,80,80,80,80,80,80,80,80,80,80,80,80,80,80,80,80,80,80,80,80,80,80,80,80],"card_choices":[{"not_picked":["Clothesline","Heavy Blade"],"picked":"Shrug It Off","floor":1.0},{"not_picked":["Cleave","Thunderclap"],"picked":"Wild Strike","floor":2.0},{"not_picked":["Armaments","Heavy Blade"],"picked":"True Grit","floor":5.0},{"not_picked":["Clothesline","Carnage"],"picked":"Pummel","floor":6.0},{"not_picked":["Brutality","Body Slam"],"picked":"Twin Strike","floor":8.0},{"not_picked":["Uppercut","Heavy Blade"],"picked":"Ghostly Armor","floor":10.0},{"not_picked":["Replay:Undeath\u0027s Touch","Rage"],"picked":"ReplayTheSpireMod:Strike From Hell","floor":14.0},{"not_picked":["Feed","Impervious"],"picked":"Exhume","floor":16.0},{"not_picked":["Normality","ReplayTheSpireMod:Faulty Equipment"],"picked":"Hallucinations","floor":17.0},{"not_picked":["downfall:Haunted","infinitespire:Pacifist"],"picked":"Clumsy","floor":17.0},{"not_picked":["ReplayTheSpireMod:Doomed","CurseOfTheBell"],"picked":"Languid","floor":17.0},{"not_picked":["Carnage","Heavy Blade"],"picked":"Infernal Blade","floor":18.0},{"not_picked":["Replay:Undeath\u0027s Touch","infinitespire:OneForAll"],"picked":"True Grit+1","floor":19},{"not_picked":["Thunderclap+1","Replay:Undeath\u0027s Touch"],"picked":"Exhume","floor":24},{"not_picked":["Fire Breathing","Shrug It Off"],"picked":"ReplayTheSpireMod:Strike From Hell","floor":28}],"player_experience":305974,"relics_obtained":[{"floor":6.0,"key":"Bottled Lightning"},{"floor":8.0,"key":"Eternal Feather"},{"floor":9.0,"key":"Replay:Bottled Steam"},{"floor":24,"key":"Chameleon Ring"},{"floor":26,"key":"infinitespire:Bottled Soul"}],"event_choices":[{"cards_removed":["Strike_R"],"damage_healed":0.0,"max_hp_gain":0.0,"max_hp_loss":0.0,"gold_gain":0.0,"event_name":"Purifier","player_choice":"Purged","floor":3.0,"gold_loss":0.0,"damage_taken":0.0},{"damage_healed":0.0,"max_hp_gain":0.0,"max_hp_loss":0.0,"gold_gain":0.0,"event_name":"Match and Keep!","player_choice":"3 cards matched","floor":13.0,"gold_loss":0.0,"damage_taken":0.0,"cards_obtained":["Impatience","Reaper","Bash"]}],"is_beta":false,"boss_relics":[{"not_picked":["Sozu","Kintsugi"],"picked":"Replay:Ancient Bell"},{"not_picked":["Red Skull","Replay:Mystery Machine"],"picked":"Grinning Jar"},{"not_picked":["ReplayTheSpireMod:Shallot","Ornamental Fan"],"picked":"InkBottle"},{"not_picked":["Old Coin","Replay:Kaleidoscope"],"picked":"Thread and Needle"}],"items_purged_floors":[],"is_endless":false,"potions_floor_spawned":[2,8,14,18,28],"killed_by":"Shelled Parasite and Fungi","ascension_level":3}}