{"host":"y9jgkjnf95sujozk","time":1613725889,"event":{"mods":["2.2 Compatiblity","AchievementEnabler","Act Like it!","BaseMod","BetterRewards","Block Reminder","Colored Map","Colored Powertips","Friendly Minions","Gensokyo","GifTheSpireLib","Hallownest","Hermit","Highlight Path","HololiveMod","Hubris","Infinite Spire","Jorbs\u0027s Wanderer Trilogy","Koishi","Marisa（霧雨　魔理沙）","Minty Spire (QoL Compilation)","Quick Restart","Random Character Button","Rare Cards Sparkle","Reimu（博??梦）","Remilia（蕾米莉?）","Replay The Spire","Shop Mod","StSLib","SuperFastMode","The Bug Knight","The Cursed","The Disciple","The Hierophant","The Jungle","The Runesmith","The Senshi","The Servant 0.9.4"],"gold_per_floor":[118,118,137,154,33,33,46,46,46,46,78,78,96,96,96,96,96,193,193,209,39,54,68,68,68,87,87,169,184,202,202,221,237,237,341,341,353,368,59,59,70,97,97,113,136,136,136,149,149,167,167,167],"floor_reached":53,"language":"ENG","playtime":1430,"items_purged":["Decay"],"score":1132,"play_id":"8e8f4a58-8899-4cd7-aa34-aa70d681ee54","local_time":"20210219101129","is_ascension_mode":true,"campfire_choices":[{"data":"Dagger Throw","floor":6.0,"key":"SMITH"},{"floor":8.0,"key":"REST"},{"data":"Calculated Gamble","floor":10.0,"key":"SMITH"},{"data":"Acrobatics","floor":17.0,"key":"SMITH"},{"floor":25,"key":"REST"},{"floor":27,"key":"REST"},{"floor":31,"key":"REST"},{"floor":34,"key":"REST"},{"floor":43,"key":"REST"},{"floor":47,"key":"REST"},{"floor":51,"key":"REST"}],"circlet_count":0,"master_deck":["Strike_G","Strike_G","Strike_G","Strike_G","Strike_G","Defend_G","Defend_G","Defend_G","Defend_G","Defend_G","Survivor","Neutralize","Dagger Throw","Quick Slash","Prepared","Predator+1","Tactician","Prepared","Dagger Throw+1","Calculated Gamble+1","ReplayTheSpireMod:Scrap Shanks","Acrobatics+1","Unload","AbeCurse","Underhanded Strike","Expertise","Expertise","Hidden Blade","Finisher","Underhanded Strike","Prepared","Backflip+1","Leg Sweep","Prepared","ReplayTheSpireMod:Shiv Toss","hubris:SlightOfHand","Phantasmal Killer","Endless Agony","Dagger Throw+1","Hidden Blade","Quick Slash","Endless Agony","Dramatic Entrance","Hallownest:curseDreamersLament","ReplayTheSpireMod:The Works+1","Wraith Form v2","Endless Agony+1","Crippling Poison+1","hubris:Fate","ReplayTheSpireMod:Scrap Shanks+1"],"relics":["Ring of the Snake","AntiCross","ReplayFunnel","Abe\u0027s Treasure","infinitespire:EmpoweringShard","Philosopher\u0027s Stone","Hallownest:BeastSealRelic","ReplayTheSpireMod:TigerMarble","RuthlessExorcism:ReiMu","TheAbacus","Fusion Hammer"],"acts_visited":["Exordium","TheCity","TheCity"],"potions_floor_usage":[32,35,35,35,42,52,52,52],"damage_taken":[{"damage":0.0,"enemies":"Jaw Worm","floor":1.0,"turns":5.0},{"damage":0.0,"enemies":"Cultist","floor":3.0,"turns":4.0},{"damage":4.0,"enemies":"infinitespire:Voidling","floor":4.0,"turns":3.0},{"damage":8.0,"enemies":"3 Louse","floor":7.0,"turns":4.0},{"damage":6.0,"enemies":"Gremlin Nob","floor":11.0,"turns":3.0},{"damage":11.0,"enemies":"Exordium Thugs","floor":13.0,"turns":2.0},{"damage":6.0,"enemies":"Fading Forest","floor":18.0,"turns":11.0},{"damage":9,"enemies":"3 Byrds","floor":20,"turns":4},{"damage":0,"enemies":"Shell Parasite","floor":22,"turns":3},{"damage":13,"enemies":"Shelled Parasite and Fungi","floor":23,"turns":3},{"damage":16,"enemies":"Cultist and Chosen","floor":26,"turns":5},{"damage":15,"enemies":"Snake Plant","floor":29,"turns":3},{"damage":5,"enemies":"Centurion and Healer","floor":30,"turns":3},{"damage":0,"enemies":"Sentry and Sphere","floor":32,"turns":3},{"damage":1,"enemies":"Shelled Parasite and Fungi","floor":33,"turns":3},{"damage":24,"enemies":"Collector","floor":35,"turns":7},{"damage":11,"enemies":"Hallownest:Shield_Heavy","floor":37,"turns":4},{"damage":0,"enemies":"Hallownest:3_Siblings","floor":38,"turns":3},{"damage":0,"enemies":"Hallownest:monsterPrimalAspid","floor":41,"turns":1},{"damage":58,"enemies":"Nightmare","floor":42,"turns":6},{"damage":0,"enemies":"Hallownest:2_Great","floor":44,"turns":1},{"damage":21,"enemies":"Hallownest:2_Wandering_and_1_Horned","floor":48,"turns":3},{"damage":0,"enemies":"Hallownest:Slobbering_and_Violent","floor":50,"turns":3},{"damage":20,"enemies":"Hallownest:Radiance","floor":52,"turns":5}],"seed_played":"-2597582550849171635","potions_obtained":[{"floor":4.0,"key":"Toxic Potion"},{"floor":11.0,"key":"Fruit Juice"},{"floor":13.0,"key":"Dexterity Potion"},{"floor":20,"key":"SteroidPotion"},{"floor":26,"key":"BlessingOfTheForge"},{"floor":30,"key":"Adrenaline Potion"},{"floor":33,"key":"ColorlessPotion"},{"floor":35,"key":"SpeedPotion"},{"floor":42,"key":"PowerPotion"},{"floor":44,"key":"Languid Potion"},{"floor":48,"key":"Dexterity Potion"}],"is_trial":false,"path_per_floor":["M","?","M","M","$","R","M","R","T","R","E","$","M","PTL","PTL","?","R","B",null,"M","$","M","M","?","R","M","R","T","M","M","R","M","M","R","B",null,"M","M","$","?","M","NM","R","M","T","?","R","M","AVR","M","R","B",null],"character_chosen":"THE_SILENT","items_purchased":["Dagger Throw","Quick Slash","Prepared","ReplayTheSpireMod:Speed Training","Dagger Throw","Expertise","Hidden Blade","Finisher","Hidden Blade","Quick Slash","Endless Agony","Dramatic Entrance"],"campfire_rested":8,"item_purchase_floors":[0,0,0,5,5,21,21,21,39,39,39,39],"current_hp_per_floor":[70,70,70,70,70,70,62,70,70,70,69,69,58,58,58,75,75,70,75,66,66,66,53,53,75,59,75,75,60,55,75,75,74,75,51,75,64,64,64,64,64,6,28,28,28,43,65,48,48,48,70,50],"gold":167,"neow_bonus":"","is_daily":false,"chose_seed":false,"campfire_upgraded":3,"win_rate":0.0,"timestamp":1613725889,"path_taken":["M","?","M","?","$","R","M","R","T","R","E","$","M","PTL","PTL","?","R","BOSS","M","$","M","?","?","R","M","R","T","M","M","R","M","M","R","BOSS","M","M","$","?","M","NM","R","M","T","?","R","M","AVR","?","R","BOSS"],"items_purchased_type":["Card","Card","Card","Card","Card","Card","Card","Card","Card","Card","Card","Card"],"build_version":"2020-12-22","purchased_purges":1,"victory":true,"max_hp_per_floor":[70,70,70,70,70,70,70,70,70,70,75,75,75,75,75,75,75,75,75,75,75,75,75,75,75,75,75,75,75,75,75,75,75,75,75,75,75,75,75,75,75,75,75,75,75,75,75,75,75,75,75,75],"card_choices":[{"not_picked":["Sucker Punch","Concentrate"],"picked":"Predator","floor":1.0},{"not_picked":["Backflip","ReplayTheSpireMod:Scrap Shanks"],"picked":"Tactician","floor":3.0},{"not_picked":["Blur","ReplayTheSpireMod:Speed Training"],"picked":"Prepared","floor":4.0},{"not_picked":["Underhanded Strike","Dodge and Roll"],"picked":"Calculated Gamble","floor":7.0},{"not_picked":["Die Die Die","Flying Knee"],"picked":"ReplayTheSpireMod:Scrap Shanks","floor":11.0},{"not_picked":["Deadly Poison","Crippling Poison"],"picked":"Acrobatics","floor":13.0},{"not_picked":["Night Terror","Corpse Explosion"],"picked":"Unload","floor":18.0},{"not_picked":["Deadly Poison+1","Sucker Punch"],"picked":"Underhanded Strike","floor":20},{"not_picked":["Dagger Spray","Finisher"],"picked":"Underhanded Strike","floor":22},{"not_picked":["Deflect","Blade Dance"],"picked":"Prepared","floor":23},{"not_picked":["Deflect","Well Laid Plans"],"picked":"Backflip+1","floor":26},{"not_picked":["Riddle With Holes","Fluid Movement"],"picked":"Leg Sweep","floor":29},{"not_picked":["Glass Knife","Escape Plan"],"picked":"Prepared","floor":30},{"not_picked":["Deadly Poison","Poisoned Stab"],"picked":"ReplayTheSpireMod:Shiv Toss","floor":32},{"not_picked":["Slice+1","Poisoned Stab+1"],"picked":"hubris:SlightOfHand","floor":33},{"not_picked":["ReplayTheSpireMod:From All Sides","Venomology"],"picked":"Phantasmal Killer","floor":35},{"not_picked":["PiercingWail+1","Blade Dance"],"picked":"Endless Agony","floor":37},{"not_picked":["Dodge and Roll","PiercingWail"],"picked":"Dagger Throw+1","floor":38},{"not_picked":["Blade Dance","Flying Knee+1"],"picked":"ReplayTheSpireMod:The Works+1","floor":41},{"not_picked":["Dagger Spray","Deflect"],"picked":"Wraith Form v2","floor":42},{"not_picked":["Terror+1","Flying Knee"],"picked":"Endless Agony+1","floor":44},{"not_picked":["Slice","PiercingWail+1"],"picked":"Crippling Poison+1","floor":48},{"not_picked":["Infinite Blades+1","Accuracy"],"picked":"ReplayTheSpireMod:Scrap Shanks+1","floor":50}],"player_experience":142274,"relics_obtained":[{"floor":9.0,"key":"AntiCross"},{"floor":11.0,"key":"ReplayFunnel"},{"floor":28,"key":"infinitespire:EmpoweringShard"},{"floor":42,"key":"ReplayTheSpireMod:TigerMarble"},{"floor":45,"key":"RuthlessExorcism:ReiMu"}],"event_choices":[{"damage_healed":0.0,"max_hp_gain":0.0,"max_hp_loss":0.0,"gold_gain":0.0,"event_name":"Upgrade Shrine","player_choice":"Upgraded","floor":2.0,"gold_loss":0.0,"damage_taken":0.0,"cards_upgraded":["Predator"]},{"cards_removed":["ReplayTheSpireMod:Speed Training"],"damage_healed":17.0,"max_hp_gain":0.0,"max_hp_loss":0.0,"gold_gain":0.0,"event_name":"Bonfire Elementals","player_choice":"Offered Uncommon","floor":16.0,"gold_loss":0.0,"damage_taken":0.0},{"damage_healed":0,"gold_gain":0,"player_choice":"Cursed","damage_taken":0,"max_hp_gain":0,"max_hp_loss":0,"event_name":"Wheel of Change","floor":24,"gold_loss":0,"cards_obtained":["Decay"]}],"is_beta":false,"boss_relics":[{"not_picked":["Velvet Choker","hubris:CrackedHourglass"],"picked":"Abe\u0027s Treasure"},{"not_picked":["SacredBark","Replay:Wanted Poster"],"picked":"Philosopher\u0027s Stone"}],"items_purged_floors":[39],"is_endless":false,"potions_floor_spawned":[4,11,13,20,26,30,33,35,42,44,48,50],"ascension_level":2}}