{"host":"rolltorest","time":1613770288,"event":{"mods":["BaseMod","Minty Spire (QoL Compilation)","Relic Stats","Slay the Relics Exporter","StSLib"],"gold_per_floor":[118,134,134,209,229,261,273,305,305,270,270,282,34,59,59,130,130,142,142,92,102,112,139,158,189,238,238,251,251,267,286,286,286,286],"floor_reached":33,"language":"ENG","playtime":1059,"items_purged":["Strike_P","Defend_P"],"score":818,"play_id":"aca1bce5-20c4-421b-8ec7-dd6c2ef46e12","local_time":"20210219133128","is_ascension_mode":true,"campfire_choices":[{"floor":11,"key":"REST"},{"data":"Eruption","floor":15,"key":"SMITH"},{"floor":27,"key":"REST"},{"floor":32,"key":"REST"}],"circlet_count":0,"master_deck":["AscendersBane","Defend_P","Defend_P","Defend_P","Eruption+1","Vigilance","BowlingBash","DeceiveReality","FearNoEvil","FlurryOfBlows","Sanctity","CutThroughFate","Consecrate","Indignation","Scrawl","Meditate+1","ReachHeaven+1","Adaptation+1","ThirdEye","MentalFortress","ClearTheMind+1","WaveOfTheHand","Crescendo","CutThroughFate"],"relics":["Sozu","Yang","Pen Nib","HornCleat","Tiny Chest","Membership Card","Oddly Smooth Stone","Astrolabe","PreservedInsect","Toy Ornithopter","Juzu Bracelet","Bottled Tornado"],"acts_visited":["Exordium","TheCity"],"potions_floor_usage":[],"damage_taken":[{"damage":0,"enemies":"Small Slimes","floor":1,"turns":2},{"damage":0,"enemies":"Jaw Worm","floor":2,"turns":3},{"damage":0,"enemies":"2 Louse","floor":5,"turns":3},{"damage":33,"enemies":"Lagavulin","floor":6,"turns":8},{"damage":10,"enemies":"Gremlin Gang","floor":7,"turns":2},{"damage":0,"enemies":"3 Sentries","floor":8,"turns":7},{"damage":0,"enemies":"3 Louse","floor":12,"turns":2},{"damage":16,"enemies":"Lagavulin","floor":14,"turns":3},{"damage":0,"enemies":"Hexaghost","floor":16,"turns":8},{"damage":2,"enemies":"2 Thieves","floor":18,"turns":3},{"damage":6,"enemies":"3 Byrds","floor":21,"turns":3},{"damage":10,"enemies":"Snake Plant","floor":22,"turns":3},{"damage":16,"enemies":"Gremlin Leader","floor":23,"turns":4},{"damage":0,"enemies":"Sentry and Sphere","floor":24,"turns":3},{"damage":0,"enemies":"Book of Stabbing","floor":25,"turns":4},{"damage":18,"enemies":"Snecko","floor":28,"turns":4},{"damage":24,"enemies":"Snake Plant","floor":30,"turns":2},{"damage":0,"enemies":"Chosen and Byrds","floor":31,"turns":6},{"damage":33,"enemies":"Champ","floor":33,"turns":7}],"seed_played":"8201935079082374514","potions_obtained":[],"is_trial":false,"path_per_floor":["M","M","?","?","M","E","M","E","T","?","R","M","$","E","R","B",null,"M","?","$","M","M","E","M","E","T","R","M","T","M","M","R","B"],"character_chosen":"WATCHER","items_purchased":["Membership Card","Indignation"],"campfire_rested":3,"item_purchase_floors":[13,13],"current_hp_per_floor":[61,61,56,45,45,12,2,2,2,19,39,39,39,23,23,23,57,55,55,55,49,39,23,23,23,23,43,25,25,1,1,21,0,0],"gold":286,"neow_bonus":"BOSS_RELIC","is_daily":false,"chose_seed":false,"campfire_upgraded":1,"win_rate":0.0,"timestamp":1613770288,"path_taken":["M","M","?","?","M","E","M","E","T","?","R","M","$","E","R","BOSS","M","?","$","M","M","E","?","E","T","R","M","?","M","M","R","BOSS"],"items_purchased_type":["Relic","Card"],"build_version":"2020-12-18","purchased_purges":2,"victory":false,"max_hp_per_floor":[68,68,68,68,68,68,68,68,68,68,68,68,68,68,68,68,68,68,68,68,68,68,68,68,68,68,68,68,68,68,68,68,68,68],"relic_stats":{"Sozu":10,"counters":[19,77],"Astrolabe":["Meditate","ReachHeaven","Adaptation"],"Yang":[200],"Tiny Chest":1,"Pen Nib":[18],"PreservedInsect":43,"Juzu Bracelet":0,"obtain_stats":[{"Astrolabe":17,"Oddly Smooth Stone":14,"Yang":3,"Pen Nib":6,"PreservedInsect":23,"Juzu Bracelet":26,"Bottled Tornado":29,"Sozu":0,"HornCleat":8,"Tiny Chest":9,"Membership Card":13,"PureWater":0,"Toy Ornithopter":25},{"Astrolabe":9,"Oddly Smooth Stone":8,"Yang":2,"Pen Nib":4,"PreservedInsect":13,"Juzu Bracelet":15,"Bottled Tornado":16,"Sozu":0,"HornCleat":6,"Tiny Chest":6,"Membership Card":7,"PureWater":0,"Toy Ornithopter":15},{"Astrolabe":38,"Oddly Smooth Stone":30,"Yang":5,"Pen Nib":16,"PreservedInsect":51,"Juzu Bracelet":58,"Bottled Tornado":62,"Sozu":0,"HornCleat":25,"Tiny Chest":25,"Membership Card":27,"PureWater":0,"Toy Ornithopter":58}],"Toy Ornithopter":0},"card_choices":[{"not_picked":["CrushJoints","Nirvana"],"picked":"BowlingBash","floor":1},{"not_picked":["Evaluate","ClearTheMind"],"picked":"DeceiveReality","floor":2},{"not_picked":["EmptyBody","ForeignInfluence"],"picked":"FearNoEvil","floor":5},{"not_picked":["SashWhip","ThirdEye"],"picked":"FlurryOfBlows","floor":6},{"not_picked":["ClearTheMind","ReachHeaven"],"picked":"Sanctity","floor":7},{"not_picked":["ForeignInfluence","MasterReality"],"picked":"CutThroughFate","floor":8},{"not_picked":["FlyingSleeves","Sanctity"],"picked":"Consecrate","floor":12},{"not_picked":["Consecrate","JustLucky","BowlingBash"],"picked":"SKIP","floor":14},{"not_picked":["Wish","DevaForm"],"picked":"Scrawl","floor":16},{"not_picked":["Evaluate","FlyingSleeves"],"picked":"ThirdEye","floor":18},{"not_picked":["WreathOfFlame","Perseverance","ForeignInfluence"],"picked":"SKIP","floor":21},{"not_picked":["InnerPeace","BattleHymn+1"],"picked":"MentalFortress","floor":22},{"not_picked":["Protect","PathToVictory"],"picked":"ClearTheMind+1","floor":23},{"not_picked":["Pray","ThirdEye"],"picked":"WaveOfTheHand","floor":24},{"not_picked":["Judgement","Vengeance"],"picked":"Crescendo","floor":25},{"not_picked":["EmptyBody","BowlingBash"],"picked":"CutThroughFate","floor":28},{"not_picked":["Crescendo","WreathOfFlame","SignatureMove"],"picked":"SKIP","floor":30},{"not_picked":["FlurryOfBlows","Evaluate","Pray"],"picked":"SKIP","floor":31}],"player_experience":2005480,"relics_obtained":[{"floor":6,"key":"Pen Nib"},{"floor":8,"key":"HornCleat"},{"floor":9,"key":"Tiny Chest"},{"floor":14,"key":"Oddly Smooth Stone"},{"floor":23,"key":"PreservedInsect"},{"floor":25,"key":"Toy Ornithopter"},{"floor":26,"key":"Juzu Bracelet"},{"floor":29,"key":"Bottled Tornado"}],"event_choices":[{"damage_healed":0,"gold_gain":0,"player_choice":"Success","damage_taken":5,"relics_obtained":["Yang"],"max_hp_gain":0,"max_hp_loss":0,"event_name":"Scrap Ooze","floor":3,"gold_loss":0},{"damage_healed":0,"gold_gain":75,"player_choice":"Gather Gold","damage_taken":11,"max_hp_gain":0,"max_hp_loss":0,"event_name":"World of Goop","floor":4,"gold_loss":0},{"damage_healed":17,"gold_gain":0,"player_choice":"Healed","damage_taken":0,"max_hp_gain":0,"max_hp_loss":0,"event_name":"The Cleric","floor":10,"gold_loss":35},{"damage_healed":0,"gold_gain":0,"player_choice":"Got Potions","damage_taken":0,"max_hp_gain":0,"max_hp_loss":0,"event_name":"Lab","floor":19,"gold_loss":0}],"is_beta":true,"boss_relics":[{"not_picked":["SacredBark","Cursed Key"],"picked":"Astrolabe"}],"items_purged_floors":[13,20],"is_endless":false,"potions_floor_spawned":[1,5,12,16,21,22,30,31],"killed_by":"Champ","ascension_level":20}}