{"host":"4qp30tywltrhkmjj","time":1613742569,"event":{"mods":["2.2 Compatiblity","AchievementEnabler","Act Like it!","Ascension Unlocker","Aspiration","BaseMod","Beaked The Cultist","Bestiary","Better Altar","Better Match","Better Note","Better Skull","Better Third Choice","BetterRewards","CCEM2","CapriCore","Challenge The Spire","Colored Map","Colored Powertips","Conjunction","Conspire","Defuse TimeMaze Blight","Displayed Cursed Tome","Downfall","EXCEPTION","Emptier Cage","Energized Spire","Exacting","Gold Saver","Halation","Highlight Path","Hubris","Infinite Spire","Jedi Mod","Lobotomy","LobotomyExtend","Minty Spire (QoL Compilation)","Poor People Problems","Replay The Spire","Reworked Bosses","Ruina","SacredBarkPlus","Shop Mod","Spicy Shops","Spire Arcade","StSLib","The Animator","The Blue Laboratory","Transform Curses","Uncapped","Unceasing Turn Reminder","Wandering Minibosses","Yuri Mod"],"gold_per_floor":[642,44,44,44,57,57,92,103,179,226,226,272,272,400,400,496,496,506,506,506,520,445,445,462,54,54,96,96,130,130,195,195,210,210,210],"floor_reached":34,"language":"ENG","playtime":3892,"items_purged":[],"score":412,"play_id":"286e5a50-7cba-4f61-956b-378a42421a9b","local_time":"20210219144929","is_ascension_mode":true,"campfire_choices":[{"data":"animator:Shalltear","floor":6.0,"key":"SMITH"},{"floor":11.0,"key":"RECALL"},{"data":"animator:FeridBathory","floor":23,"key":"SMITH"},{"data":"animator:Shalltear","floor":28,"key":"SMITH"},{"data":"ruina:Mimicry","floor":32,"key":"SMITH"}],"circlet_count":0,"master_deck":["ApocalypseBird","PunishingBird","LongBird","BigBird","animator:Strike_NoGameNoLife","animator:Defend_NoGameNoLife","animator:Strike","animator:Defend","animator:Defend","animator:DolaSchwi","animator:DolaCouronne","OSAHOGD","animator:Shalltear+1","animator:Vanir","Conjunction:Offense","Conjunction:Defense","FieryBird","animator:IzunaHatsuse+1","animator:Boros","Apotheosis+1","animator:ChaikaTrabant","animator:FeridBathory+1","animator:Azriel","Doubt","Bane","m_BronzeAgony","ReplayTheSpireMod:Necrosis","animator:Shalltear+1","animator:Hibiki+1","hubris:NaturalOne","ruina:Thirst","ruina:Mimicry+1","animator:Tet","CommonCold","animator:Sora+1","bronze:BronzeArmor","bronze:GetLatest"],"relics":["animator:LivingPicture","animator:TheMissingPiece","animator:PurgingStone","CogitoBucket","LetterFromLob","conspire:TreasureMap","beaked:ShinyBauble","hubris:Icosahedron","Conjunction:SoulLantern","Mummified Hand","ResearcherNote","Logging_r","hubris:RunicObelisk","animator:CursedGlyph","CCEMRelics:DerglesHeadphones","ChangeAnything","Golden Egg","Justitia_r","Lamp_r","hubris:DisguiseKit","ReplayTheSpireMod:Ring of Exchange","Ring of Peace","SolemnVow_r","Bag of Preparation","Adoration_r","Twilight"],"acts_visited":["Exordium","ruina:Briah"],"potions_floor_usage":[27,29,29],"damage_taken":[{"damage":2.0,"enemies":"Jaw Worm","floor":1.0,"turns":5.0},{"damage":0.0,"enemies":"Cultist","floor":5.0,"turns":6.0},{"damage":15.0,"enemies":"Replay:BlueRogue","floor":7.0,"turns":6.0},{"damage":0.0,"enemies":"2 Louse","floor":8.0,"turns":2.0},{"damage":14.0,"enemies":"Lagavulin","floor":10.0,"turns":9.0},{"damage":18.0,"enemies":"Looter","floor":12.0,"turns":5.0},{"damage":0.0,"enemies":"2 Fungi Beasts","floor":14.0,"turns":4.0},{"damage":27.0,"enemies":"Fading Forest","floor":16.0,"turns":11.0},{"damage":10.0,"enemies":"ruina:Nosferatu","floor":18.0,"turns":4.0},{"damage":41.0,"enemies":"ruina:2_Scarecrows","floor":21.0,"turns":7.0},{"damage":4,"enemies":"ruina:KingOfGreed","floor":24,"turns":7},{"damage":45,"enemies":"ruina:QueenOfHate","floor":27,"turns":12},{"damage":49,"enemies":"ruina:ServantOfWrath","floor":29,"turns":7},{"damage":13,"enemies":"ruina:Mountain","floor":31,"turns":11},{"damage":12,"enemies":"2 Fungi Beasts","floor":33,"turns":14},{"damage":54,"enemies":"ruina:Red_and_Wolf","floor":34,"turns":7}],"seed_played":"-3533389109097111928","potions_obtained":[{"floor":1.0,"key":"Venom Potion"},{"floor":4.0,"key":"AttackPotion"},{"floor":4.0,"key":"bronze:BurnAndBuffPotion"},{"floor":7.0,"key":"Adrenaline Potion"},{"floor":12.0,"key":"blueLaboratory:RememoryPotion"},{"floor":14.0,"key":"Flashbang"},{"floor":24,"key":"Block Potion"},{"floor":27,"key":"PowerPotion"}],"is_trial":false,"path_per_floor":["M","$","?","?","M","R","E","M","T","E","R","M","?","M","R_BF","B",null,"M","?","?","M","?","R","M","$","T","M","R","E","?","E","R_BF","M","B"],"character_chosen":"THE_ANIMATOR","items_purchased":["conspire:TreasureMap","animator:Shalltear","animator:Vanir","beaked:ShinyBauble","ruina:Thirst","ruina:Mimicry"],"campfire_rested":0,"item_purchase_floors":[2,2,2,2,25,25],"current_hp_per_floor":[46,46,46,46,46,46,31,31,31,17,17,12,12,18,37,35,66,56,56,56,21,21,33,35,35,35,13,25,6,6,27,39,33,0,0],"gold":210,"neow_bonus":"TWO_FIFTY_GOLD","is_daily":false,"chose_seed":false,"campfire_upgraded":4,"win_rate":0.0,"timestamp":1613742569,"path_taken":["M","$","?","?","?","R","E","M","T","E","R","M","?","M","R_BF","BOSS","M","?","?","?","?","R","M","$","T","M","R","E","?","E","R_BF","BOSS"],"items_purchased_type":["Relic","Card","Card","Relic","Card","Card"],"build_version":"2020-12-22","purchased_purges":0,"victory":false,"max_hp_per_floor":[66,66,66,66,66,66,66,66,66,66,66,66,66,66,66,66,66,62,62,62,62,62,62,62,62,62,62,62,63,63,63,63,63,63,63],"card_choices":[{"not_picked":["CrumblingArmor","WallGazer"],"picked":"OSAHOGD","floor":1.0},{"not_picked":["animator:MumenRider","animator:Vanir","animator:CrowleyEusford"],"picked":"SKIP","floor":1.0},{"not_picked":["FairyFestival","Scorched","SpiderBud"],"picked":"Singing Bowl","floor":5.0},{"not_picked":["animator:HighElfArcher","animator:Caster","animator:Yoichi"],"picked":"SKIP","floor":5.0},{"not_picked":["WallGazer","SpiderBud"],"picked":"FieryBird","floor":7.0},{"not_picked":["animator:Benimaru","animator:DolaCouronne","animator:ElricEdward"],"picked":"SKIP","floor":7.0},{"not_picked":["CherryBlossoms","VoidDream","Alriune"],"picked":"Singing Bowl","floor":8.0},{"not_picked":["ShyLook","WallGazer","Murderer"],"picked":"Singing Bowl","floor":10.0},{"not_picked":["animator:Rena","animator:Layla"],"picked":"animator:IzunaHatsuse","floor":10.0},{"not_picked":["animator:YuiTsuruno","animator:Illya"],"picked":"animator:Boros","floor":12.0},{"not_picked":["Porccubus","Bloodbath","NakedNest"],"picked":"Singing Bowl","floor":12.0},{"not_picked":["Wellcheers","VoidDream"],"picked":"Woodsman","floor":12.0},{"not_picked":["MeatLantern","Wellcheers","OldLady"],"picked":"Singing Bowl","floor":14.0},{"not_picked":["animator:Viivi","animator:Rider"],"picked":"animator:ChaikaTrabant","floor":14.0},{"not_picked":["animator:PinaCoLada","animator:Saitama"],"picked":"animator:FeridBathory","floor":16.0},{"not_picked":["Alriune","BeautyBeast"],"picked":"LongBird","floor":16.0},{"not_picked":["animator:Jibril","animator:DolaRiku"],"picked":"animator:Azriel","floor":18.0},{"not_picked":["Bloodbath","MHz","BlackArmy"],"picked":"Singing Bowl","floor":18.0},{"not_picked":["FairyFestival","LittlePrince","GalaxyChild"],"picked":"Singing Bowl","floor":21.0},{"not_picked":["animator:ShinjiMatou+1","animator:HiiragiShinya"],"picked":"animator:Shalltear","floor":21.0},{"not_picked":["animator:Emilia+1","animator:TakanashiRikka+1"],"picked":"animator:Hibiki+1","floor":22.0},{"not_picked":["HeroicMonk","CrumblingArmor"],"picked":"MeltingLove","floor":24},{"not_picked":["animator:Jibril","animator:Aqua","animator:Chris"],"picked":"SKIP","floor":24},{"not_picked":["BlueStar","BodiesMountain"],"picked":"BigBird","floor":27},{"not_picked":["animator:Hakurou","animator:Shigure+1","animator:Berserker"],"picked":"SKIP","floor":27},{"not_picked":["animator:DolaCouronne","animator:IzunaHatsuse"],"picked":"animator:Tet","floor":29},{"not_picked":["Yin","LittlePrince"],"picked":"Funeral","floor":29},{"not_picked":["animator:Cocytus","animator:Archer","bronze:Separator"],"picked":"animator:Sora","floor":31},{"not_picked":["animator:Gilgamesh","animator:Yoichi","animator:Shuna"],"picked":"bronze:BronzeArmor","floor":31},{"not_picked":["NakedNest","WhitesApple"],"picked":"PunishingBird","floor":31},{"not_picked":["Woodsman","RedShoes"],"picked":"CENSORED","floor":33},{"not_picked":["animator:ElricAlphonse+1","animator:EmiyaShirou","animator:Konayuki+1"],"picked":"bronze:GetLatest","floor":33}],"player_experience":563690,"relics_obtained":[{"floor":1.0,"key":"LetterFromLob"},{"floor":7.0,"key":"Conjunction:SoulLantern"},{"floor":10.0,"key":"Mummified Hand"},{"floor":18.0,"key":"animator:CursedGlyph"},{"floor":26,"key":"Golden Egg"},{"floor":29,"key":"hubris:DisguiseKit"},{"floor":30,"key":"ReplayTheSpireMod:Ring of Exchange"},{"floor":30,"key":"Ring of Peace"},{"floor":31,"key":"Bag of Preparation"},{"floor":33,"key":"Twilight"}],"event_choices":[{"damage_healed":0.0,"max_hp_gain":0.0,"max_hp_loss":0.0,"gold_gain":0.0,"event_name":"Lab","player_choice":"Got Potions","floor":4.0,"gold_loss":0.0,"damage_taken":0.0},{"damage_healed":12.0,"max_hp_gain":0.0,"max_hp_loss":66.0,"gold_gain":0.0,"event_name":"betterThird:BetterShining","player_choice":"Embrace","floor":13.0,"gold_loss":0.0,"damage_taken":0.0},{"damage_healed":0.0,"max_hp_gain":0.0,"max_hp_loss":0.0,"gold_gain":0.0,"event_name":"betterMatch:BetterMatch","player_choice":"2","floor":22.0,"gold_loss":0.0,"damage_taken":0.0,"cards_obtained":["betterMatch:UncommonCard","betterMatch:ColorlessRareCard"]}],"is_beta":false,"boss_relics":[{"not_picked":["beaked:MawFillet","ReplayTheSpireMod:DimensionalGlitch"],"picked":"hubris:RunicObelisk"}],"items_purged_floors":[],"is_endless":false,"potions_floor_spawned":[1,7,12,14,24,27],"killed_by":"ruina:Red_and_Wolf","ascension_level":1}}