{"host":"v5au5eh5ych42xnd","time":1613726032,"event":{"mods":["AchievementEnabler","AlwaysNeverKeys","BaseMod","Better Altar","Better Third Choice","Better-Laid Plans","BetterRewards","Colored Map","Colored Powertips","Curses Come First","Defuse TimeMaze Blight","Emptier Cage","Googly Eyes","Halation","Infinite Spire","Minty Spire (QoL Compilation)","Permanent Neow","Quick Restart","Relic Stats","Reliquary","Replay The Spire","Shop Mod","StSLib","SuperFastMode","Synergy Search","everything is the same but u backflip on backflip","slay the spire mod where everything is the same but ironclad has a cowboy hat"],"gold_per_floor":[114,128,128,140,140,140,173,173,173,173,189,203,203,253,253,348,448,462,462,478,478,478,509,509,556,581,581,581,601,601],"floor_reached":29,"language":"ENG","playtime":1123,"items_purged":[],"score":499,"play_id":"66e363e1-84bc-42a2-8e8b-19786de6ade0","local_time":"20210219101352","is_ascension_mode":true,"campfire_choices":[{"data":"Sword Boomerang","floor":6.0,"key":"SMITH"},{"data":"ReplayTheSpireMod:Stacked","floor":10.0,"key":"SMITH"},{"data":"Replay:Undeath\u0027s Touch","floor":13.0,"key":"SMITH"},{"data":"Clash","floor":15.0,"key":"SMITH"},{"data":"Berserk","floor":24.0,"key":"SMITH"},{"data":"Bite","floor":28,"key":"SMITH"}],"circlet_count":0,"master_deck":["AscendersBane","Defend_R+1","Defend_R+1","Defend_R+1","Defend_R+1","Bash+1","Replay:Undeath\u0027s Touch+1","Clash+1","Pain","Sword Boomerang+1","Pain","ReplayTheSpireMod:Stacked+1","Regret","Flex+1","Infernal Blade+1","Berserk+1","Ghostly Armor+1","Abandon+1","Bite+1","Bite","Bite","Bite","Bite","Twin Strike+1","ReplayTheSpireMod:Stacked+1","Writhe"],"relics":["Burning Blood","WarpedTongs","ReplayTheSpireMod:Ring of Exchange","Ring of Misfortune","Happy Flower","Durian","Toxic Egg 2","reliquary:Spinner","Replay:Wanted Poster","Replay:Bandana","halation:AfternoonTea","infinitespire:CheckeredPen"],"acts_visited":["Exordium","TheCity"],"potions_floor_usage":[],"damage_taken":[{"damage":10.0,"enemies":"Small Slimes","floor":1.0,"turns":4.0},{"damage":1.0,"enemies":"Cultist","floor":2.0,"turns":3.0},{"damage":18.0,"enemies":"2 Louse","floor":4.0,"turns":3.0},{"damage":22.0,"enemies":"Lagavulin","floor":7.0,"turns":4.0},{"damage":8.0,"enemies":"2 Fungi Beasts","floor":11.0,"turns":4.0},{"damage":10.0,"enemies":"Blue Slaver","floor":12.0,"turns":4.0},{"damage":41.0,"enemies":"Hexaghost","floor":16.0,"turns":13.0},{"damage":20.0,"enemies":"3 Byrds","floor":18.0,"turns":8.0},{"damage":13.0,"enemies":"2 Thieves","floor":20.0,"turns":4.0},{"damage":17.0,"enemies":"Book of Stabbing","floor":23.0,"turns":4.0},{"damage":9.0,"enemies":"3 Cultists","floor":25.0,"turns":6.0},{"damage":85,"enemies":"Gremlin Leader","floor":29,"turns":12}],"seed_played":"7104900341793006032","potions_obtained":[{"floor":1.0,"key":"FearPotion"},{"floor":7.0,"key":"Ancient Potion"},{"floor":16.0,"key":"infinitespire:BlackPotion"},{"floor":25.0,"key":"SpeedPotion"}],"is_trial":false,"path_per_floor":["M","M","?","M","?","R","E","?","T","R","M","M","R","T","R","B",null,"M","?","M","?","?","E","R","M","T","?","R","E"],"character_chosen":"IRONCLAD","items_purchased":[],"campfire_rested":0,"item_purchase_floors":[],"current_hp_per_floor":[68,73,73,61,61,61,45,50,50,50,48,44,44,44,44,9,66,52,52,45,45,45,42,42,53,53,53,53,0,0],"gold":601,"neow_bonus":"RANDOM_EVENT","is_daily":false,"chose_seed":false,"campfire_upgraded":6,"win_rate":0.0,"timestamp":1613726032,"path_taken":["M","M","?","?","?","R","E","?","T","R","M","M","R","?","R","BOSS","M","?","M","?","?","E","R","?","T","?","R","E"],"items_purchased_type":[],"build_version":"2020-12-22","purchased_purges":0,"victory":false,"max_hp_per_floor":[80,80,80,80,80,80,80,85,85,85,85,85,85,85,85,85,85,85,85,85,59,59,59,59,59,59,59,59,59,59],"relic_stats":{"Happy Flower":[18],"counters":[12,69],"obtain_stats":[{"Replay:Wanted Poster":17,"ReplayTheSpireMod:Ring of Exchange":5,"Replay:Bandana":23,"Happy Flower":7,"Ring of Misfortune":5,"Durian":8,"reliquary:Spinner":14,"halation:AfternoonTea":26,"infinitespire:CheckeredPen":27,"Toxic Egg 2":9,"Burning Blood":0,"WarpedTongs":3},{"Replay:Wanted Poster":7,"ReplayTheSpireMod:Ring of Exchange":3,"Replay:Bandana":10,"Happy Flower":4,"Ring of Misfortune":3,"Durian":4,"reliquary:Spinner":6,"halation:AfternoonTea":11,"infinitespire:CheckeredPen":11,"Toxic Egg 2":4,"Burning Blood":0,"WarpedTongs":2},{"Replay:Wanted Poster":35,"ReplayTheSpireMod:Ring of Exchange":10,"Replay:Bandana":51,"Happy Flower":14,"Ring of Misfortune":10,"Durian":14,"reliquary:Spinner":22,"halation:AfternoonTea":57,"infinitespire:CheckeredPen":57,"Toxic Egg 2":14,"Burning Blood":0,"WarpedTongs":7}],"Burning Blood":66,"WarpedTongs":[44]},"card_choices":[{"not_picked":["Warcry","Thunderclap"],"picked":"Replay:Undeath\u0027s Touch","floor":1.0},{"not_picked":["Pummel","Defy Death"],"picked":"Clash","floor":2.0},{"not_picked":["Cleave","Seeing Red"],"picked":"Sword Boomerang","floor":4.0},{"not_picked":["Heavy Blade","Anger"],"picked":"ReplayTheSpireMod:Stacked","floor":7.0},{"not_picked":["Sword Boomerang","Twin Strike"],"picked":"Flex+1","floor":11.0},{"not_picked":["Headbutt","Perfected Strike"],"picked":"Infernal Blade+1","floor":12.0},{"not_picked":["Corruption","Feed"],"picked":"Berserk","floor":16.0},{"not_picked":["Run Through","ReplayTheSpireMod:Limb From Limb"],"picked":"Ghostly Armor+1","floor":18.0},{"not_picked":["Wild Strike+1","Perfected Strike"],"picked":"Abandon+1","floor":20.0},{"not_picked":["ReplayTheSpireMod:Muscle Training+1","Perfected Strike+1"],"picked":"Twin Strike+1","floor":23.0},{"not_picked":["Clothesline+1","Pommel Strike"],"picked":"ReplayTheSpireMod:Stacked+1","floor":25.0}],"player_experience":773638,"relics_obtained":[{"floor":5.0,"key":"ReplayTheSpireMod:Ring of Exchange"},{"floor":5.0,"key":"Ring of Misfortune"},{"floor":7.0,"key":"Happy Flower"},{"floor":9.0,"key":"Toxic Egg 2"},{"floor":14.0,"key":"reliquary:Spinner"},{"floor":23.0,"key":"Replay:Bandana"},{"floor":26.0,"key":"halation:AfternoonTea"}],"event_choices":[{"damage_healed":0.0,"max_hp_gain":0.0,"max_hp_loss":0.0,"gold_gain":0.0,"event_name":"Living Wall","player_choice":"Grow","floor":0.0,"gold_loss":0.0,"damage_taken":0.0,"cards_upgraded":["Bash"]},{"damage_healed":0.0,"max_hp_gain":0.0,"max_hp_loss":0.0,"gold_gain":0.0,"event_name":"Accursed Blacksmith","player_choice":"Rummage","floor":3.0,"gold_loss":0.0,"damage_taken":0.0,"relics_obtained":["WarpedTongs"],"cards_obtained":["Pain"]},{"damage_healed":0.0,"max_hp_gain":0.0,"max_hp_loss":0.0,"gold_gain":0.0,"event_name":"Big Fish","player_choice":"Box","floor":8.0,"gold_loss":0.0,"damage_taken":0.0,"relics_obtained":["Durian"],"cards_obtained":["Regret"]},{"damage_healed":0.0,"max_hp_gain":0.0,"max_hp_loss":9.0,"gold_gain":0.0,"event_name":"betterThird:BetterWriting","player_choice":"Simplicity","floor":19.0,"gold_loss":0.0,"damage_taken":0.0},{"damage_healed":0.0,"max_hp_gain":0.0,"max_hp_loss":26.0,"gold_gain":0.0,"event_name":"Vampires","player_choice":"Became a vampire","floor":21.0,"gold_loss":0.0,"damage_taken":0.0,"cards_obtained":["Bite","Bite","Bite","Bite","Bite"]},{"damage_healed":0.0,"max_hp_gain":0.0,"max_hp_loss":0.0,"gold_gain":0.0,"event_name":"Lab","player_choice":"Got Potions","floor":22.0,"gold_loss":0.0,"damage_taken":0.0},{"damage_healed":0,"gold_gain":0,"player_choice":"Opened","damage_taken":0,"relics_obtained":["infinitespire:CheckeredPen"],"max_hp_gain":0,"max_hp_loss":0,"event_name":"The Mausoleum","floor":27,"gold_loss":0,"cards_obtained":["Writhe"]}],"is_beta":false,"boss_relics":[{"not_picked":["infinitespire:Burning Sword","halation:PeacePiece"],"picked":"Replay:Wanted Poster"}],"items_purged_floors":[],"is_endless":false,"potions_floor_spawned":[1,7,11,16,18,25],"killed_by":"Gremlin Leader","ascension_level":11}}