{"host":"j3dftr7v3bsikk26","time":1613721914,"event":{"mods":["AchievementEnabler","BaseMod","Bestiary","Better Note","Colored Map","Colored Powertips","Downfall","Minty Spire (QoL Compilation)","Relic Stats","StSLib"],"gold_per_floor":[99,99,173,173,173,203,228,258,258,270,282,282,282,608,627,732,732,732,751,761,761,778,778,805,805,705,705,718,718,718,750,763,867,867,767,780,780,780,780],"floor_reached":37,"language":"ENG","playtime":2117,"items_purged":[],"score":646,"play_id":"fad2e587-494a-4bbb-9b09-cc232beb7ecb","local_time":"20210219090514","is_ascension_mode":true,"campfire_choices":[{"data":"hexamod:Float","floor":1,"key":"SMITH"},{"data":"hexamod:HexaLevel","floor":9,"key":"SMITH"},{"data":"hexamod:GhostLash","floor":12,"key":"SMITH"},{"floor":18,"key":"RECALL"},{"data":"Bite","floor":26,"key":"SMITH"},{"data":"Bite","floor":30,"key":"SMITH"},{"data":"hexamod:ForkedFlame","floor":35,"key":"SMITH"}],"circlet_count":0,"master_deck":["hexamod:Sear","hexamod:Float+1","hexamod:HauntingEcho+1","hexamod:GhostShield","hexamod:HexaLevel+1","hexamod:NightmareStrike","hexamod:GhostLash+1","hexamod:FlamesFromBeyond","hexamod:FastForward","hexamod:FastForward+1","hexamod:FlameSwitch+1","hexamod:GhostOfSpireFuture+1","hexamod:Hexaguard+1","Bite+1","Bite+1","Bite","Bite","Bite","hexamod:RetreatToShadows","hexamod:Toasty","hexamod:AdvancingGuard+1","hexamod:ForkedFlame+1","hexamod:FlameSwitch","hexamod:RainOfEmbers","hexamod:SixthSeal","hexamod:Firestarter"],"relics":["hexamod:SpiritBrand","downfall:HeartsMalice","Sundial","Whetstone","PreservedInsect","Bag of Marbles","Old Coin","Empty Cage","Vajra","downfall:HeartBlessingRed","Slimebound:PreparedRelic","hexamod:SoulConsumer","Pandora\u0027s Box","downfall:HeartBlessingGreen"],"acts_visited":["Exordium","TheCity","TheBeyond"],"potions_floor_usage":[16,16,28,28,28,32,33,33],"damage_taken":[{"damage":0,"enemies":"Cultist","floor":2,"turns":1},{"damage":0,"enemies":"Jaw Worm","floor":4,"turns":1},{"damage":0,"enemies":"3 Sentries","floor":6,"turns":1},{"damage":7,"enemies":"Gremlin Nob","floor":8,"turns":3},{"damage":0,"enemies":"2 Louse","floor":10,"turns":1},{"damage":0,"enemies":"Exordium Thugs","floor":11,"turns":3},{"damage":0,"enemies":"Lagavulin","floor":14,"turns":3},{"damage":5,"enemies":"Lots of Slimes","floor":15,"turns":3},{"damage":16,"enemies":"DF_ARCHETYPE_STREAMLINE","floor":16,"turns":9},{"damage":11,"enemies":"Spheric Guardian","floor":19,"turns":4},{"damage":4,"enemies":"Chosen","floor":20,"turns":4},{"damage":17,"enemies":"Centurion and Healer","floor":22,"turns":6},{"damage":21,"enemies":"Snecko","floor":28,"turns":5},{"damage":0,"enemies":"Slavers","floor":31,"turns":4},{"damage":6,"enemies":"3 Cultists","floor":32,"turns":5},{"damage":66,"enemies":"IC_MUSHROOM_ARCHETYPE","floor":33,"turns":11},{"damage":18,"enemies":"3 Shapes","floor":36,"turns":4},{"damage":37,"enemies":"3 Darklings","floor":37,"turns":4}],"seed_played":"3929358675260127305","potions_obtained":[{"floor":6,"key":"LiquidBronze"},{"floor":10,"key":"ColorlessPotion"},{"floor":11,"key":"Block Potion"},{"floor":15,"key":"EntropicBrew"},{"floor":19,"key":"Dexterity Potion"},{"floor":28,"key":"ColorlessPotion"},{"floor":32,"key":"Strength Potion"},{"floor":33,"key":"Ancient Potion"},{"floor":36,"key":"SneckoOil"}],"is_trial":false,"path_per_floor":["R","M","T","M","?","E","T","E","R","M","M","R","?","E","M","B",null,"R","M","M","?","M","?","T","?","R","T","M","?","R","E","M","B",null,"R","M","M"],"character_chosen":"THE_SPIRIT","items_purchased":[],"campfire_rested":0,"item_purchase_floors":[],"current_hp_per_floor":[63,63,63,63,63,63,63,56,56,56,56,56,56,56,51,35,61,61,50,46,46,29,29,29,29,29,29,16,16,16,26,29,11,40,40,29,0,0,0],"gold":780,"neow_bonus":"THREE_ENEMY_KILL","is_daily":false,"chose_seed":false,"campfire_upgraded":6,"win_rate":0.0,"timestamp":1613721914,"path_taken":["R","M","?","?","?","E","T","E","R","M","M","R","?","E","M","BOSS","R","M","M","?","?","?","T","?","R","?","?","?","R","E","M","BOSS","R","M","M"],"items_purchased_type":[],"build_version":"2020-12-22","purchased_purges":0,"victory":false,"max_hp_per_floor":[70,70,70,70,70,70,70,70,70,70,70,70,70,70,70,70,70,70,70,70,70,70,70,70,49,49,49,49,49,49,49,49,49,49,49,49,49,49,49],"relic_stats":{"counters":[18,69],"Sundial":[10],"Pandora\u0027s Box":["hexamod:FlameSwitch","hexamod:RainOfEmbers","hexamod:SixthSeal","hexamod:Firestarter"],"PreservedInsect":90,"Whetstone":["hexamod:Strike","hexamod:HauntingEcho"],"obtain_stats":[{"downfall:HeartBlessingRed":26,"Vajra":24,"downfall:HeartsMalice":0,"downfall:HeartBlessingGreen":35,"PreservedInsect":7,"Whetstone":6,"Empty Cage":17,"Old Coin":14,"Sundial":3,"Pandora\u0027s Box":34,"Slimebound:PreparedRelic":27,"Bag of Marbles":8,"hexamod:SoulConsumer":31,"hexamod:SpiritBrand":0},{"downfall:HeartBlessingRed":12,"Vajra":12,"downfall:HeartsMalice":0,"downfall:HeartBlessingGreen":16,"PreservedInsect":3,"Whetstone":3,"Empty Cage":9,"Old Coin":7,"Sundial":1,"Pandora\u0027s Box":16,"Slimebound:PreparedRelic":12,"Bag of Marbles":4,"hexamod:SoulConsumer":14,"hexamod:SpiritBrand":0},{"downfall:HeartBlessingRed":36,"Vajra":36,"downfall:HeartsMalice":0,"downfall:HeartBlessingGreen":61,"PreservedInsect":0,"Whetstone":0,"Empty Cage":22,"Old Coin":10,"Sundial":0,"Pandora\u0027s Box":61,"Slimebound:PreparedRelic":36,"Bag of Marbles":3,"hexamod:SoulConsumer":45,"hexamod:SpiritBrand":0}]},"card_choices":[{"not_picked":["hexamod:RadiantFlame","hexamod:InspiringFlames"],"picked":"hexamod:HauntingEcho","floor":2},{"not_picked":["hexamod:InspiringFlames","hexamod:RetreatToShadows"],"picked":"hexamod:GhostShield","floor":4},{"not_picked":["hexamod:HauntingEcho","hexamod:AdvancingGuard"],"picked":"hexamod:HexaLevel","floor":6},{"not_picked":["hexamod:SpectralAdrenaline","hexamod:NightmareGuise"],"picked":"hexamod:NightmareStrike","floor":8},{"not_picked":["hexamod:SoulSteal","hexamod:SwordOfDarkness"],"picked":"hexamod:GhostLash","floor":10},{"not_picked":["hexamod:HeatShield","hexamod:BacktrackSmack"],"picked":"hexamod:FlamesFromBeyond","floor":11},{"not_picked":["hexamod:UnleashSpirits","hexamod:Haunt"],"picked":"hexamod:FastForward","floor":14},{"not_picked":["hexamod:HeatMetal","hexamod:Again"],"picked":"hexamod:FastForward","floor":15},{"not_picked":["hexamod:VolcanoVisage","hexamod:SearingWound"],"picked":"hexamod:FlameSwitch","floor":16},{"not_picked":["hexamod:GhostLash","hexamod:HauntingEcho+1"],"picked":"hexamod:GhostOfSpireFuture+1","floor":19},{"not_picked":["hexamod:SuperheatedStrike","hexamod:HauntingEcho","hexamod:Again"],"picked":"SKIP","floor":20},{"not_picked":["hexamod:HeatMetal","hexamod:Firestarter+1"],"picked":"hexamod:Hexaguard+1","floor":22},{"not_picked":["hexamod:ShieldOfDarkness","hexamod:InspiringFlames"],"picked":"hexamod:RetreatToShadows","floor":28},{"not_picked":["hexamod:BacktrackSmack+1","hexamod:SpectersWail"],"picked":"hexamod:Toasty","floor":31},{"not_picked":["hexamod:BacktrackSmack+1","hexamod:SpectralAdrenaline"],"picked":"hexamod:AdvancingGuard+1","floor":32},{"not_picked":["hexamod:TurnItUp","hexamod:Toasty"],"picked":"hexamod:ForkedFlame","floor":33},{"not_picked":["hexamod:GhostLash","hexamod:SwordOfDarkness","hexamod:ChargedBarrage"],"picked":"SKIP","floor":36}],"player_experience":1398890,"relics_obtained":[{"floor":3,"key":"Sundial"},{"floor":6,"key":"Whetstone"},{"floor":7,"key":"PreservedInsect"},{"floor":8,"key":"Bag of Marbles"},{"floor":14,"key":"Old Coin"},{"floor":24,"key":"Vajra"},{"floor":27,"key":"Slimebound:PreparedRelic"},{"floor":31,"key":"hexamod:SoulConsumer"}],"event_choices":[{"damage_healed":0,"gold_gain":0,"player_choice":"Forge","damage_taken":0,"max_hp_gain":0,"max_hp_loss":0,"event_name":"Accursed Blacksmith","floor":21,"gold_loss":0,"cards_upgraded":["hexamod:FlameSwitch"]},{"damage_healed":0,"gold_gain":0,"player_choice":"Became a vampire","damage_taken":0,"max_hp_gain":0,"max_hp_loss":21,"event_name":"Vampires","floor":25,"gold_loss":0,"cards_obtained":["Bite","Bite","Bite","Bite","Bite"]}],"is_beta":false,"boss_relics":[{"not_picked":["SlaversCollar","Coffee Dripper"],"picked":"Empty Cage"},{"not_picked":["SacredBark","Fusion Hammer"],"picked":"Pandora\u0027s Box"}],"items_purged_floors":[],"is_endless":false,"potions_floor_spawned":[6,10,11,15,19,28,32,33,36],"killed_by":"3 Darklings","ascension_level":6}}