{"host":"h7xtspmc2x3i8s2i","time":1613700362,"event":{"mods":["2.2 Compatiblity","AchievementEnabler","Act Like it!","AlwaysNeverKeys","Aspiration","Astrologer","BaseMod","Bestiary","Better Altar","Better Match","Better Note","Better Sensory Stone","Better Skull","Better Third Choice","Better Vampires","Better-Laid Plans","Colored Map","Colored Powertips","Conjunction","Curses Come First","Defuse TimeMaze Blight","Dio Mod","Disable Question Mark Monsters","Dota2Spire","Downfall","EXCEPTION","Emptier Cage","Energized Spire","Evolution","Friendly Minions","GifTheSpireLib","Gold Saver","Gremlin Skip","Halation","Hubris","Hyrulean Relics","Jedi Mod","Key Reminder","Marked Mod","Minty Spire (QoL Compilation)","Permanent Neow","Potion Indicator Mod","Quick Restart","Random Character Button","Random Character Mod","Rare Cards Sparkle","Relic Filter","Relic Stats","Reliquary","Replay The Spire","SacredBarkPlus","Shop Mod","Smile Girya","Somnambulant","Spicy Shops","Spikes Relics","Spire Birthday Party","StSLib","Steal the Spire","Stuff the Spire","SuperFastMode","The Awakened One except there are too many feathers","The Blue Laboratory","The Cursed","The Death Knight","The Edgeheg","The Problem Sleuth","The Runesmith","The Wild Card","Trackpad","Transform Curses","Uncapped","Unceasing Turn Reminder","Virulent Crown","Wide Potions","everything is the same but u backflip on backflip","slay the spire mod where everything is the same but ironclad has a cowboy hat"],"gold_per_floor":[1357,423,423,423,442,442,442,472,472,482,482,497,497,507,507,622,622,640,640,657,657,657,657,690,690,690,743,755,489,519,519,519,614,614,632,713,726,752,752,787,799,849,849,882,882,911,911,911,911,911,911,911,378,410,410],"floor_reached":56,"language":"ENG","playtime":3182,"items_purged":["theWildCard:BasicStrike","theWildCard:FinalHour"],"score":1736,"play_id":"92a460d4-ad44-4668-9ece-4de6bdc3362d","local_time":"20210218210602","is_ascension_mode":true,"campfire_choices":[{"floor":6,"key":"RECALL"},{"floor":11,"key":"REST"},{"floor":13,"key":"REST"},{"data":"theWildCard:Arsene","floor":15,"key":"SMITH"},{"floor":23,"key":"REST"},{"data":"theWildCard:Safeguard","floor":25,"key":"SMITH"},{"data":"theWildCard:EnergyTheft","floor":32,"key":"SMITH"},{"data":"theWildCard:StalwartBlade","floor":47,"key":"SMITH"},{"data":"theWildCard:PowerOfTheArcana","floor":49,"key":"SMITH"},{"data":"theWildCard:SeveringSlash","floor":52,"key":"SMITH"}],"circlet_count":0,"master_deck":["theWildCard:StalwartBlade+1","theWildCard:BasicStrike","theWildCard:BasicStrike","theWildCard:BasicDefend","theWildCard:BasicDefend","theWildCard:BasicDefend","theWildCard:BasicDefend","theWildCard:CallToAdventure","theWildCard:Arsene+1","theWildCard:LadyLuck+1","theWildCard:StingingStrike","theWildCard:Safeguard+1","theWildCard:BladeOfGenerations+1","theWildCard:PowerOfTheArcana+1","theWildCard:SeveringSlash+1","theWildCard:SeveringSlash","theWildCard:StingingStrike","theWildCard:Attunement+1","theWildCard:EnergyTheft+1","Secret Technique+1","theWildCard:Abstinence+1","theWildCard:SeveringSlash","theWildCard:SeveringSlash+1","theWildCard:TheArcanaUnleashed+1","theWildCard:FuelForTheFire+1","Jack Of All Trades","theWildCard:ArchaicAssault","theWildCard:MagicMettle+1"],"relics":["theWildCard:VelvetContract","EVO:Axolotl","Conjunction:StoneHearth","MerchantsRug","Durian","Toolbox","reliquary:ExpiredCoupon","reliquary:PrincelyHelmet","Frozen Egg 2","hubris:Reverence","Anchor","DeathKnight:PutricidesVial","reliquary:ThirdArm","aspiration:HummingbirdHeart","Pondfish Scales","TungstenRod","White Beast Statue","halation:TwoAmDonut","halation:EternalFortune","Unceasing Top","hubris:Towel","TheAbacus","hubris:EmptyBottle","halation:VictoryRuler"],"acts_visited":["Exordium","TheCity","TheBeyond","TheEnding"],"potions_floor_usage":[16,16,18,33,33,37,37,37,37,38,38,38,40,40,40,40,40,40,40,50,50,50,55,55,55,55],"damage_taken":[{"damage":5,"enemies":"Jaw Worm","floor":1,"turns":3},{"damage":0,"enemies":"Cultist","floor":5,"turns":3},{"damage":27,"enemies":"Lagavulin","floor":8,"turns":8},{"damage":0,"enemies":"Small Slimes","floor":10,"turns":2},{"damage":0,"enemies":"2 Fungi Beasts","floor":12,"turns":4},{"damage":0,"enemies":"3 Louse","floor":14,"turns":2},{"damage":0,"enemies":"Slime Boss","floor":16,"turns":7},{"damage":0,"enemies":"2 Thieves","floor":18,"turns":4},{"damage":0,"enemies":"Chosen","floor":20,"turns":4},{"damage":0,"enemies":"Slavers","floor":24,"turns":3},{"damage":0,"enemies":"Centurion and Healer","floor":28,"turns":8},{"damage":0,"enemies":"Book of Stabbing","floor":30,"turns":7},{"damage":0,"enemies":"Collector","floor":33,"turns":11},{"damage":0,"enemies":"Orb Walker","floor":35,"turns":4},{"damage":0,"enemies":"3 Darklings","floor":37,"turns":6},{"damage":0,"enemies":"Writhing Mass","floor":38,"turns":6},{"damage":0,"enemies":"Nemesis","floor":40,"turns":9},{"damage":0,"enemies":"Sphere and 2 Shapes","floor":41,"turns":6},{"damage":1,"enemies":"Mind Bloom Boss Battle","floor":42,"turns":7},{"damage":0,"enemies":"Giant Head","floor":44,"turns":4},{"damage":0,"enemies":"Nemesis","floor":46,"turns":5},{"damage":14,"enemies":"Time Eater","floor":50,"turns":13},{"damage":0,"enemies":"Shield and Spear","floor":54,"turns":6},{"damage":0,"enemies":"The Heart","floor":55,"turns":9}],"seed_played":"-8989573660707661781","potions_obtained":[{"floor":8,"key":"Dexterity Potion"},{"floor":14,"key":"blueLaboratory:ExaltedPotion"},{"floor":16,"key":"EssenceOfSteel"},{"floor":18,"key":"Ancient Potion"},{"floor":24,"key":"blueLaboratory:BottleOfRum"},{"floor":37,"key":"SteroidPotion"},{"floor":38,"key":"blueLaboratory:AbyssPotion"},{"floor":40,"key":"blueLaboratory:BottleOfVodka"},{"floor":46,"key":"jedi:holywater"},{"floor":54,"key":"EssenceOfSteel"}],"is_trial":false,"path_per_floor":["M","$","?","$","M","R","?","E","T","M","R","M","R","M","R_BF","B",null,"M","?","M","?","?","R","E","R","T","T","M","$","E","?","R","B",null,"M","T","M","M","?","E","M","?","T","E","?","E","R","?","R","B",null,"R","$","E","B",null],"character_chosen":"THE_WILD_CARD","items_purchased":["MerchantsRug","theWildCard:StingingStrike","theWildCard:Safeguard","Durian","Toolbox","Secret Technique","theWildCard:Abstinence+1","Jack Of All Trades","TheAbacus","theWildCard:ArchaicAssault","hubris:EmptyBottle"],"campfire_rested":3,"item_purchase_floors":[2,2,2,2,2,29,29,53,53,53,53],"current_hp_per_floor":[55,60,42,42,42,42,29,2,2,2,21,21,40,40,40,40,65,65,65,65,57,41,60,60,60,60,60,60,60,60,60,60,60,65,65,65,65,65,65,67,67,66,66,67,70,70,70,70,70,56,70,70,70,70,70],"gold":410,"neow_bonus":"NOSTALGIA","is_daily":false,"chose_seed":false,"campfire_upgraded":6,"win_rate":0.0,"timestamp":1613700362,"path_taken":["M","$","?","?","M","R","?","E","T","M","R","M","R","M","R_BF","BOSS","M","?","M","?","?","R","E","R","T","?","?","$","E","?","R","BOSS","M","?","M","M","?","E","?","?","T","E","?","E","R","?","R","BOSS","R","$","E","BOSS"],"items_purchased_type":["Relic","Card","Card","Relic","Relic","Card","Card","Card","Relic","Card","Relic"],"build_version":"2020-12-22","purchased_purges":2,"victory":true,"max_hp_per_floor":[60,65,65,65,65,65,65,65,65,65,65,65,65,65,65,65,65,65,65,65,65,65,65,65,65,65,65,65,65,65,65,65,65,65,65,65,65,65,65,67,67,67,67,67,70,70,70,70,70,70,70,70,70,70,70],"relic_stats":{"TheAbacus":[72],"counters":[24,141],"obtain_stats":[{"reliquary:PrincelyHelmet":8,"Conjunction:StoneHearth":0,"EVO:Axolotl":0,"hubris:EmptyBottle":53,"reliquary:ThirdArm":34,"reliquary:FerryPass":40,"TheAbacus":53,"Toolbox":2,"halation:VictoryRuler":54,"MerchantsRug":2,"aspiration:Nostalgia":0,"aspiration:HummingbirdHeart":36,"Frozen Egg 2":24,"hubris:Towel":48,"White Beast Statue":43,"keyreminder:keyreminder":6,"theWildCard:VelvetContract":0,"reliquary:ExpiredCoupon":3,"Anchor":27,"Pondfish Scales":41,"DeathKnight:PutricidesVial":30,"halation:EternalFortune":45,"Durian":2,"halation:TwoAmDonut":44,"TungstenRod":42,"Unceasing Top":46,"hubris:Reverence":26},{"reliquary:PrincelyHelmet":3,"Conjunction:StoneHearth":0,"EVO:Axolotl":0,"hubris:EmptyBottle":22,"reliquary:ThirdArm":13,"reliquary:FerryPass":17,"TheAbacus":22,"Toolbox":1,"halation:VictoryRuler":23,"MerchantsRug":1,"aspiration:Nostalgia":0,"aspiration:HummingbirdHeart":14,"Frozen Egg 2":10,"hubris:Towel":21,"White Beast Statue":19,"keyreminder:keyreminder":2,"theWildCard:VelvetContract":0,"reliquary:ExpiredCoupon":1,"Anchor":10,"Pondfish Scales":18,"DeathKnight:PutricidesVial":12,"halation:EternalFortune":20,"Durian":1,"halation:TwoAmDonut":20,"TungstenRod":19,"Unceasing Top":21,"hubris:Reverence":10},{"reliquary:PrincelyHelmet":14,"Conjunction:StoneHearth":0,"EVO:Axolotl":0,"hubris:EmptyBottle":126,"reliquary:ThirdArm":66,"reliquary:FerryPass":91,"TheAbacus":126,"Toolbox":3,"halation:VictoryRuler":132,"MerchantsRug":3,"aspiration:Nostalgia":0,"aspiration:HummingbirdHeart":70,"Frozen Egg 2":40,"hubris:Towel":113,"White Beast Statue":104,"keyreminder:keyreminder":6,"theWildCard:VelvetContract":0,"reliquary:ExpiredCoupon":3,"Anchor":40,"Pondfish Scales":97,"DeathKnight:PutricidesVial":55,"halation:EternalFortune":108,"Durian":3,"halation:TwoAmDonut":108,"TungstenRod":104,"Unceasing Top":113,"hubris:Reverence":40}],"TungstenRod":3,"Unceasing Top":[4]},"card_choices":[{"not_picked":["theWildCard:Sakuya","theWildCard:EnergizedStroke"],"picked":"theWildCard:LadyLuck","floor":1},{"not_picked":["theWildCard:Sakuya","theWildCard:ArcanaArtistry"],"picked":"theWildCard:BladeOfGenerations","floor":5},{"not_picked":["theWildCard:Unburden","theWildCard:Alice","theWildCard:MaskChange"],"picked":"SKIP","floor":8},{"not_picked":["theWildCard:Michael","theWildCard:Sakuya"],"picked":"theWildCard:PowerOfTheArcana","floor":10},{"not_picked":["theWildCard:EnergyTheft","theWildCard:Sakuya"],"picked":"theWildCard:SeveringSlash","floor":12},{"not_picked":["theWildCard:Patience","theWildCard:Ruination"],"picked":"theWildCard:SeveringSlash","floor":14},{"not_picked":["theWildCard:TheUniverse","theWildCard:Thanatos"],"picked":"theWildCard:FinalHour","floor":16},{"not_picked":["theWildCard:Michael","theWildCard:PaleRider"],"picked":"theWildCard:StingingStrike","floor":18},{"not_picked":["theWildCard:MaskChange","theWildCard:ManOfManyFaces","theWildCard:SacrificialStroke+1"],"picked":"SKIP","floor":20},{"not_picked":["theWildCard:Sakuya","theWildCard:Abstinence+1"],"picked":"theWildCard:Attunement+1","floor":24},{"not_picked":["theWildCard:Polydeuces","theWildCard:Providence+1"],"picked":"theWildCard:EnergyTheft","floor":28},{"not_picked":["theWildCard:Michael","theWildCard:Odin"],"picked":"theWildCard:SeveringSlash","floor":30},{"not_picked":["theWildCard:ArcanaArtistry+1","theWildCard:StalwartBlade+1","theWildCard:Metatron+1"],"picked":"SKIP","floor":35},{"not_picked":["theWildCard:Metatron","theWildCard:Michael+1","theWildCard:Loki+1"],"picked":"SKIP","floor":37},{"not_picked":["theWildCard:PowerOfTheArcana+1","theWildCard:Patience"],"picked":"theWildCard:SeveringSlash+1","floor":38},{"not_picked":["theWildCard:BladeOfGenerations+1","theWildCard:MagicMettle+1"],"picked":"theWildCard:TheArcanaUnleashed+1","floor":40},{"not_picked":["theWildCard:MagicalMight","theWildCard:Polydeuces","theWildCard:Impatience"],"picked":"SKIP","floor":41},{"not_picked":["theWildCard:SeveringSlash","theWildCard:Patience+1","theWildCard:Unburden"],"picked":"SKIP","floor":44},{"not_picked":["theWildCard:SeveringSlash+1","theWildCard:Unburden+1"],"picked":"theWildCard:FuelForTheFire+1","floor":46},{"not_picked":["theWildCard:Proficiency+1","theWildCard:Sakuya+1"],"picked":"theWildCard:MagicMettle+1","floor":54}],"player_experience":407832,"relics_obtained":[{"floor":8,"key":"reliquary:PrincelyHelmet"},{"floor":24,"key":"Frozen Egg 2"},{"floor":26,"key":"hubris:Reverence"},{"floor":27,"key":"Anchor"},{"floor":30,"key":"DeathKnight:PutricidesVial"},{"floor":36,"key":"aspiration:HummingbirdHeart"},{"floor":40,"key":"reliquary:FerryPass"},{"floor":41,"key":"Pondfish Scales"},{"floor":42,"key":"TungstenRod"},{"floor":43,"key":"White Beast Statue"},{"floor":44,"key":"halation:TwoAmDonut"},{"floor":46,"key":"Unceasing Top"},{"floor":54,"key":"halation:VictoryRuler"}],"event_choices":[{"damage_healed":0,"gold_gain":0,"player_choice":"Relic ","damage_taken":18,"max_hp_gain":0,"max_hp_loss":0,"event_name":"betterThird:BetterScrap","floor":3,"gold_loss":0,"cards_obtained":["Tempest"]},{"damage_healed":42,"gold_gain":0,"player_choice":"Upgrade","damage_taken":13,"max_hp_gain":0,"max_hp_loss":65,"event_name":"betterThird:BetterShining","floor":7,"gold_loss":0,"cards_upgraded":["theWildCard:LadyLuck","theWildCard:BladeOfGenerations"]},{"damage_healed":0,"gold_gain":0,"player_choice":"Obtained Book","damage_taken":16,"max_hp_gain":0,"max_hp_loss":0,"event_name":"Cursed Tome","floor":22,"gold_loss":0},{"damage_healed":0,"gold_gain":0,"player_choice":"Upgraded","damage_taken":0,"max_hp_gain":0,"max_hp_loss":0,"event_name":"Upgrade Shrine","floor":39,"gold_loss":0,"cards_upgraded":["Secret Technique"]},{"damage_healed":0,"gold_gain":0,"player_choice":"Fight","damage_taken":0,"max_hp_gain":0,"max_hp_loss":0,"event_name":"MindBloom","floor":42,"gold_loss":0}],"is_beta":false,"boss_relics":[{"not_picked":["Abe\u0027s Treasure","Cursed Key","reliquary:KinkedSpring"]},{"not_picked":["Empty Cage","halation:IncompleteEncyclopedia"],"picked":"reliquary:ThirdArm"}],"items_purged_floors":[2,53],"is_endless":false,"potions_floor_spawned":[8,14,16,18,24,37,38,40,44,46,54],"ascension_level":1}}