{"host":"ie50qk0ts9eskyyo","time":1613724584,"event":{"mods":["BaseMod","Colored Map","Downfall","Highlight Path","Hubris","Infinite Spire","Minty Spire (QoL Compilation)","Replay The Spire","StSLib","The Jungle"],"gold_per_floor":[109,109,59,79,94,94,104,104,158,355,58,58,58,73,73,173,173,191,191,191,191],"floor_reached":20,"language":"ENG","playtime":699,"items_purged":["Strike_P"],"score":162,"play_id":"d634c240-4cfb-449c-9434-4e7af180d426","local_time":"20210219034944","is_ascension_mode":false,"campfire_choices":[{"data":"Eruption","floor":6.0,"key":"SMITH"},{"data":"Replay:BluntJabs","floor":8.0,"key":"SMITH"},{"floor":15,"key":"REST"}],"circlet_count":0,"master_deck":["Strike_P","Strike_P","Strike_P","Defend_P","Defend_P","Defend_P+1","Eruption+1","Vigilance+1","Replay:BluntJabs+1","WindmillStrike","Writhe","bronze:Goto","Devotion","Panacea","infinitespire:Menacing","Replay:AtTheReady"],"relics":["infinitespire:Cupcake","Ice Cream","Smiling Mask","hubris:Metronome","Membership Card","hubris:PeanutButter","War Paint","ReplayTheSpireMod:SealedPack"],"acts_visited":["Exordium","TheCity"],"potions_floor_usage":[16],"damage_taken":[{"damage":0.0,"enemies":"Cultist","floor":1.0,"turns":2.0},{"damage":3.0,"enemies":"Jaw Worm","floor":4.0,"turns":3.0},{"damage":10.0,"enemies":"2 Louse","floor":5.0,"turns":2.0},{"damage":0.0,"enemies":"Exordium Wildlife","floor":7.0,"turns":2.0},{"damage":0,"enemies":"Looter","floor":14,"turns":1},{"damage":8,"enemies":"The Guardian","floor":16,"turns":7},{"damage":76,"enemies":"3 Byrds","floor":18,"turns":6},{"damage":73,"enemies":"Masked Bandits","floor":20,"turns":5}],"seed_played":"-2976775410125551337","potions_obtained":[{"floor":1.0,"key":"SteroidPotion"},{"floor":5.0,"key":"Dexterity Potion"},{"floor":7.0,"key":"FairyPotion"},{"floor":18,"key":"Dexterity Potion"}],"is_trial":false,"path_per_floor":["M","T","?","M","M","R","M","R","T","?","$","?","$","M","R","B",null,"M","?","?"],"character_chosen":"WATCHER","items_purchased":["hubris:Metronome","Membership Card","hubris:PeanutButter","War Paint"],"campfire_rested":1,"item_purchase_floors":[11,13,13,13],"current_hp_per_floor":[72,72,72,69,59,59,59,59,59,41,41,46,9,9,32,24,77,1,26,0,0],"gold":191,"neow_bonus":"BOSS_RELIC","is_daily":false,"chose_seed":false,"campfire_upgraded":2,"win_rate":0.0,"timestamp":1613724584,"path_taken":["M","?","?","M","M","R","M","R","T","?","$","?","?","M","R","BOSS","M","?","?"],"items_purchased_type":["Relic","Relic","Relic","Relic"],"build_version":"2020-12-22","purchased_purges":1,"victory":false,"max_hp_per_floor":[72,72,72,72,72,72,72,72,72,72,72,77,77,77,77,77,77,77,77,77,77],"card_choices":[{"not_picked":["SashWhip","FlurryOfBlows","Fasting2"],"picked":"SKIP","floor":1.0},{"not_picked":["FlurryOfBlows","CrushJoints","PathToVictory"],"picked":"SKIP","floor":4.0},{"not_picked":["Replay:ManipulateFuture","JustLucky","Study"],"picked":"SKIP","floor":5.0},{"not_picked":["EmptyBody","FlurryOfBlows"],"picked":"Replay:BluntJabs","floor":7.0},{"not_picked":["FollowUp","Replay:BluntJabs"],"picked":"WindmillStrike","floor":10.0},{"not_picked":["CrushJoints","Consecrate","Evaluate"],"picked":"SKIP","floor":14},{"not_picked":["Guardian:CurlUp","m_Survivalism"],"picked":"bronze:Goto","floor":17},{"not_picked":["Vault","Brilliance"],"picked":"Devotion","floor":17},{"not_picked":["Dark Shackles","Mind Blast"],"picked":"Panacea","floor":17},{"not_picked":["ReplayTheSpireMod:Black Plague","ReplayTheSpireMod:??????????????????????"],"picked":"infinitespire:Menacing","floor":17},{"not_picked":["Replay:ManipulateFuture","Collect+1"],"picked":"Replay:AtTheReady","floor":18}],"player_experience":37145,"relics_obtained":[{"floor":2.0,"key":"Ice Cream"},{"floor":9.0,"key":"Smiling Mask"}],"event_choices":[{"cards_removed":["Defend_P"],"damage_healed":0.0,"max_hp_gain":0.0,"max_hp_loss":0.0,"gold_gain":0.0,"event_name":"The Cleric","player_choice":"Card Removal","floor":3.0,"gold_loss":50.0,"damage_taken":0.0},{"damage_healed":0,"gold_gain":0,"player_choice":"Donut","damage_taken":0,"max_hp_gain":5,"max_hp_loss":0,"event_name":"Big Fish","floor":12,"gold_loss":0},{"damage_healed":25,"gold_gain":0,"player_choice":"Heal","damage_taken":0,"max_hp_gain":0,"max_hp_loss":0,"event_name":"The Library","floor":19,"gold_loss":0},{"damage_healed":0,"gold_gain":0,"player_choice":"Fought Bandits","damage_taken":0,"max_hp_gain":0,"max_hp_loss":0,"event_name":"Masked Bandits","floor":20,"gold_loss":0}],"is_beta":false,"boss_relics":[{"not_picked":["hubris:VirtuousBlindfold","Fusion Hammer"],"picked":"ReplayTheSpireMod:SealedPack"}],"items_purged_floors":[11],"is_endless":false,"potions_floor_spawned":[1,5,7,18],"killed_by":"Masked Bandits","ascension_level":0}}