{"host":"fbdlh90rovbiajun","time":1613714258,"event":{"mods":["AchievementEnabler","BaseMod","Colored Map","Keyboard Shortcuts","Minty Spire (QoL Compilation)","SuperFastMode"],"gold_per_floor":[111,111,124,142,67,67,82,82,108,283,309,309,320,270,270,367,367,386,48,48,48,67,67,84,84,109,109,159,173,188,188,188,188,188],"floor_reached":33,"language":"KOR","playtime":776,"items_purged":["Defend_P","Strike_P"],"score":245,"play_id":"fa123235-fd92-403b-ac09-693e3028a980","local_time":"20210219145738","is_ascension_mode":false,"campfire_choices":[{"data":"Eruption","floor":6,"key":"SMITH"},{"data":"FearNoEvil","floor":8,"key":"SMITH"},{"data":"Vigilance","floor":15,"key":"SMITH"},{"data":"Vault","floor":23,"key":"SMITH"},{"floor":25,"key":"REST"},{"floor":27,"key":"RECALL"},{"data":"CrushJoints","floor":32,"key":"SMITH"}],"circlet_count":0,"master_deck":["Strike_P","Strike_P+1","Defend_P+1","Eruption+1","Vigilance+1","FearNoEvil+1","Vault+1","Eruption+1","CrushJoints+1"],"relics":["PureWater","NeowsBlessing","Strawberry","Centennial Puzzle","Empty Cage","Frozen Egg 2","Bag of Marbles"],"acts_visited":["Exordium","TheCity"],"potions_floor_usage":[11,16,24,33,33],"damage_taken":[{"damage":0,"enemies":"Jaw Worm","floor":1,"turns":1},{"damage":0,"enemies":"Cultist","floor":3,"turns":1},{"damage":0,"enemies":"Small Slimes","floor":4,"turns":1},{"damage":2,"enemies":"Blue Slaver","floor":7,"turns":3},{"damage":26,"enemies":"3 Sentries","floor":11,"turns":4},{"damage":2,"enemies":"Large Slime","floor":13,"turns":4},{"damage":20,"enemies":"Hexaghost","floor":16,"turns":5},{"damage":42,"enemies":"2 Thieves","floor":18,"turns":4},{"damage":0,"enemies":"Spheric Guardian","floor":22,"turns":2},{"damage":4,"enemies":"Centurion and Healer","floor":24,"turns":3},{"damage":0,"enemies":"Snake Plant","floor":29,"turns":2},{"damage":12,"enemies":"3 Cultists","floor":30,"turns":3},{"damage":93,"enemies":"Automaton","floor":33,"turns":7}],"seed_played":"5729650347583347417","potions_obtained":[{"floor":1,"key":"Explosive Potion"},{"floor":11,"key":"SpeedPotion"},{"floor":13,"key":"AttackPotion"},{"floor":16,"key":"Block Potion"},{"floor":18,"key":"Explosive Potion"},{"floor":24,"key":"DuplicationPotion"}],"is_trial":false,"path_per_floor":["M","?","M","M","$","R","M","R","T","?","E","?","M","?","R","B",null,"M","$","?","?","M","R","M","R","T","R","?","M","M","$","R","B"],"character_chosen":"WATCHER","items_purchased":["Frozen Egg 2"],"campfire_rested":1,"item_purchase_floors":[19],"current_hp_per_floor":[72,72,72,72,72,72,70,70,77,77,51,35,33,33,33,13,79,37,37,37,37,37,37,33,56,56,56,56,56,44,44,44,0,0],"gold":188,"neow_bonus":"THREE_ENEMY_KILL","is_daily":false,"chose_seed":false,"campfire_upgraded":5,"win_rate":0.0,"timestamp":1613714258,"path_taken":["M","?","?","M","$","R","M","R","T","?","E","?","M","?","R","BOSS","M","$","?","?","M","R","?","R","T","R","?","M","M","?","R","BOSS"],"items_purchased_type":["Relic"],"build_version":"2020-12-22","purchased_purges":2,"victory":false,"max_hp_per_floor":[72,72,72,72,72,72,72,72,79,79,79,79,79,79,79,79,79,79,79,79,79,79,79,79,79,79,79,79,79,79,79,79,79,79],"card_choices":[{"not_picked":["Tantrum","Conclude","TalkToTheHand"],"picked":"SKIP","floor":1},{"not_picked":["BowlingBash","WindmillStrike","Study"],"picked":"SKIP","floor":3},{"not_picked":["Meditate","FollowUp"],"picked":"FearNoEvil","floor":4},{"not_picked":["Sanctity","FlurryOfBlows","Weave"],"picked":"SKIP","floor":7},{"not_picked":["Protect","Crescendo","Weave"],"picked":"SKIP","floor":11},{"not_picked":["ClearTheMind","DeceiveReality","JustLucky"],"picked":"SKIP","floor":13},{"not_picked":["MasterReality","LessonLearned"],"picked":"Vault","floor":16},{"not_picked":["ThirdEye","Evaluate","SashWhip+1"],"picked":"SKIP","floor":18},{"not_picked":["Worship+1","EmptyFist","Evaluate"],"picked":"SKIP","floor":22},{"not_picked":["Worship+1","EmptyFist","Evaluate"],"picked":"SKIP","floor":22},{"not_picked":["FlurryOfBlows","ThirdEye","Indignation+1"],"picked":"SKIP","floor":24},{"not_picked":["FlurryOfBlows","ThirdEye","Indignation+1"],"picked":"SKIP","floor":24},{"not_picked":["CutThroughFate","Wireheading+1"],"picked":"CrushJoints","floor":29},{"not_picked":["JustLucky","Collect","CutThroughFate"],"picked":"SKIP","floor":30}],"player_experience":85761,"relics_obtained":[{"floor":9,"key":"Strawberry"},{"floor":11,"key":"Centennial Puzzle"},{"floor":26,"key":"Bag of Marbles"}],"event_choices":[{"damage_healed":0,"gold_gain":0,"player_choice":"Full Heal","damage_taken":0,"max_hp_gain":0,"max_hp_loss":0,"event_name":"Wheel of Change","floor":2,"gold_loss":0},{"damage_healed":0,"gold_gain":175,"player_choice":"AGREE","damage_taken":0,"max_hp_gain":0,"max_hp_loss":0,"event_name":"Liars Game","floor":10,"gold_loss":0,"cards_obtained":["Doubt"]},{"damage_healed":0,"gold_gain":0,"player_choice":"Entered Light","damage_taken":16,"max_hp_gain":0,"max_hp_loss":0,"event_name":"Shining Light","floor":12,"gold_loss":0,"cards_upgraded":["Strike_P","Defend_P"]},{"cards_removed":["Doubt"],"damage_healed":0,"gold_gain":0,"player_choice":"Card Removal","damage_taken":0,"max_hp_gain":0,"max_hp_loss":0,"event_name":"The Cleric","floor":14,"gold_loss":50},{"cards_removed":["Defend_P"],"damage_healed":0,"gold_gain":0,"player_choice":"Elegance","damage_taken":0,"max_hp_gain":0,"max_hp_loss":0,"event_name":"Back to Basics","floor":20,"gold_loss":0},{"damage_healed":0,"gold_gain":0,"player_choice":"Copied","damage_taken":0,"max_hp_gain":0,"max_hp_loss":0,"event_name":"Duplicator","floor":21,"gold_loss":0,"cards_obtained":["Eruption"]},{"damage_healed":0,"gold_gain":100,"player_choice":"Bet on Murderer","damage_taken":0,"max_hp_gain":0,"max_hp_loss":0,"event_name":"The Joust","floor":28,"gold_loss":50}],"is_beta":false,"boss_relics":[{"not_picked":["Pandora\u0027s Box","Snecko Eye"],"picked":"Empty Cage"}],"items_purged_floors":[5,19],"is_endless":false,"potions_floor_spawned":[1,11,13,16,18,24,30],"killed_by":"Automaton","ascension_level":0}}