{"host":"u6zqw639dx96ufur","time":1613696792,"event":{"mods":["AchievementEnabler","Act Like it!","BaseMod","Conspire","Hubris","Hyrulean Relics","Minty Spire (QoL Compilation)","Reimu??????","Robot Space Explorer","StSLib","The Dragon Tamer","The Marked","The Runesmith"],"gold_per_floor":[109,121,121,121,121,151,151,151,151,151,177,177,188,206,206,305,305,323,334,154,174,194,225,103,103,126,140,140,140],"floor_reached":28,"language":"ENG","playtime":2708,"items_purged":[],"score":273,"play_id":"7bdc6ba1-776c-42e3-b401-c72a30757009","local_time":"20210218190632","is_ascension_mode":false,"campfire_choices":[{"data":"RobotSpaceExplorer:StarLightning","floor":8.0,"key":"SMITH"},{"data":"RobotSpaceExplorer:MiniLasers","floor":10.0,"key":"SMITH"},{"floor":15.0,"key":"REST"},{"floor":25.0,"key":"REST"}],"circlet_count":0,"master_deck":["RobotSpaceExplorer:Scan+1","RobotSpaceExplorer:MiniLasers+1","RobotSpaceExplorer:ScrapShield","RobotSpaceExplorer:StarLightning+1","RobotSpaceExplorer:SurgingStrike","RobotSpaceExplorer:ChargingLaser","RobotSpaceExplorer:DualCore","RobotSpaceExplorer:SurgingStrike","RobotSpaceExplorer:Arsenal","RobotSpaceExplorer:Autoloader","RobotSpaceExplorer:LaserBurst","RobotSpaceExplorer:StunGrenade","RobotSpaceExplorer:GlueShot","RobotSpaceExplorer:Reload","RobotSpaceExplorer:Arsenal","RobotSpaceExplorer:GearShield","RobotSpaceExplorer:Smokescreen+1","RobotSpaceExplorer:StunGrenade+1","RobotSpaceExplorer:FreezeRay","RobotSpaceExplorer:PowerGlove","RobotSpaceExplorer:PowerCollector+1","RobotSpaceExplorer:FrostMissile","RobotSpaceExplorer:IronShell","RobotSpaceExplorer:Scanner"],"relics":["RobotSpaceExplorer:RoboCore","NeowsBlessing","The Courier","hubris:DeckOfHolding","hubris:ToyBattleship","Pandora\u0027s Box","conspire:TreasureMap","Prayer Wheel","RobotSpaceExplorer:SlideRule"],"acts_visited":["Exordium","TheCity"],"potions_floor_usage":[],"damage_taken":[{"damage":0.0,"enemies":"Small Slimes","floor":1.0,"turns":1.0},{"damage":0.0,"enemies":"2 Louse","floor":2.0,"turns":1.0},{"damage":0.0,"enemies":"Gremlin Nob","floor":6.0,"turns":1.0},{"damage":17.0,"enemies":"Lagavulin","floor":11.0,"turns":6.0},{"damage":0.0,"enemies":"Cultist","floor":13.0,"turns":3.0},{"damage":0.0,"enemies":"2 Fungi Beasts","floor":14.0,"turns":3.0},{"damage":21.0,"enemies":"The Guardian","floor":16.0,"turns":11.0},{"damage":0.0,"enemies":"3 Byrds","floor":18.0,"turns":3.0},{"damage":15.0,"enemies":"Shell Parasite","floor":19.0,"turns":5.0},{"damage":10.0,"enemies":"Centurion and Healer","floor":21.0,"turns":6.0},{"damage":14.0,"enemies":"Cultist and Chosen","floor":22.0,"turns":6.0},{"damage":25.0,"enemies":"Book of Stabbing","floor":23.0,"turns":6.0},{"damage":0.0,"enemies":"hubris:Merchant","floor":24.0,"turns":1.0},{"damage":30.0,"enemies":"Shelled Parasite and Fungi","floor":27.0,"turns":4.0},{"damage":14,"enemies":"conspire:Head Lice","floor":28,"turns":1}],"seed_played":"2016538314516414152","potions_obtained":[{"floor":1.0,"key":"FearPotion"},{"floor":2.0,"key":"SteroidPotion"},{"floor":6.0,"key":"RobotSpaceExplorer:PlasmaFlask"},{"floor":18.0,"key":"Regen Potion"}],"is_trial":false,"path_per_floor":["M","M","$","?","$","E","?","R","T","R","E","?","M","M","R","B",null,"M","M","$","M","M","E","$","R","T","M","E"],"character_chosen":"RobotSpaceExplorer","items_purchased":["RobotSpaceExplorer:FreezeRay","conspire:TreasureMap","RobotSpaceExplorer:SlideRule"],"campfire_rested":2,"item_purchase_floors":[20,20,24],"current_hp_per_floor":[75,75,75,60,60,60,60,60,60,60,43,43,43,43,65,44,75,75,60,60,50,36,11,11,33,33,8,0,0],"gold":140,"neow_bonus":"THREE_ENEMY_KILL","is_daily":false,"chose_seed":false,"campfire_upgraded":2,"win_rate":0.0,"timestamp":1613696792,"path_taken":["M","M","$","?","$","E","?","R","T","R","E","?","M","M","R","BOSS","M","M","?","M","?","E","$","R","T","?","E"],"items_purchased_type":["Card","Relic","Relic"],"build_version":"2020-12-22","purchased_purges":0,"victory":false,"max_hp_per_floor":[75,75,75,75,75,75,75,75,75,75,75,75,75,75,75,75,75,75,75,75,75,75,75,75,75,75,75,75,75],"card_choices":[{"not_picked":["RobotSpaceExplorer:Fix","RobotSpaceExplorer:GlueShot"],"picked":"RobotSpaceExplorer:ScrapShield","floor":1.0},{"not_picked":["RobotSpaceExplorer:ShovelStrike","RobotSpaceExplorer:SwiftStep"],"picked":"RobotSpaceExplorer:StarLightning","floor":2.0},{"not_picked":["RobotSpaceExplorer:SelfCleaning","RobotSpaceExplorer:FrostMissile"],"picked":"RobotSpaceExplorer:SurgingStrike","floor":6.0},{"not_picked":["RobotSpaceExplorer:SlimeMissile","RobotSpaceExplorer:ShockKick"],"picked":"RobotSpaceExplorer:ChargingLaser","floor":11.0},{"not_picked":["RobotSpaceExplorer:RigExplosive","RobotSpaceExplorer:SurgingStrike"],"picked":"RobotSpaceExplorer:DualCore","floor":13.0},{"not_picked":["RobotSpaceExplorer:Blitz","RobotSpaceExplorer:SlimeMissile"],"picked":"RobotSpaceExplorer:SurgingStrike","floor":14.0},{"not_picked":["RobotSpaceExplorer:Explosion","RobotSpaceExplorer:Exploration"],"picked":"RobotSpaceExplorer:Arsenal","floor":16.0},{"not_picked":["RobotSpaceExplorer:ImprovisedAttack","RobotSpaceExplorer:RigExplosive"],"picked":"RobotSpaceExplorer:Smokescreen+1","floor":18.0},{"not_picked":["RobotSpaceExplorer:SlimeMissile","RobotSpaceExplorer:SurgingShield"],"picked":"RobotSpaceExplorer:StunGrenade+1","floor":19.0},{"not_picked":["RobotSpaceExplorer:Probe+1","RobotSpaceExplorer:Calculate"],"picked":"RobotSpaceExplorer:PowerGlove","floor":21.0},{"not_picked":["RobotSpaceExplorer:ShockKick","RobotSpaceExplorer:MakeshiftVolley"],"picked":"RobotSpaceExplorer:PowerCollector+1","floor":22.0},{"not_picked":["RobotSpaceExplorer:ShovelStrike","RobotSpaceExplorer:SwiftStep"],"picked":"RobotSpaceExplorer:FrostMissile","floor":23.0},{"not_picked":["RobotSpaceExplorer:GlueShot","RobotSpaceExplorer:SlimeMissile+1"],"picked":"RobotSpaceExplorer:IronShell","floor":27.0},{"not_picked":["RobotSpaceExplorer:Pulsar+1","RobotSpaceExplorer:PowerGlove+1"],"picked":"RobotSpaceExplorer:Scanner","floor":27.0}],"player_experience":205610,"relics_obtained":[{"floor":6.0,"key":"The Courier"},{"floor":9.0,"key":"hubris:DeckOfHolding"},{"floor":11.0,"key":"hubris:ToyBattleship"},{"floor":23.0,"key":"Prayer Wheel"}],"event_choices":[{"damage_healed":0.0,"max_hp_gain":0.0,"max_hp_loss":0.0,"gold_gain":0.0,"event_name":"Shining Light","player_choice":"Entered Light","floor":4.0,"gold_loss":0.0,"damage_taken":15.0,"cards_upgraded":["RobotSpaceExplorer:Scan","RobotSpaceExplorer:Defend"]},{"damage_healed":0.0,"max_hp_gain":0.0,"max_hp_loss":0.0,"gold_gain":0.0,"event_name":"The Cleric","player_choice":"Leave","floor":7.0,"gold_loss":0.0,"damage_taken":0.0},{"cards_removed":["RobotSpaceExplorer:Defend"],"damage_healed":0.0,"max_hp_gain":0.0,"max_hp_loss":0.0,"gold_gain":0.0,"event_name":"Bonfire Elementals","player_choice":"Offered Basic","floor":12.0,"gold_loss":0.0,"damage_taken":0.0}],"is_beta":false,"boss_relics":[{"not_picked":["conspire:SpecialSausage","hubris:VirtuousBlindfold"],"picked":"Pandora\u0027s Box"}],"items_purged_floors":[],"is_endless":false,"potions_floor_spawned":[1,2,6,18,22],"killed_by":"conspire:Head Lice","ascension_level":0}}