{"host":"36t3qd3wjvajtu1z","time":1613705528,"event":{"mods":["2.2 Compatiblity","AchievementEnabler","BaseMod","Bestiary","Block Reminder","Colored Powertips","Curses Come First","Filter the Spire","Highlight Path","Minty Spire (QoL Compilation)","Permanent Neow","Quick Restart","Random Character Button","Rare Cards Sparkle","Relic Stats","Slay-I","StSLib","Unknown Chances"],"gold_per_floor":[116,38,14,34,50,84,100,100,100,100,118,147,158,172,172,250,250,262,0,0,16,16,16,35,35,35,54,83,83,83],"floor_reached":29,"language":"ENG","playtime":1516,"items_purged":["Strike_B"],"score":475,"play_id":"b352667a-2980-44e6-a365-f9b5a32fc367","local_time":"20210218193208","is_ascension_mode":true,"campfire_choices":[{"floor":8,"key":"REST"},{"data":"Zap","floor":10,"key":"SMITH"},{"floor":15,"key":"REST"},{"floor":23,"key":"REST"},{"floor":25,"key":"REST"}],"circlet_count":0,"master_deck":["AscendersBane","Strike_B","Strike_B","Strike_B","Defend_B","Defend_B","Defend_B","Defend_B","Zap+1","Dualcast","Seek","Gash","Beam Cell","Ball Lightning","Hologram","Gash","Cold Snap","Conserve Battery","Go for the Eyes","Doom and Gloom","Creative AI","CurseOfTheBell","Stack+1","Sweeping Beam+1","Force Field","Gash+1","Reprogram","Turbo+1"],"relics":["Cracked Core","Singing Bowl","Gremlin Horn","Pantograph","Calling Bell","Tiny Chest","Molten Egg 2","Calipers","Potion Belt","Shuriken","Bronze Scales"],"acts_visited":["Exordium","TheCity"],"potions_floor_usage":[7,12,16,18,24],"damage_taken":[{"damage":2.0,"enemies":"Cultist","floor":1.0,"turns":4.0},{"damage":2.0,"enemies":"Jaw Worm","floor":4.0,"turns":3.0},{"damage":7.0,"enemies":"Small Slimes","floor":5.0,"turns":3.0},{"damage":32,"enemies":"Lagavulin","floor":6,"turns":5},{"damage":7,"enemies":"Exordium Thugs","floor":7,"turns":3},{"damage":0,"enemies":"Red Slaver","floor":11,"turns":3},{"damage":10,"enemies":"3 Sentries","floor":12,"turns":4},{"damage":1,"enemies":"Blue Slaver","floor":13,"turns":3},{"damage":13,"enemies":"Large Slime","floor":14,"turns":5},{"damage":38,"enemies":"The Guardian","floor":16,"turns":12},{"damage":32,"enemies":"2 Thieves","floor":18,"turns":3},{"damage":1,"enemies":"Chosen","floor":21,"turns":5},{"damage":30,"enemies":"Snake Plant","floor":24,"turns":4},{"damage":28,"enemies":"3 Cultists","floor":27,"turns":4},{"damage":23,"enemies":"Gremlin Leader","floor":28,"turns":6},{"damage":4,"enemies":"Cultist and Chosen","floor":29,"turns":3}],"seed_played":"192348576154648958","potions_obtained":[{"floor":6,"key":"Explosive Potion"},{"floor":7,"key":"Weak Potion"},{"floor":13,"key":"FairyPotion"},{"floor":16,"key":"Regen Potion"},{"floor":18,"key":"AttackPotion"},{"floor":27,"key":"PotionOfCapacity"},{"floor":28,"key":"CultistPotion"}],"is_trial":false,"path_per_floor":["M","$","$","M","M","E","M","R","T","R","M","E","M","M","R","B",null,"M","$","?","M","?","R","M","R","T","M","E","M"],"character_chosen":"DEFECT","items_purchased":["Explosive Potion","Beam Cell","Ball Lightning","Potion Belt","Sweeping Beam+1"],"campfire_rested":4,"item_purchase_floors":[2,2,3,19,19],"current_hp_per_floor":[62,62,62,60,53,21,14,35,35,35,37,27,26,13,34,21,60,37,37,37,36,15,38,8,31,31,3,3,0,0],"gold":83,"neow_bonus":"ONE_RANDOM_RARE_CARD","is_daily":false,"chose_seed":false,"campfire_upgraded":1,"win_rate":0.0,"timestamp":1613705528,"path_taken":["M","?","$","M","M","E","M","R","T","R","M","E","M","M","R","BOSS","M","$","?","M","?","R","M","R","T","M","E","?"],"items_purchased_type":["Potion","Card","Card","Relic","Card"],"build_version":"2020-12-22","purchased_purges":1,"victory":false,"max_hp_per_floor":[71,71,71,71,71,71,71,71,71,71,73,73,73,73,73,73,73,73,73,73,73,78,78,78,78,78,78,78,78,78],"relic_stats":{"Singing Bowl":2,"Gremlin Horn":[12,12],"counters":[16,70],"Shuriken":[7],"Pantograph":25,"Bronze Scales":[6],"Tiny Chest":0,"obtain_stats":[{"Calling Bell":17,"Potion Belt":19,"Calipers":17,"Singing Bowl":6,"Gremlin Horn":9,"Shuriken":26,"Pantograph":12,"Bronze Scales":28,"Tiny Chest":17,"Molten Egg 2":17,"Cracked Core":0},{"Calling Bell":10,"Potion Belt":11,"Calipers":10,"Singing Bowl":4,"Gremlin Horn":5,"Shuriken":13,"Pantograph":7,"Bronze Scales":15,"Tiny Chest":10,"Molten Egg 2":10,"Cracked Core":0},{"Calling Bell":45,"Potion Belt":48,"Calipers":45,"Singing Bowl":15,"Gremlin Horn":18,"Shuriken":57,"Pantograph":25,"Bronze Scales":67,"Tiny Chest":45,"Molten Egg 2":45,"Cracked Core":0}]},"card_choices":[{"not_picked":["Turbo","Force Field"],"picked":"Gash","floor":1.0},{"not_picked":["Reinforced Body","Consume"],"picked":"Hologram","floor":4.0},{"not_picked":["Steam","Stack","Coolheaded"],"picked":"SKIP","floor":5.0},{"not_picked":["Sweeping Beam","Compile Driver"],"picked":"Gash","floor":6},{"not_picked":["Buffer","Coolheaded"],"picked":"Cold Snap","floor":7},{"not_picked":["Coolheaded","Ball Lightning","Skim"],"picked":"Singing Bowl","floor":11},{"not_picked":["Redo","Aggregate"],"picked":"Conserve Battery","floor":12},{"not_picked":["Blizzard","Skim"],"picked":"Go for the Eyes","floor":13},{"not_picked":["Cold Snap","Coolheaded"],"picked":"Doom and Gloom","floor":14},{"not_picked":["Rainbow","Reboot"],"picked":"Creative AI","floor":16},{"not_picked":["Capacitor","Darkness"],"picked":"Stack+1","floor":18},{"not_picked":["Sweeping Beam+1","Tempest"],"picked":"Force Field","floor":21},{"not_picked":["Chaos","Aggregate"],"picked":"Gash+1","floor":24},{"not_picked":["Self Repair+1","Fusion"],"picked":"Reprogram","floor":27},{"not_picked":["Compile Driver+1","Auto Shields"],"picked":"Turbo+1","floor":28}],"player_experience":553927,"relics_obtained":[{"floor":6,"key":"Singing Bowl"},{"floor":9,"key":"Gremlin Horn"},{"floor":12,"key":"Pantograph"},{"floor":17,"key":"Tiny Chest"},{"floor":17,"key":"Molten Egg 2"},{"floor":17,"key":"Calipers"},{"floor":26,"key":"Shuriken"},{"floor":28,"key":"Bronze Scales"}],"event_choices":[{"damage_healed":0,"gold_gain":0,"player_choice":"Ignored","damage_taken":0,"max_hp_gain":0,"max_hp_loss":0,"event_name":"The Mausoleum","floor":20,"gold_loss":0},{"damage_healed":0,"gold_gain":0,"player_choice":"Shed Blood","damage_taken":26,"max_hp_gain":5,"max_hp_loss":0,"event_name":"Forgotten Altar","floor":22,"gold_loss":0}],"is_beta":false,"boss_relics":[{"not_picked":["Sozu","Runic Pyramid"],"picked":"Calling Bell"}],"items_purged_floors":[19],"is_endless":false,"potions_floor_spawned":[6,7,11,13,16,18,27,28],"killed_by":"Cultist and Chosen","ascension_level":17}}