{"host":"vdpaduzlq0qlaikq","time":1613774060,"event":{"mods":["AchievementEnabler","BaseMod","Better Third Choice","BetterRewards","Colored Map","Downfall","Gold Saver","Hermit","Jorbs\u0027s Wanderer Trilogy","Minty Spire (QoL Compilation)","Relic Filter","Spicy Shops","StSLib","The Necromancer"],"gold_per_floor":[1012,1287,1300,1300,1313,1313,1488,269,269,281,281,313,325,351,351,446,446,466,565,565,580,850,882,882,893,893,893,908,195,195,228,228,328,328,339,225,238,255,82,82,114,129,129,157,157,157,190,190,190,190,190,190,31,57,57],"floor_reached":56,"language":"ENG","playtime":3435,"items_purged":[],"score":2347,"play_id":"e9475ae7-613a-4551-a587-03247ce614bc","local_time":"20210219203420","is_ascension_mode":true,"campfire_choices":[{"data":"Inflame","floor":6,"key":"SMITH"},{"data":"Berserk","floor":11,"key":"SMITH"},{"data":"Battle Trance","floor":15,"key":"SMITH"},{"data":"Metallicize","floor":24,"key":"SMITH"},{"data":"Heavy Blade","floor":30,"key":"SMITH"},{"floor":32,"key":"REST"},{"floor":40,"key":"RECALL"},{"data":"Disarm","floor":45,"key":"SMITH"},{"data":"Infernal Blade","floor":49,"key":"SMITH"},{"data":"Rage","floor":52,"key":"SMITH"}],"circlet_count":0,"master_deck":["AscendersBane","Strike_R+1","Strike_R+1","Strike_R+1","Strike_R+1","Strike_R+1","Defend_R+1","Defend_R+1","Defend_R+1","Defend_R+1","Bash","Shrug It Off+1","Inflame+1","Sword Boomerang","Battle Trance+1","Metallicize+1","Pommel Strike+1","Berserk+1","Pommel Strike","Cleave","Cleave","Feed","Clash+1","Infernal Blade+1","Spot Weakness+1","Heavy Blade+1","Rage+1","Reaper","Inflame+1","Flex+1","Disarm+1","Dramatic Entrance","Headbutt","Headbutt"],"relics":["Burning Blood","Omamori","White Beast Statue","TungstenRod","Lantern","StoneCalendar","Ice Cream","Happy Flower","Dream Catcher","Letter Opener","Sling","Blood Vial","Ginger","Whetstone","Singing Bowl","Ornamental Fan","Bottled Lightning","The Courier","Prayer Wheel","Potion Belt","HandDrill","Lizard Tail","HornCleat","expansioncontent:StudyCardRelic","War Paint","Ancient Tea Set","Frozen Eye","Du-Vu Doll","Darkstone Periapt","Juzu Bracelet","Gambling Chip","Guardian:PocketSentry","Pear"],"acts_visited":["Exordium","TheCity","TheBeyond","TheEnding"],"potions_floor_usage":[12,12,18,18,23,23,25,31,33,37,42,42,50,50,55,55,55],"damage_taken":[{"damage":1,"enemies":"Small Slimes","floor":1,"turns":4},{"damage":0,"enemies":"Cultist","floor":3,"turns":3},{"damage":0,"enemies":"Jaw Worm","floor":5,"turns":3},{"damage":0,"enemies":"Looter","floor":10,"turns":2},{"damage":6,"enemies":"3 Sentries","floor":12,"turns":3},{"damage":10,"enemies":"Blue Slaver","floor":13,"turns":3},{"damage":3,"enemies":"Gremlin Nob","floor":14,"turns":3},{"damage":0,"enemies":"Slime Boss","floor":16,"turns":6},{"damage":3,"enemies":"2 Thieves","floor":18,"turns":3},{"damage":3,"enemies":"Chosen","floor":21,"turns":6},{"damage":22,"enemies":"Gremlin Leader","floor":23,"turns":4},{"damage":8,"enemies":"Snecko","floor":25,"turns":3},{"damage":12,"enemies":"Centurion and Healer","floor":28,"turns":4},{"damage":24,"enemies":"Slavers","floor":31,"turns":5},{"damage":8,"enemies":"Champ","floor":33,"turns":8},{"damage":3,"enemies":"Orb Walker","floor":35,"turns":2},{"damage":23,"enemies":"3 Shapes","floor":37,"turns":4},{"damage":11,"enemies":"3 Darklings","floor":38,"turns":3},{"damage":14,"enemies":"Reptomancer","floor":41,"turns":5},{"damage":2,"enemies":"Transient","floor":42,"turns":5},{"damage":13,"enemies":"Nemesis","floor":44,"turns":3},{"damage":28,"enemies":"Reptomancer","floor":47,"turns":4},{"damage":27,"enemies":"Time Eater","floor":50,"turns":7},{"damage":2,"enemies":"Shield and Spear","floor":54,"turns":3},{"damage":105,"enemies":"The Heart","floor":55,"turns":9}],"seed_played":"6398835523423618382","potions_obtained":[{"floor":1,"key":"SteroidPotion"},{"floor":3,"key":"Explosive Potion"},{"floor":12,"key":"Strength Potion"},{"floor":13,"key":"Ancient Potion"},{"floor":14,"key":"Energy Potion"},{"floor":18,"key":"CultistPotion"},{"floor":21,"key":"EssenceOfSteel"},{"floor":23,"key":"AttackPotion"},{"floor":25,"key":"Fire Potion"},{"floor":28,"key":"champ:CounterPotion"},{"floor":31,"key":"Block Potion"},{"floor":33,"key":"Fire Potion"},{"floor":35,"key":"SteroidPotion"},{"floor":37,"key":"SkillPotion"},{"floor":38,"key":"Swift Potion"},{"floor":42,"key":"Dexterity Potion"},{"floor":44,"key":"champ:CounterPotion"},{"floor":54,"key":"AttackPotion"}],"is_trial":false,"path_per_floor":["M","?","M","?","M","R","?","$","T","M","R","E","M","E","R","B",null,"M","?","?","M","?","E","R","M","T","?","M","$","R","E","R","B",null,"M","$","M","M","$","R","E","M","T","E","R","?","E","?","R","B",null,"R","$","E","B",null],"character_chosen":"IRONCLAD","items_purchased":["Omamori","White Beast Statue","Shrug It Off","TungstenRod","Inflame","Sword Boomerang","Lantern","StoneCalendar","Battle Trance","Ice Cream","Happy Flower","Dream Catcher","Metallicize","Letter Opener","Sling","Blood Vial","Berserk","Pommel Strike","Ginger","Whetstone","Prayer Wheel","Potion Belt","HandDrill","Lizard Tail","War Paint","Ancient Tea Set","Frozen Eye","Headbutt","Guardian:PocketSentry"],"campfire_rested":1,"item_purchase_floors":[0,0,0,0,0,0,0,0,0,0,0,0,0,8,8,8,8,8,8,8,29,29,29,29,36,39,39,53,53],"current_hp_per_floor":[77,77,80,80,80,80,80,80,80,82,82,84,80,84,84,84,84,89,89,89,93,70,58,58,58,58,58,58,58,58,45,77,77,97,102,102,99,113,113,113,107,117,117,114,114,114,99,99,99,95,118,118,118,134,46],"gold":57,"neow_bonus":"","is_daily":false,"chose_seed":false,"campfire_upgraded":8,"win_rate":0.0,"timestamp":1613774060,"path_taken":["M","?","?","?","M","R","?","$","T","M","R","E","M","E","R","BOSS","M","?","?","M","?","E","R","?","T","?","M","$","R","E","R","BOSS","M","$","M","M","$","R","E","?","T","E","R","?","E","?","R","BOSS","R","$","E","BOSS"],"items_purchased_type":["Relic","Relic","Card","Relic","Card","Card","Relic","Relic","Card","Relic","Relic","Relic","Card","Relic","Relic","Relic","Card","Card","Relic","Relic","Relic","Relic","Relic","Relic","Relic","Relic","Relic","Card","Relic"],"build_version":"2020-12-22","purchased_purges":0,"victory":true,"max_hp_per_floor":[80,80,80,80,80,80,80,80,80,82,82,84,84,84,84,84,84,89,89,89,93,93,95,95,95,95,95,99,99,99,102,104,104,104,104,104,111,113,113,113,115,119,119,121,121,121,126,126,126,126,126,126,126,136,136],"card_choices":[{"not_picked":["Blood for Blood","Sever Soul","Uppercut"],"picked":"SKIP","floor":1},{"not_picked":["Burning Pact","Sword Boomerang"],"picked":"Armaments","floor":3},{"not_picked":["Sever Soul","Second Wind"],"picked":"Pommel Strike","floor":5},{"not_picked":["Perfected Strike","Anger","Havoc"],"picked":"Singing Bowl","floor":10},{"not_picked":["Power Through","Shockwave","Armaments"],"picked":"Singing Bowl","floor":12},{"not_picked":["Havoc","Ghostly Armor"],"picked":"Cleave","floor":13},{"not_picked":["Body Slam","Perfected Strike"],"picked":"Cleave","floor":14},{"not_picked":["Corruption","Offering"],"picked":"Feed","floor":16},{"not_picked":["Twin Strike+1","Pommel Strike","Sword Boomerang"],"picked":"Singing Bowl","floor":18},{"not_picked":["Twin Strike+1","Feed"],"picked":"Clash+1","floor":21},{"not_picked":["Clothesline","Body Slam+1","Iron Wave"],"picked":"Singing Bowl","floor":23},{"not_picked":["Cleave","Iron Wave"],"picked":"Infernal Blade","floor":25},{"not_picked":["Clothesline","Thunderclap"],"picked":"Heavy Blade","floor":28},{"not_picked":["Burning Pact","Warcry+1"],"picked":"Rage","floor":31},{"not_picked":["Dual Wield","Heavy Blade","Armaments"],"picked":"Singing Bowl","floor":32},{"not_picked":["Corruption","Bludgeon"],"picked":"Reaper","floor":33},{"not_picked":["Sword Boomerang","Warcry"],"picked":"Inflame+1","floor":35},{"not_picked":["Hemokinesis","Cleave"],"picked":"Flex+1","floor":35},{"not_picked":["Warcry+1","Dark Embrace","Bloodletting+1"],"picked":"Singing Bowl","floor":37},{"not_picked":["Heavy Blade","Hemokinesis","Armaments"],"picked":"Singing Bowl","floor":37},{"not_picked":["Intimidate","Evolve+1"],"picked":"Disarm","floor":38},{"not_picked":["Sword Boomerang","Flex","Reckless Charge+1"],"picked":"Singing Bowl","floor":38},{"not_picked":["Dark Embrace","Anger","Bludgeon"],"picked":"Singing Bowl","floor":41},{"not_picked":["Flex","Clothesline","Feel No Pain"],"picked":"Singing Bowl","floor":42},{"not_picked":["Bloodletting","Shrug It Off","Sword Boomerang"],"picked":"Singing Bowl","floor":42},{"not_picked":["Iron Wave","Havoc","Wild Strike"],"picked":"Singing Bowl","floor":44},{"not_picked":["Shrug It Off","Body Slam","Rampage"],"picked":"Singing Bowl","floor":47},{"not_picked":["Metamorphosis","Dark Shackles"],"picked":"Dramatic Entrance","floor":48},{"not_picked":["Fire Breathing","Pommel Strike"],"picked":"Headbutt","floor":54}],"player_experience":747396,"relics_obtained":[{"floor":9,"key":"Singing Bowl"},{"floor":12,"key":"Ornamental Fan"},{"floor":14,"key":"Bottled Lightning"},{"floor":23,"key":"The Courier"},{"floor":31,"key":"HornCleat"},{"floor":41,"key":"Du-Vu Doll"},{"floor":43,"key":"Darkstone Periapt"},{"floor":44,"key":"Juzu Bracelet"},{"floor":47,"key":"Gambling Chip"},{"floor":54,"key":"Pear"}],"event_choices":[{"damage_healed":0,"gold_gain":275,"player_choice":"Desecrate","damage_taken":0,"max_hp_gain":0,"max_hp_loss":0,"event_name":"Golden Shrine","floor":2,"gold_loss":0,"cards_obtained":["Regret"]},{"damage_healed":0,"gold_gain":0,"player_choice":"Grow","damage_taken":0,"max_hp_gain":0,"max_hp_loss":0,"event_name":"Living Wall","floor":4,"gold_loss":0,"cards_upgraded":["Armaments"]},{"damage_healed":0,"gold_gain":175,"player_choice":"AGREE","damage_taken":1313,"max_hp_gain":0,"max_hp_loss":0,"event_name":"betterThird:BetterSerpent","floor":7,"gold_loss":0},{"damage_healed":0,"gold_gain":99,"player_choice":"Steal","damage_taken":0,"max_hp_gain":0,"max_hp_loss":0,"event_name":"betterThird:BetterNest","floor":19,"gold_loss":0},{"damage_healed":0,"gold_gain":0,"player_choice":"Simplicity","damage_taken":0,"max_hp_gain":0,"max_hp_loss":8,"event_name":"betterThird:BetterWriting","floor":20,"gold_loss":0},{"damage_healed":0,"gold_gain":270,"player_choice":"GOLD GOLD GOLD ","damage_taken":27,"max_hp_gain":0,"max_hp_loss":0,"event_name":"Knowing Skull","floor":22,"potions_obtained":[],"gold_loss":0,"cards_obtained":[]},{"damage_healed":0,"gold_gain":0,"player_choice":"1 cards matched","damage_taken":0,"max_hp_gain":0,"max_hp_loss":0,"event_name":"Match and Keep!","floor":27,"gold_loss":0,"cards_obtained":["Spot Weakness"]},{"cards_removed":["Armaments"],"damage_healed":0,"gold_gain":0,"player_choice":"Removed Skill","damage_taken":0,"max_hp_gain":0,"max_hp_loss":0,"event_name":"Falling","floor":46,"gold_loss":0},{"damage_healed":0,"gold_gain":0,"player_choice":"Memory 1","damage_taken":0,"max_hp_gain":0,"max_hp_loss":0,"event_name":"SensoryStone","floor":48,"gold_loss":0}],"is_beta":false,"boss_relics":[{"not_picked":["Ectoplasm","Fusion Hammer","Sozu"]},{"not_picked":["Astrolabe","Runic Dome"],"picked":"expansioncontent:StudyCardRelic"}],"items_purged_floors":[],"is_endless":false,"potions_floor_spawned":[1,3,5,10,12,13,14,16,18,21,23,25,28,31,33,35,37,38,41,42,44,47,54],"ascension_level":11}}