{"host":"clcuy39u5sybassp","time":1613710492,"event":{"mods":["AchievementEnabler","BaseMod","Challenge The Spire","Lobotomy","LobotomyExtend","Minty Spire (QoL Compilation)","Quick Restart","Replay The Spire","StSLib"],"gold_per_floor":[118,129,140,152,152,152,77,77,105,105,152,172,187,214,224,324,324,424,424,437,448,180,190,47,47,47,80,80,80,98,98,148,19,19,150,150,168,168,168,186,186,186,219,219,296,400,413,413,438,474,474,474,474],"floor_reached":52,"language":"ZHS","playtime":3178,"items_purged":[],"score":690,"play_id":"e120d1dd-551e-47bd-85b5-a45277de6181","local_time":"20210219125452","is_ascension_mode":false,"campfire_choices":[{"floor":17.0,"key":"REST"}],"circlet_count":0,"master_deck":["SpecialBullet","SpecialBullet","SpecialBullet","SpecialBullet","SpecialBullet","SpecialBullet","SpecialBullet","InformationCode","SecurityCode","DisciplinaryCode","Heaven","CUTE","Hornet","SpecialBullet","UniverseFragment","GrinderMk4","Spore","Wellcheers","Soda","LongBird","InTheNameOfLoveAndHate","SpecialBullet","Pinks","CurseOfTheBell","OldLady","Ecstasy","SpecialBullet","GreedKing","Harvest","SpecialBullet","Heaven+1","Beak","QueenOfHatred","ShyLook","ControlCode","Harvest","Deep Breath","CentralCode","Funeral","SpecialBullet","DreamingCurrent","Master of Strategy","BloodyDesire+1","TT2Protocol","BlueStar","Logging+1","Harvest+1","CherryBlossom+1","SpecialBullet","Sickly","BloodyDesire","WelfareCode","SolemnVow+1"],"relics":["CogitoBucket","Strawberry","LetterFromLob","Bottled Lightning","Akabeko","HellTrain","Regal Pillow","Calling Bell","Replay:Baseball","The Courier","TungstenRod","Replay:Bottled Steam","Vajra","Bronze Scales","Singing Bowl","Ring of Peace","Ring of Greed","Membership Card","Golden Idol","Medical Kit","Black Star","BehaviorAdjustment","AtMidnight","Oddly Smooth Stone","Orichalcum","Ornamental Fan","ReplayTheSpireMod:Lightbulb","Replay:Arrowhead","Letter Opener"],"acts_visited":["Exordium","TheCity","TheBeyond"],"potions_floor_usage":[],"damage_taken":[{"damage":0.0,"enemies":"Small Slimes","floor":1.0,"turns":2.0},{"damage":6.0,"enemies":"2 Louse","floor":2.0,"turns":2.0},{"damage":6.0,"enemies":"Cultist","floor":3.0,"turns":3.0},{"damage":21.0,"enemies":"Red Slaver","floor":4.0,"turns":3.0},{"damage":36.0,"enemies":"Lagavulin","floor":9.0,"turns":5.0},{"damage":15.0,"enemies":"2 Fungi Beasts","floor":12.0,"turns":4.0},{"damage":7.0,"enemies":"Exordium Wildlife","floor":13.0,"turns":2.0},{"damage":14.0,"enemies":"Gremlin Nob","floor":14.0,"turns":3.0},{"damage":27.0,"enemies":"Gremlin Gang","floor":15.0,"turns":5.0},{"damage":58.0,"enemies":"The Guardian","floor":18.0,"turns":10.0},{"damage":75.0,"enemies":"2 Thieves","floor":20.0,"turns":6.0},{"damage":0.0,"enemies":"Spheric Guardian","floor":21.0,"turns":3.0},{"damage":22.0,"enemies":"Chosen and Byrds","floor":23.0,"turns":5.0},{"damage":5.0,"enemies":"Book of Stabbing","floor":27.0,"turns":3.0},{"damage":5.0,"enemies":"3 Cultists","floor":30.0,"turns":3.0},{"damage":57.0,"enemies":"Champ","floor":35.0,"turns":7.0},{"damage":72.0,"enemies":"3 Darklings","floor":37.0,"turns":9.0},{"damage":0.0,"enemies":"Orb Walker","floor":40.0,"turns":2.0},{"damage":82.0,"enemies":"Nemesis","floor":43.0,"turns":7.0},{"damage":51.0,"enemies":"3 Darklings","floor":47.0,"turns":5.0},{"damage":1.0,"enemies":"Spire Growth","floor":49.0,"turns":3.0},{"damage":33.0,"enemies":"Reptomancer","floor":50.0,"turns":5.0},{"damage":171,"enemies":"Awakened One","floor":52,"turns":9}],"seed_played":"8358458974053481224","potions_obtained":[{"floor":3.0,"key":"Dexterity Potion"},{"floor":9.0,"key":"DistilledChaos"},{"floor":12.0,"key":"Swift Potion"},{"floor":13.0,"key":"DistilledChaos"},{"floor":30.0,"key":"Energy Potion"}],"is_trial":false,"path_per_floor":["M","M","M","M","PTL","PTL","$","R","E","R","T","M","M","E","M","?","R","B",null,"M","M","$","M","$","R","?","E","T","R","M","R","?","$","R","B",null,"M","?","?","M","T","R","E","R","T","?","M","R","M","E","R","B"],"character_chosen":"Angela","items_purchased":["Hornet","Replay:Bottled Steam","Harvest","Vajra","Beak","Medical Kit","Harvest","Deep Breath"],"campfire_rested":1,"item_purchase_floors":[7,22,22,24,24,33,33,33],"current_hp_per_floor":[77,77,77,70,70,70,70,70,48,48,48,47,54,54,53,53,81,45,81,32,53,53,48,48,48,48,64,64,64,81,81,81,81,81,46,105,50,50,50,87,87,87,91,91,91,48,57,57,95,99,99,0,0],"gold":474,"neow_bonus":"RANDOM_COMMON_RELIC","is_daily":false,"chose_seed":false,"campfire_upgraded":0,"win_rate":0.0,"timestamp":1613710492,"path_taken":["M","M","M","M","PTL","PTL","$","R","E","R","T","M","M","E","M","?","R","BOSS","M","M","$","M","$","R","?","E","T","R","M","R","?","?","R","BOSS","M","?","?","M","?","R","E","R","T","?","?","R","M","E","R","BOSS"],"items_purchased_type":["Card","Relic","Card","Relic","Card","Relic","Card","Card"],"build_version":"2020-12-22","purchased_purges":0,"victory":false,"max_hp_per_floor":[77,77,77,77,77,77,77,77,77,77,77,77,77,77,81,81,81,81,81,85,89,89,89,89,89,89,93,93,93,99,99,99,99,99,105,105,111,111,111,111,111,111,115,115,115,117,117,117,117,117,117,117,117],"card_choices":[{"not_picked":["Tough"],"picked":"Heaven","floor":1.0},{"not_picked":["Loneliness","Christmas"],"picked":"SKIP","floor":2.0},{"not_picked":["Lantern","Penitence"],"picked":"SKIP","floor":3.0},{"not_picked":["MagicBullet"],"picked":"CUTE","floor":4.0},{"not_picked":["Wellcheers","FairyFestival"],"picked":"UniverseFragment","floor":9.0},{"not_picked":["ScreamingWedge"],"picked":"GrinderMk4","floor":9.0},{"not_picked":["Amita"],"picked":"Spore","floor":12.0},{"not_picked":["LongBird","Yin"],"picked":"Wellcheers","floor":13.0},{"not_picked":["BlackSwan_ego"],"picked":"Laetitia_ego","floor":13.0},{"not_picked":["TodaysExpression"],"picked":"Soda","floor":14.0},{"not_picked":["MeatLantern","Woodsman"],"picked":"LongBird","floor":15.0},{"not_picked":["CUTE"],"picked":"InTheNameOfLoveAndHate","floor":15.0},{"not_picked":["SoundOfStar"],"picked":"Pinks","floor":18.0},{"not_picked":["MHz","Laetitia"],"picked":"OldLady","floor":20.0},{"not_picked":["Tough"],"picked":"Ecstasy","floor":20.0},{"not_picked":["PunishingBird","DespairKnight"],"picked":"GreedKing","floor":21.0},{"not_picked":["Horn","CUTE"],"picked":"SKIP","floor":21.0},{"not_picked":["Lantern+1"],"picked":"Heaven+1","floor":23.0},{"not_picked":["NothingThere","MeatLantern"],"picked":"QueenOfHatred","floor":27.0},{"not_picked":["FrostShard"],"picked":"RedEyes","floor":27.0},{"not_picked":["NothingThere","BlackSwan"],"picked":"ShyLook","floor":30.0},{"not_picked":["SomewhereSpear+1","Tough"],"picked":"Singing Bowl","floor":30.0},{"not_picked":["Woodsman","Scarecrow"],"picked":"Funeral","floor":35.0},{"not_picked":["Adoration","Pinks"],"picked":"Singing Bowl","floor":35.0},{"not_picked":["Bloodbath","BlackArmy"],"picked":"DreamingCurrent","floor":37.0},{"not_picked":["ShedSkin+1","Horn+1"],"picked":"Singing Bowl","floor":37.0},{"not_picked":["HandOfGreed"],"picked":"Master of Strategy","floor":38.0},{"not_picked":["TodaysExpression"],"picked":"BloodyDesire+1","floor":40.0},{"not_picked":["QueenBee","Porccubus"],"picked":"BlueStar","floor":43.0},{"not_picked":["Moonlight"],"picked":"Logging+1","floor":43.0},{"not_picked":["Regret_ego"],"picked":"Harvest+1","floor":46.0},{"not_picked":["Laetitia_ego","TodaysExpression+1"],"picked":"Singing Bowl","floor":46.0},{"not_picked":["Penitence+1"],"picked":"CherryBlossom+1","floor":47.0},{"not_picked":["Lantern+1"],"picked":"BloodyDesire","floor":49.0},{"not_picked":["Pinks"],"picked":"SolemnVow+1","floor":50.0}],"player_experience":196411,"relics_obtained":[{"floor":1.0,"key":"LetterFromLob"},{"floor":9.0,"key":"Bottled Lightning"},{"floor":11.0,"key":"Akabeko"},{"floor":14.0,"key":"Regal Pillow"},{"floor":19.0,"key":"Replay:Baseball"},{"floor":19.0,"key":"The Courier"},{"floor":19.0,"key":"TungstenRod"},{"floor":27.0,"key":"Bronze Scales"},{"floor":28.0,"key":"Singing Bowl"},{"floor":32.0,"key":"Ring of Peace"},{"floor":32.0,"key":"Ring of Greed"},{"floor":32.0,"key":"Membership Card"},{"floor":32.0,"key":"Golden Idol"},{"floor":37.0,"key":"AtMidnight"},{"floor":43.0,"key":"Oddly Smooth Stone"},{"floor":43.0,"key":"Orichalcum"},{"floor":45.0,"key":"Ornamental Fan"},{"floor":46.0,"key":"ReplayTheSpireMod:Lightbulb"},{"floor":50.0,"key":"Replay:Arrowhead"},{"floor":50.0,"key":"Letter Opener"}],"event_choices":[{"damage_healed":0.0,"max_hp_gain":0.0,"max_hp_loss":0.0,"gold_gain":100.0,"event_name":"Golden Shrine","player_choice":"Pray","floor":16.0,"gold_loss":0.0,"damage_taken":0.0},{"cards_removed":["Laetitia_ego"],"damage_healed":0.0,"max_hp_gain":0.0,"max_hp_loss":0.0,"gold_gain":0.0,"event_name":"Back to Basics","player_choice":"Elegance","floor":26.0,"gold_loss":0.0,"damage_taken":0.0},{"damage_healed":0.0,"max_hp_gain":0.0,"max_hp_loss":0.0,"gold_gain":0.0,"event_name":"SensoryStone","player_choice":"Memory 1","floor":38.0,"gold_loss":0.0,"damage_taken":0.0},{"cards_removed":["RedEyes"],"damage_healed":0.0,"max_hp_gain":0.0,"max_hp_loss":0.0,"gold_gain":0.0,"event_name":"Falling","player_choice":"Removed Skill","floor":39.0,"gold_loss":0.0,"damage_taken":0.0}],"is_beta":false,"boss_relics":[{"not_picked":["Runic Dome","ChewingGum"],"picked":"Calling Bell"},{"not_picked":["Kintsugi","Sozu"],"picked":"Black Star"}],"items_purged_floors":[],"is_endless":false,"potions_floor_spawned":[3,9,12,13,18,20,21,30,43,49],"killed_by":"Awakened One","ascension_level":0}}