{"host":"kp5m5tbwfn2imaek","time":1613748708,"event":{"mods":["AchievementEnabler","BaseMod","Bestiary","Minty Spire (QoL Compilation)","Relic Stats"],"gold_per_floor":[115,115,128,147,147,187,67,110,110,110,154,154,208,226,226,345,345,358,358,373,373,1,30,30,60,60,85,98,98,155,193,193,289,298,318,90,474,500,516,553,603,626,650,685,715,751,776,798,810,842,854,866,69,101,101],"floor_reached":56,"language":"ENG","playtime":4561,"items_purged":["Pain","Strike_P","Strike_P","Strike_P"],"score":2286,"play_id":"5820e30f-48d5-46d6-9edf-367847dc5ac4","local_time":"20210219103148","is_ascension_mode":true,"campfire_choices":[{"data":"EmptyFist","floor":12,"key":"SMITH"},{"data":"CutThroughFate","floor":15,"key":"SMITH"},{"data":"Fasting2","floor":29,"key":"SMITH"},{"data":"TalkToTheHand","floor":32,"key":"SMITH"},{"floor":49,"key":"RECALL"},{"floor":52,"key":"DIG"}],"circlet_count":0,"master_deck":["AscendersBane","Strike_P","Defend_P","Defend_P","Defend_P","Defend_P","Eruption","Vigilance","Finesse","CrushJoints","EmptyFist+1","DevaForm","ThirdEye","CutThroughFate+1","DeusExMachina","Vault","Sanctity+1","Swivel","Meditate","Fasting2+1","TalkToTheHand+1","CurseOfTheBell","CutThroughFate+1","Wallop","DeceiveReality","MentalFortress+1","EmptyMind","Protect+1","TalkToTheHand+1","Meditate+1","Tantrum","MentalFortress","MentalFortress","LikeWater"],"relics":["PureWater","WarpedTongs","Bloody Idol","The Courier","TeardropLocket","Kunai","Akabeko","Anchor","Snecko Eye","Oddly Smooth Stone","Toolbox","Yang","Strawberry","Pear","Dream Catcher","CeramicFish","Calling Bell","Smiling Mask","Darkstone Periapt","Calipers","Vajra","Old Coin","Juzu Bracelet","Shovel","MawBank","Letter Opener","Mercury Hourglass","Sundial","Blood Vial","Eternal Feather"],"acts_visited":["Exordium","TheCity","TheBeyond","TheEnding"],"potions_floor_usage":[8,11,37,40,45,54,55,55],"damage_taken":[{"damage":0,"enemies":"Cultist","floor":1,"turns":2},{"damage":4,"enemies":"2 Louse","floor":3,"turns":3},{"damage":1,"enemies":"Small Slimes","floor":4,"turns":3},{"damage":40,"enemies":"Lagavulin","floor":6,"turns":9},{"damage":0,"enemies":"3 Sentries","floor":8,"turns":4},{"damage":0,"enemies":"Gremlin Nob","floor":11,"turns":2},{"damage":0,"enemies":"Blue Slaver","floor":14,"turns":2},{"damage":0,"enemies":"Slime Boss","floor":16,"turns":8},{"damage":0,"enemies":"Spheric Guardian","floor":18,"turns":4},{"damage":0,"enemies":"3 Byrds","floor":20,"turns":5},{"damage":0,"enemies":"Gremlin Leader","floor":23,"turns":5},{"damage":0,"enemies":"Slavers","floor":25,"turns":4},{"damage":0,"enemies":"Gremlin Leader","floor":27,"turns":4},{"damage":2,"enemies":"Centurion and Healer","floor":28,"turns":5},{"damage":0,"enemies":"Cultist and Chosen","floor":30,"turns":4},{"damage":0,"enemies":"Book of Stabbing","floor":31,"turns":4},{"damage":0,"enemies":"Champ","floor":33,"turns":9},{"damage":1,"enemies":"3 Darklings","floor":35,"turns":6},{"damage":5,"enemies":"2 Orb Walkers","floor":37,"turns":5},{"damage":0,"enemies":"Orb Walker","floor":38,"turns":3},{"damage":11,"enemies":"Writhing Mass","floor":39,"turns":5},{"damage":0,"enemies":"Nemesis","floor":40,"turns":9},{"damage":0,"enemies":"Mind Bloom Boss Battle","floor":41,"turns":6},{"damage":0,"enemies":"Spire Growth","floor":42,"turns":6},{"damage":0,"enemies":"Reptomancer","floor":44,"turns":7},{"damage":3,"enemies":"Transient","floor":45,"turns":5},{"damage":9,"enemies":"4 Shapes","floor":46,"turns":6},{"damage":0,"enemies":"Sphere and 2 Shapes","floor":47,"turns":4},{"damage":0,"enemies":"Writhing Mass","floor":48,"turns":6},{"damage":2,"enemies":"Time Eater","floor":50,"turns":12},{"damage":0,"enemies":"Shield and Spear","floor":54,"turns":7},{"damage":23,"enemies":"The Heart","floor":55,"turns":11}],"seed_played":"-808404462017625120","potions_obtained":[{"floor":3,"key":"Fire Potion"},{"floor":11,"key":"SneckoOil"},{"floor":14,"key":"BlessingOfTheForge"},{"floor":16,"key":"LiquidMemories"},{"floor":33,"key":"ColorlessPotion"},{"floor":38,"key":"GamblersBrew"},{"floor":40,"key":"FearPotion"},{"floor":46,"key":"SpeedPotion"}],"is_trial":false,"path_per_floor":["M","?","M","M","?","E","$","E","T","?","E","R","T","M","R","B",null,"M","?","M","?","$","E","?","E","T","E","M","R","M","E","R","B",null,"M","$","?","M","M","E","?","M","T","E","M","M","M","M","R","B",null,"R","$","E","B",null],"character_chosen":"WATCHER","items_purchased":["CutThroughFate","SteroidPotion","Swivel","Oddly Smooth Stone","Toolbox","Wallop","Vajra","Tantrum","MentalFortress","MentalFortress","Mercury Hourglass","Sundial","LikeWater","Weak Potion","Blood Vial"],"campfire_rested":0,"item_purchase_floors":[7,7,22,22,22,36,36,53,53,53,53,53,53,53,53],"current_hp_per_floor":[65,65,61,60,60,20,20,20,20,42,42,42,42,42,42,42,61,61,61,61,61,61,66,66,74,84,84,84,84,84,84,84,84,84,84,84,84,84,78,84,84,84,84,84,84,84,84,84,84,84,84,84,84,84,61],"gold":101,"neow_bonus":"RANDOM_COLORLESS","is_daily":false,"chose_seed":false,"campfire_upgraded":4,"win_rate":0.0,"timestamp":1613748708,"path_taken":["M","?","M","?","?","E","$","E","T","?","E","R","?","M","R","BOSS","M","?","M","?","$","E","?","E","T","E","M","R","M","E","R","BOSS","M","$","?","M","M","E","?","M","T","E","M","M","M","M","R","BOSS","R","$","E","BOSS"],"items_purchased_type":["Card","Potion","Card","Relic","Relic","Card","Relic","Card","Card","Card","Relic","Relic","Card","Potion","Relic"],"build_version":"2020-12-22","purchased_purges":4,"victory":true,"max_hp_per_floor":[72,72,72,72,67,67,67,67,67,67,67,67,67,67,67,67,67,67,67,67,67,67,67,67,74,84,84,84,84,84,84,84,84,84,84,84,84,84,84,84,84,84,84,84,84,84,84,84,84,84,84,84,84,84,84],"relic_stats":{"Darkstone Periapt":0,"counters":[32,175],"CeramicFish":126,"Yang":[279],"Eternal Feather":0,"Juzu Bracelet":0,"Letter Opener":[80],"Smiling Mask":120,"MawBank":108,"WarpedTongs":[172],"Mercury Hourglass":[60],"Blood Vial":0,"Dream Catcher":0,"Shovel":1,"Sundial":[2],"Bloody Idol":39,"Snecko Eye":[261,275,267,234],"Kunai":[66],"obtain_stats":[{"Darkstone Periapt":34,"Calipers":34,"CeramicFish":31,"Vajra":36,"Yang":23,"Juzu Bracelet":40,"TeardropLocket":8,"Smiling Mask":34,"Old Coin":37,"Blood Vial":53,"Dream Catcher":27,"Shovel":41,"Sundial":53,"Strawberry":25,"Toolbox":22,"Kunai":9,"Pear":26,"Golden Idol":5,"Oddly Smooth Stone":22,"Eternal Feather":54,"The Courier":6,"Letter Opener":52,"MawBank":44,"Akabeko":11,"WarpedTongs":2,"Mercury Hourglass":53,"Calling Bell":34,"Anchor":13,"Bloody Idol":21,"Snecko Eye":17,"PureWater":0},{"Darkstone Periapt":17,"Calipers":17,"CeramicFish":16,"Vajra":18,"Yang":11,"Juzu Bracelet":22,"TeardropLocket":5,"Smiling Mask":17,"Old Coin":19,"Blood Vial":30,"Dream Catcher":13,"Shovel":23,"Sundial":30,"Strawberry":12,"Toolbox":10,"Kunai":5,"Pear":12,"Golden Idol":3,"Oddly Smooth Stone":10,"Eternal Feather":31,"The Courier":4,"Letter Opener":30,"MawBank":25,"Akabeko":6,"WarpedTongs":1,"Mercury Hourglass":30,"Calling Bell":17,"Anchor":6,"Bloody Idol":10,"Snecko Eye":8,"PureWater":0},{"Darkstone Periapt":77,"Calipers":77,"CeramicFish":68,"Vajra":83,"Yang":47,"Juzu Bracelet":105,"TeardropLocket":21,"Smiling Mask":77,"Old Coin":88,"Blood Vial":157,"Dream Catcher":55,"Shovel":111,"Sundial":157,"Strawberry":51,"Toolbox":42,"Kunai":21,"Pear":51,"Golden Idol":8,"Oddly Smooth Stone":42,"Eternal Feather":164,"The Courier":17,"Letter Opener":157,"MawBank":124,"Akabeko":23,"WarpedTongs":2,"Mercury Hourglass":157,"Calling Bell":77,"Anchor":23,"Bloody Idol":42,"Snecko Eye":33,"PureWater":0}]},"card_choices":[{"not_picked":["Impatience","Enlightenment"],"picked":"Finesse","floor":0},{"not_picked":["SashWhip","Meditate"],"picked":"CrushJoints","floor":1},{"not_picked":["BowlingBash","FlyingSleeves"],"picked":"EmptyFist","floor":3},{"not_picked":["WheelKick","EmptyBody"],"picked":"DevaForm","floor":4},{"not_picked":["Protect","EmptyFist"],"picked":"ThirdEye","floor":6},{"not_picked":["Perseverance","Indignation"],"picked":"DeusExMachina","floor":8},{"not_picked":["SignatureMove","FlyingSleeves","CrushJoints"],"picked":"SKIP","floor":11},{"not_picked":["EmptyFist","Halt","FlyingSleeves"],"picked":"SKIP","floor":14},{"not_picked":["LessonLearned","Ragnarok"],"picked":"Vault","floor":16},{"not_picked":["CrushJoints","EmptyFist","Consecrate+1"],"picked":"SKIP","floor":18},{"not_picked":["FlyingSleeves+1","Consecrate"],"picked":"Sanctity+1","floor":20},{"not_picked":["Swivel","Consecrate"],"picked":"Meditate","floor":23},{"not_picked":["Conclude+1","FollowUp","Prostrate"],"picked":"SKIP","floor":25},{"not_picked":["Alpha","CarveReality","SashWhip"],"picked":"SKIP","floor":27},{"not_picked":["FlurryOfBlows","WaveOfTheHand","Vengeance+1"],"picked":"SKIP","floor":28},{"not_picked":["ClearTheMind+1","PathToVictory","BowlingBash"],"picked":"SKIP","floor":30},{"not_picked":["DeusExMachina","Perseverance"],"picked":"TalkToTheHand","floor":31},{"not_picked":["Prostrate+1","EmptyBody"],"picked":"CutThroughFate+1","floor":35},{"not_picked":["InnerPeace+1","Crescendo+1"],"picked":"DeceiveReality","floor":37},{"not_picked":["FollowUp+1","Sanctity+1"],"picked":"MentalFortress+1","floor":38},{"not_picked":["Study+1","Pray+1","FlyingSleeves+1"],"picked":"SKIP","floor":39},{"not_picked":["JustLucky+1","Weave+1"],"picked":"EmptyMind","floor":40},{"not_picked":["Consecrate","Worship"],"picked":"Protect+1","floor":42},{"not_picked":["Scrawl","Perseverance"],"picked":"TalkToTheHand+1","floor":44},{"not_picked":["ForeignInfluence+1","ClearTheMind","JustLucky"],"picked":"SKIP","floor":45},{"not_picked":["FlurryOfBlows","Study"],"picked":"Meditate+1","floor":46},{"not_picked":["Pray+1","Indignation","CutThroughFate+1"],"picked":"SKIP","floor":47},{"not_picked":["BowlingBash+1","CutThroughFate+1","Pray"],"picked":"SKIP","floor":48},{"not_picked":["Halt","Consecrate","Swivel"],"picked":"SKIP","floor":54}],"player_experience":752349,"relics_obtained":[{"floor":6,"key":"The Courier"},{"floor":8,"key":"TeardropLocket"},{"floor":9,"key":"Kunai"},{"floor":11,"key":"Akabeko"},{"floor":13,"key":"Anchor"},{"floor":23,"key":"Yang"},{"floor":25,"key":"Strawberry"},{"floor":26,"key":"Pear"},{"floor":27,"key":"Dream Catcher"},{"floor":31,"key":"CeramicFish"},{"floor":34,"key":"Smiling Mask"},{"floor":34,"key":"Darkstone Periapt"},{"floor":34,"key":"Calipers"},{"floor":37,"key":"Old Coin"},{"floor":40,"key":"Juzu Bracelet"},{"floor":41,"key":"Shovel"},{"floor":44,"key":"MawBank"},{"floor":52,"key":"Letter Opener"},{"floor":54,"key":"Eternal Feather"}],"event_choices":[{"damage_healed":0,"gold_gain":0,"player_choice":"Rummage","damage_taken":0,"relics_obtained":["WarpedTongs"],"max_hp_gain":0,"max_hp_loss":0,"event_name":"Accursed Blacksmith","floor":2,"gold_loss":0,"cards_obtained":["Pain"]},{"damage_healed":0,"gold_gain":0,"player_choice":"Lose Max HP","damage_taken":0,"relics_obtained":["Golden Idol"],"max_hp_gain":0,"max_hp_loss":5,"event_name":"Golden Idol","floor":5,"gold_loss":0},{"damage_healed":22,"gold_gain":0,"player_choice":"Banana","damage_taken":0,"max_hp_gain":0,"max_hp_loss":0,"event_name":"Big Fish","floor":10,"gold_loss":0},{"damage_healed":0,"gold_gain":0,"player_choice":"Ignored","damage_taken":0,"max_hp_gain":0,"max_hp_loss":0,"event_name":"Vampires","floor":19,"gold_loss":0},{"damage_healed":0,"gold_gain":0,"player_choice":"Gave Idol","damage_taken":0,"relics_obtained":["Bloody Idol"],"max_hp_gain":0,"max_hp_loss":0,"event_name":"Forgotten Altar","floor":21,"relics_lost":["Golden Idol"],"gold_loss":0},{"damage_healed":0,"gold_gain":0,"player_choice":"Read","damage_taken":0,"max_hp_gain":0,"max_hp_loss":0,"event_name":"The Library","floor":24,"gold_loss":0,"cards_obtained":["Fasting2"]},{"damage_healed":0,"gold_gain":0,"player_choice":"Fight","damage_taken":0,"max_hp_gain":0,"max_hp_loss":0,"event_name":"Mysterious Sphere","floor":37,"gold_loss":0},{"damage_healed":0,"gold_gain":0,"player_choice":"Fight","damage_taken":0,"max_hp_gain":0,"max_hp_loss":0,"event_name":"MindBloom","floor":41,"gold_loss":0}],"is_beta":false,"boss_relics":[{"not_picked":["Velvet Choker","Empty Cage"],"picked":"Snecko Eye"},{"not_picked":["Tiny House","Runic Pyramid"],"picked":"Calling Bell"}],"items_purged_floors":[7,22,36,53],"is_endless":false,"potions_floor_spawned":[3,11,14,16,18,20,25,28,31,33,35,38,40,46],"ascension_level":10}}