{"host":"tlbbab9afexrkdtf","time":1613775617,"event":{"mods":["2.2 Compatiblity","AchievementEnabler","BaseMod","Colored Map","Colored Powertips","Minty Spire (QoL Compilation)","Rare Cards Sparkle","StSLib"],"gold_per_floor":[118,135,58,58,58,90,110,124,149,4,4,14,31,6,6,104,104,115,127,127,127,127],"floor_reached":21,"language":"ENG","playtime":668,"items_purged":[],"score":226,"play_id":"3fe15bb8-beb3-4e10-90f7-ba48f025e974","local_time":"20210219180017","is_ascension_mode":true,"campfire_choices":[{"floor":11,"key":"REST"},{"floor":15,"key":"REST"}],"circlet_count":0,"master_deck":["Strike_G","Strike_G","Strike_G+1","Strike_G+1","Defend_G","Defend_G+1","Defend_G","Defend_G","Defend_G","Survivor","Neutralize","Deflect","Blade Dance","Cloak And Dagger","Slice","Slice","Dodge and Roll","Distraction+1","Flechettes","Blade Dance","Underhanded Strike","Venomology","Flying Knee","Flying Knee+1","Writhe"],"relics":["Philosopher\u0027s Stone","Vajra","Whetstone","Oddly Smooth Stone","Toolbox","HoveringKite","War Paint"],"acts_visited":["Exordium","TheCity"],"potions_floor_usage":[6,16,16],"damage_taken":[{"damage":2,"enemies":"Jaw Worm","floor":1,"turns":5},{"damage":3,"enemies":"Small Slimes","floor":2,"turns":6},{"damage":40,"enemies":"Lagavulin","floor":6,"turns":9},{"damage":0,"enemies":"Cultist","floor":7,"turns":3},{"damage":0,"enemies":"Red Slaver","floor":8,"turns":3},{"damage":0,"enemies":"Exordium Thugs","floor":12,"turns":4},{"damage":0,"enemies":"Exordium Wildlife","floor":13,"turns":4},{"damage":16,"enemies":"Slime Boss","floor":16,"turns":10},{"damage":8,"enemies":"Shell Parasite","floor":18,"turns":4},{"damage":5,"enemies":"Chosen","floor":19,"turns":5},{"damage":59,"enemies":"Snake Plant","floor":21,"turns":5}],"seed_played":"-544829724836267255","potions_obtained":[{"floor":2,"key":"Regen Potion"},{"floor":8,"key":"BlessingOfTheForge"},{"floor":12,"key":"DistilledChaos"},{"floor":18,"key":"EssenceOfSteel"}],"is_trial":false,"path_per_floor":["M","M","$","?","?","E","M","M","T","$","R","M","M","$","R","B",null,"M","M","?","M"],"character_chosen":"THE_SILENT","items_purchased":["Cloak And Dagger","Slice","Toolbox","Underhanded Strike"],"campfire_rested":2,"item_purchase_floors":[3,3,10,14],"current_hp_per_floor":[68,65,65,58,58,33,33,33,33,33,54,54,54,54,70,54,66,58,53,53,0,0],"gold":127,"neow_bonus":"BOSS_RELIC","is_daily":false,"chose_seed":false,"campfire_upgraded":0,"win_rate":0.0,"timestamp":1613775617,"path_taken":["M","M","$","?","?","E","M","M","T","$","R","?","M","?","R","BOSS","M","M","?","M"],"items_purchased_type":["Card","Card","Relic","Card"],"build_version":"2020-12-22","purchased_purges":0,"victory":false,"max_hp_per_floor":[70,70,70,70,70,70,70,70,70,70,70,70,70,70,70,70,70,70,70,70,70,70],"card_choices":[{"not_picked":["Outmaneuver","Acrobatics"],"picked":"Deflect","floor":1},{"not_picked":["Calculated Gamble","Acrobatics"],"picked":"Blade Dance","floor":2},{"not_picked":["Sucker Punch","All Out Attack"],"picked":"Slice","floor":6},{"not_picked":["Eviscerate","Dagger Throw"],"picked":"Dodge and Roll","floor":7},{"not_picked":["Bane","Bouncing Flask"],"picked":"Distraction","floor":8},{"not_picked":["Crippling Poison","Bane"],"picked":"Flechettes","floor":12},{"not_picked":["Predator","Flechettes"],"picked":"Blade Dance","floor":13},{"not_picked":["Bullet Time","Burst"],"picked":"Venomology","floor":16},{"not_picked":["Prepared","Well Laid Plans+1"],"picked":"Flying Knee","floor":18},{"not_picked":["Deadly Poison","Dagger Spray"],"picked":"Flying Knee+1","floor":19}],"player_experience":341226,"relics_obtained":[{"floor":6,"key":"Whetstone"},{"floor":9,"key":"Oddly Smooth Stone"}],"event_choices":[{"damage_healed":0,"gold_gain":0,"player_choice":"Success","damage_taken":7,"relics_obtained":["Vajra"],"max_hp_gain":0,"max_hp_loss":0,"event_name":"Scrap Ooze","floor":4,"gold_loss":0},{"cards_removed":["Strike_G"],"damage_healed":0,"gold_gain":0,"player_choice":"Card Removal","damage_taken":0,"max_hp_gain":0,"max_hp_loss":0,"event_name":"Wheel of Change","floor":5,"gold_loss":0},{"damage_healed":0,"gold_gain":0,"player_choice":"Opened","damage_taken":0,"relics_obtained":["War Paint"],"max_hp_gain":0,"max_hp_loss":0,"event_name":"The Mausoleum","floor":20,"gold_loss":0,"cards_obtained":["Writhe"]}],"is_beta":false,"boss_relics":[{"not_picked":["Coffee Dripper","Velvet Choker"],"picked":"HoveringKite"}],"items_purged_floors":[],"is_endless":false,"potions_floor_spawned":[2,8,12,18],"killed_by":"Snake Plant","ascension_level":5}}