{"host":"lwys0gbp6t40j7jh","time":1613732886,"event":{"mods":["Act Like it!","Arknights","BaseMod","CapriCore","Downfall","Friendly Minions","GifTheSpireLib","Luminous","Minty Spire (QoL Compilation)","StSLib","SuperFastMode","The Marked"],"gold_per_floor":[99,112,112,22,40,40,63,89,89,109,123,133,33,53,69,69,69,69],"floor_reached":16,"language":"ENG","playtime":513,"items_purged":["hexamod:Defend"],"score":104,"play_id":"fd8f65d6-35a9-4114-88be-1a680b067646","local_time":"20210219120806","is_ascension_mode":false,"campfire_choices":[{"floor":1,"key":"RECALL"},{"data":"hexamod:EtherealExpedition","floor":9,"key":"SMITH"},{"data":"hexamod:GhostShield","floor":13,"key":"SMITH"}],"circlet_count":0,"master_deck":["hexamod:Strike","hexamod:Strike","hexamod:Strike","hexamod:Defend","hexamod:Defend","hexamod:Defend","hexamod:Sear","hexamod:Float","hexamod:EtherealExpedition+1","hexamod:Hexaguard","hexamod:NightmareGuise","hexamod:RecurringNightmare","hexamod:GhostShield+1","hexamod:NightmareStrike"],"relics":["hexamod:SpiritBrand","Pen Nib","hexamod:MatchstickCase","downfall:HeartBlessingRed"],"acts_visited":["Exordium"],"potions_floor_usage":[8,12],"damage_taken":[{"damage":0,"enemies":"Small Slimes","floor":2,"turns":4},{"damage":0,"enemies":"downfall:FleeingMerchant","floor":4,"turns":4},{"damage":1,"enemies":"Jaw Worm","floor":5,"turns":4},{"damage":16,"enemies":"3 Sentries","floor":8,"turns":12},{"damage":0,"enemies":"2 Louse","floor":10,"turns":2},{"damage":8,"enemies":"Red Slaver","floor":11,"turns":3},{"damage":0,"enemies":"Lots of Slimes","floor":12,"turns":2},{"damage":0,"enemies":"downfall:LooterAlt","floor":14,"turns":2},{"damage":0,"enemies":"Gremlin Gang","floor":15,"turns":6},{"damage":77,"enemies":"DF_ARCHETYPE_STREAMLINE","floor":16,"turns":14}],"seed_played":"-3901546528267832403","potions_obtained":[{"floor":5,"key":"Explosive Potion"},{"floor":8,"key":"FearPotion"},{"floor":11,"key":"Explosive Potion"},{"floor":12,"key":"Explosive Potion"},{"floor":14,"key":"SneckoOil"}],"is_trial":false,"path_per_floor":["R","M","?","$","M","?","T","E","R","M","M","M","R","M","M","B"],"character_chosen":"THE_SPIRIT","items_purchased":[],"campfire_rested":0,"item_purchase_floors":[],"current_hp_per_floor":[77,77,77,77,76,81,81,65,65,65,57,57,57,57,57,0,0,0],"gold":69,"neow_bonus":"TEN_PERCENT_HP_BONUS","is_daily":false,"chose_seed":false,"campfire_upgraded":2,"win_rate":0.0,"timestamp":1613732886,"path_taken":["R","M","?","$","M","?","T","E","R","M","M","M","R","M","M","BOSS"],"items_purchased_type":[],"build_version":"2020-12-22","purchased_purges":1,"victory":false,"max_hp_per_floor":[77,77,77,77,77,82,82,82,82,82,82,82,82,82,82,82,82,82],"card_choices":[{"not_picked":["hexamod:ThermalTransfer","hexamod:RetreatToShadows","hexamod:EmpoweredFlame"],"picked":"SKIP","floor":2},{"not_picked":["hexamod:ThirdSeal","hexamod:RainOfEmbers"],"picked":"hexamod:EtherealExpedition","floor":4},{"not_picked":["hexamod:GhostOfSpirePast","hexamod:SkipABeat"],"picked":"hexamod:Hexaguard","floor":5},{"not_picked":["hexamod:FlamesFromBeyond","hexamod:SwordOfDarkness"],"picked":"hexamod:NightmareGuise","floor":8},{"not_picked":["hexamod:HauntingEcho","hexamod:FastForward"],"picked":"hexamod:RecurringNightmare","floor":10},{"not_picked":["hexamod:DynamicBlow","hexamod:FirstSeal"],"picked":"hexamod:GhostShield","floor":11},{"not_picked":["hexamod:BurningTouch","hexamod:FastForward"],"picked":"hexamod:NightmareStrike","floor":12},{"not_picked":["hexamod:NightmareGuise","hexamod:HeatCrush","hexamod:ShieldOfDarkness"],"picked":"SKIP","floor":14},{"not_picked":["hexamod:RadiantFlame","hexamod:ExtraCrispy","hexamod:HeatMetal"],"picked":"SKIP","floor":15}],"player_experience":1255203,"relics_obtained":[{"floor":7,"key":"Pen Nib"},{"floor":8,"key":"hexamod:MatchstickCase"}],"event_choices":[{"damage_healed":0,"gold_gain":0,"player_choice":"Donut","damage_taken":0,"max_hp_gain":5,"max_hp_loss":0,"event_name":"Big Fish","floor":6,"gold_loss":0}],"is_beta":false,"boss_relics":[],"items_purged_floors":[4],"is_endless":false,"potions_floor_spawned":[5,8,11,12,14],"killed_by":"DF_ARCHETYPE_STREAMLINE","ascension_level":0}}