{"host":"8is2j71l4wmybkoi","time":1613735997,"event":{"mods":["AchievementEnabler","BaseMod","Colored Map","DeckTracker","Minty Spire (QoL Compilation)","Rare Cards Sparkle","Relic Stats","StSLib","SuperFastMode"],"gold_per_floor":[115,132,143,155,168,195,195,221,221,171,186,213,232,246,246,348,348,367,367,33,47,47,47,79,79,79,113,113,127,127,147,147,250,250,270,283,80,90,90,117,117,148,148,148,183,200,254,335,335,335],"floor_reached":51,"language":"KOR","playtime":2230,"items_purged":["Defend_B","Strike_B"],"score":1443,"play_id":"5a3d53e5-77aa-4e1f-a640-44e9a5e9f34e","local_time":"20210219205957","is_ascension_mode":true,"campfire_choices":[{"data":"Buffer","floor":7.0,"key":"SMITH"},{"data":"Defragment","floor":15.0,"key":"SMITH"},{"data":"Recycle","floor":23.0,"key":"SMITH"},{"data":"Go for the Eyes","floor":25.0,"key":"SMITH"},{"data":"Coolheaded","floor":28.0,"key":"SMITH"},{"data":"Darkness","floor":32.0,"key":"SMITH"},{"data":"Loop","floor":41,"key":"SMITH"},{"data":"Hologram","floor":44,"key":"SMITH"},{"data":"Turbo","floor":49,"key":"SMITH"}],"circlet_count":0,"master_deck":["AscendersBane","Strike_B","Defend_B","Defend_B","Defend_B","Zap","Dualcast","Buffer+1","FTL","Stack","Defragment+1","Conserve Battery","Go for the Eyes+1","Lockon","Gash","Undo","Reinforced Body","Glacier","Electrodynamics","Melter+1","Recycle+1","Steam+1","Turbo+1","Coolheaded+1","Darkness+1","Self Repair","Echo Form","Coolheaded+1","Redo+1","Hologram+1","Loop+1","Secret Technique","Dark Shackles","Creative AI","Compile Driver"],"relics":["Cracked Core","Darkstone Periapt","Meat on the Bone","Anchor","Odd Mushroom","SlaversCollar","HornCleat","Strawberry","DataDisk","Blue Candle","Coffee Dripper","FossilizedHelix","Pear","Ancient Tea Set","Lizard Tail","InkBottle"],"acts_visited":["Exordium","TheCity","TheBeyond"],"potions_floor_usage":[38,47,47],"damage_taken":[{"damage":0.0,"enemies":"Cultist","floor":1.0,"turns":4.0},{"damage":4.0,"enemies":"Jaw Worm","floor":2.0,"turns":4.0},{"damage":10.0,"enemies":"Small Slimes","floor":3.0,"turns":3.0},{"damage":3.0,"enemies":"Blue Slaver","floor":4.0,"turns":4.0},{"damage":10.0,"enemies":"Exordium Wildlife","floor":5.0,"turns":6.0},{"damage":20.0,"enemies":"Lagavulin","floor":6.0,"turns":8.0},{"damage":0.0,"enemies":"Gremlin Nob","floor":8.0,"turns":4.0},{"damage":0.0,"enemies":"3 Louse","floor":11.0,"turns":4.0},{"damage":10.0,"enemies":"The Mushroom Lair","floor":12.0,"turns":5.0},{"damage":0.0,"enemies":"Blue Slaver","floor":13.0,"turns":4.0},{"damage":0.0,"enemies":"Large Slime","floor":14.0,"turns":7.0},{"damage":0.0,"enemies":"Hexaghost","floor":16.0,"turns":15.0},{"damage":6.0,"enemies":"Spheric Guardian","floor":18.0,"turns":8.0},{"damage":1.0,"enemies":"2 Thieves","floor":21.0,"turns":4.0},{"damage":20.0,"enemies":"Book of Stabbing","floor":24.0,"turns":7.0},{"damage":17.0,"enemies":"Slavers","floor":27.0,"turns":5.0},{"damage":4.0,"enemies":"Snake Plant","floor":29.0,"turns":6.0},{"damage":0.0,"enemies":"Chosen and Byrds","floor":31.0,"turns":4.0},{"damage":0.0,"enemies":"Collector","floor":33.0,"turns":12.0},{"damage":0.0,"enemies":"3 Darklings","floor":35.0,"turns":4.0},{"damage":0.0,"enemies":"Orb Walker","floor":36.0,"turns":5.0},{"damage":32,"enemies":"4 Shapes","floor":38,"turns":7},{"damage":35,"enemies":"Reptomancer","floor":40,"turns":9},{"damage":0,"enemies":"Giant Head","floor":42,"turns":8},{"damage":0,"enemies":"Reptomancer","floor":45,"turns":9},{"damage":0,"enemies":"Spire Growth","floor":46,"turns":7},{"damage":0,"enemies":"2 Orb Walkers","floor":47,"turns":6},{"damage":37,"enemies":"Donu and Deca","floor":50,"turns":9}],"seed_played":"-101081294808253033","potions_obtained":[{"floor":3.0,"key":"Block Potion"},{"floor":6.0,"key":"DistilledChaos"},{"floor":11.0,"key":"FearPotion"},{"floor":13.0,"key":"DuplicationPotion"},{"floor":16.0,"key":"LiquidBronze"},{"floor":24.0,"key":"Swift Potion"},{"floor":29.0,"key":"Ancient Potion"},{"floor":33.0,"key":"ColorlessPotion"},{"floor":38,"key":"GamblersBrew"},{"floor":46,"key":"ColorlessPotion"}],"is_trial":false,"path_per_floor":["M","M","M","M","M","E","R","E","T","?","M","?","M","M","R","B",null,"M","?","$","M","?","R","E","R","T","E","R","M","?","M","R","B",null,"M","M","$","M","?","E","R","E","T","R","E","M","?","T","R","B",null],"character_chosen":"DEFECT","items_purchased":["HornCleat","Hologram","Loop"],"campfire_rested":0,"item_purchase_floors":[20,37,37],"current_hp_per_floor":[68,64,54,51,41,21,21,21,21,21,33,35,35,35,35,35,60,54,54,54,53,53,53,52,52,52,47,47,43,43,43,43,50,69,75,75,75,50,40,24,24,60,60,60,67,67,74,74,74,56],"gold":335,"neow_bonus":"THREE_RARE_CARDS","is_daily":false,"chose_seed":false,"campfire_upgraded":9,"win_rate":0.0,"timestamp":1613735997,"path_taken":["M","M","M","M","M","E","R","E","T","?","M","?","M","?","R","BOSS","M","?","$","M","?","R","E","R","T","E","R","M","?","M","R","BOSS","M","M","$","M","?","E","R","E","T","R","E","M","?","?","R","BOSS"],"items_purchased_type":["Relic","Card","Card"],"build_version":"2020-12-22","purchased_purges":2,"victory":true,"max_hp_per_floor":[68,68,68,68,68,68,68,68,68,68,68,68,68,68,68,68,68,68,68,68,68,68,68,75,75,75,75,75,75,75,75,75,75,75,75,75,75,75,75,75,75,85,85,85,85,85,85,85,85,85],"relic_stats":{"Darkstone Periapt":0,"Lizard Tail":0,"counters":[28,177],"Blue Candle":[0],"obtain_stats":[{"Darkstone Periapt":6,"Pear":42,"Blue Candle":27,"Odd Mushroom":12,"Ancient Tea Set":45,"SlaversCollar":17,"Anchor":9,"DataDisk":26,"Lizard Tail":47,"HornCleat":20,"Strawberry":24,"Coffee Dripper":34,"Cracked Core":0,"FossilizedHelix":40,"InkBottle":48,"Meat on the Bone":8},{"Darkstone Periapt":6,"Pear":24,"Blue Candle":16,"Odd Mushroom":9,"Ancient Tea Set":25,"SlaversCollar":12,"Anchor":7,"DataDisk":15,"Lizard Tail":27,"HornCleat":13,"Strawberry":15,"Coffee Dripper":19,"Cracked Core":0,"FossilizedHelix":23,"InkBottle":27,"Meat on the Bone":7},{"Darkstone Periapt":29,"Pear":146,"Blue Candle":92,"Odd Mushroom":42,"Ancient Tea Set":155,"SlaversCollar":68,"Anchor":33,"DataDisk":87,"Lizard Tail":168,"HornCleat":76,"Strawberry":87,"Coffee Dripper":114,"Cracked Core":0,"FossilizedHelix":138,"InkBottle":168,"Meat on the Bone":33}],"InkBottle":[5],"Meat on the Bone":84},"card_choices":[{"not_picked":["Multi-Cast","Thunder Strike"],"picked":"Buffer","floor":0.0},{"not_picked":["Steam","Redo"],"picked":"FTL","floor":1.0},{"not_picked":["Redo","FTL"],"picked":"Stack","floor":2.0},{"not_picked":["Turbo","Cold Snap"],"picked":"Defragment","floor":3.0},{"not_picked":["White Noise","Gash"],"picked":"Conserve Battery","floor":4.0},{"not_picked":["Gash","Beam Cell"],"picked":"Go for the Eyes","floor":5.0},{"not_picked":["Blizzard","Steam","Loop"],"picked":"SKIP","floor":6.0},{"not_picked":["White Noise","Steam"],"picked":"Lockon","floor":8.0},{"not_picked":["Auto Shields","Machine Learning"],"picked":"Gash","floor":11.0},{"not_picked":["Lockon","BootSequence"],"picked":"Undo","floor":12.0},{"not_picked":["Doom and Gloom","Stack"],"picked":"Reinforced Body","floor":13.0},{"not_picked":["Auto Shields","Barrage"],"picked":"Glacier","floor":14.0},{"not_picked":["Core Surge","All For One"],"picked":"Electrodynamics","floor":16.0},{"not_picked":["Steam","Compile Driver"],"picked":"Melter+1","floor":18.0},{"not_picked":["Sweeping Beam","Glacier"],"picked":"Steam+1","floor":21.0},{"not_picked":["Steam","Hello World"],"picked":"Turbo","floor":24.0},{"not_picked":["Recycle+1","Conserve Battery"],"picked":"Coolheaded","floor":27.0},{"not_picked":["Gash","Genetic Algorithm+1"],"picked":"Darkness","floor":29.0},{"not_picked":["Compile Driver","Leap"],"picked":"Self Repair","floor":31.0},{"not_picked":["Buffer","Thunder Strike"],"picked":"Echo Form","floor":33.0},{"not_picked":["Blizzard+1","Sweeping Beam"],"picked":"Coolheaded+1","floor":35.0},{"not_picked":["Steam","Gash+1"],"picked":"Redo+1","floor":36.0},{"not_picked":["Reprogram+1","Steam","Coolheaded+1"],"picked":"SKIP","floor":38},{"not_picked":["Swift Strike","Magnetism"],"picked":"Secret Technique","floor":39},{"not_picked":["Thinking Ahead","Chrysalis"],"picked":"Dark Shackles","floor":39},{"not_picked":["Scrape+1","Gash","Beam Cell"],"picked":"SKIP","floor":40},{"not_picked":["Undo+1","Stack","Leap+1"],"picked":"SKIP","floor":42},{"not_picked":["Self Repair+1","Genetic Algorithm"],"picked":"Creative AI","floor":45},{"not_picked":["Chill","Steam Power+1"],"picked":"Compile Driver","floor":46}],"player_experience":1249808,"relics_obtained":[{"floor":6.0,"key":"Darkstone Periapt"},{"floor":8.0,"key":"Meat on the Bone"},{"floor":9.0,"key":"Anchor"},{"floor":12.0,"key":"Odd Mushroom"},{"floor":24.0,"key":"Strawberry"},{"floor":26.0,"key":"DataDisk"},{"floor":27.0,"key":"Blue Candle"},{"floor":40,"key":"FossilizedHelix"},{"floor":42,"key":"Pear"},{"floor":45,"key":"Ancient Tea Set"},{"floor":47,"key":"Lizard Tail"},{"floor":48,"key":"InkBottle"}],"event_choices":[{"cards_removed":["Strike_B"],"damage_healed":0.0,"max_hp_gain":0.0,"max_hp_loss":0.0,"gold_gain":0.0,"event_name":"The Cleric","player_choice":"Card Removal","floor":10.0,"gold_loss":50.0,"damage_taken":0.0},{"damage_healed":0.0,"max_hp_gain":0.0,"max_hp_loss":0.0,"gold_gain":0.0,"event_name":"Mushrooms","player_choice":"Fought Mushrooms","floor":12.0,"gold_loss":0.0,"damage_taken":0.0},{"damage_healed":0.0,"max_hp_gain":0.0,"max_hp_loss":0.0,"gold_gain":0.0,"event_name":"The Library","player_choice":"Read","floor":19.0,"gold_loss":0.0,"damage_taken":0.0,"cards_obtained":["Recycle"]},{"cards_removed":["Strike_B"],"damage_healed":0.0,"max_hp_gain":0.0,"max_hp_loss":0.0,"gold_gain":0.0,"event_name":"Back to Basics","player_choice":"Elegance","floor":22.0,"gold_loss":0.0,"damage_taken":0.0},{"damage_healed":0.0,"max_hp_gain":0.0,"max_hp_loss":0.0,"gold_gain":0.0,"event_name":"Ghosts","player_choice":"Ignored","floor":30.0,"gold_loss":0.0,"damage_taken":0.0},{"damage_healed":0,"gold_gain":0,"player_choice":"Memory 3","damage_taken":10,"max_hp_gain":0,"max_hp_loss":0,"event_name":"SensoryStone","floor":39,"gold_loss":0},{"damage_healed":0,"gold_gain":0,"player_choice":"Fight","damage_taken":0,"max_hp_gain":0,"max_hp_loss":0,"event_name":"Mysterious Sphere","floor":47,"gold_loss":0}],"is_beta":false,"boss_relics":[{"not_picked":["FrozenCore","Runic Dome"],"picked":"SlaversCollar"},{"not_picked":["Empty Cage","Pandora\u0027s Box"],"picked":"Coffee Dripper"}],"items_purged_floors":[20,37],"is_endless":false,"potions_floor_spawned":[3,6,11,13,16,24,29,33,36,38,45,46],"ascension_level":10}}