{"host":"tzwikg9s6mkzv6w0","time":1613742815,"event":{"mods":["BaseMod","Good Game Mod","Minty Spire (QoL Compilation)","Spicy Shops","StSLib"],"gold_per_floor":[115,132,152,152,152,186,186,24,24,63,63,84,125,150,150,246,246,260,260,160,183,203,239,92,131,158,199,218,218,218,237,237,326,326,341,58,58,71,71,91,127,127,154,2,63,101,117,453,453,453,453,453,128,161,161],"floor_reached":56,"language":"ZHS","playtime":1258,"items_purged":["Defend_P","Defend_P","Strike_P","Strike_P","Strike_P"],"score":2579,"play_id":"e4c53bd4-b725-42dd-8e9a-3c774552a979","local_time":"20210219215335","is_ascension_mode":true,"campfire_choices":[{"data":"Eruption","floor":7.0,"key":"SMITH"},{"data":"Hyperbeam","floor":11.0,"key":"SMITH"},{"data":"TalkToTheHand","floor":15.0,"key":"SMITH"},{"data":"Ragnarok","floor":30.0,"key":"SMITH"},{"data":"Vault","floor":32.0,"key":"SMITH"},{"data":"Defend_P","floor":42.0,"key":"PURGE"},{"floor":49.0,"key":"RECALL"},{"data":"TalkToTheHand","floor":52,"key":"SMITH"}],"circlet_count":0,"master_deck":["AscendersBane","Strike_P","Eruption+1","Vigilance","Hyperbeam+1","TalkToTheHand+1","EmptyMind+1","Vault+1","BowlingBash+1","Ragnarok+1","DeusExMachina","FearNoEvil","Crescendo+1","Flash of Steel","Flash of Steel","TalkToTheHand+1"],"relics":["PureWater","REME:ComplimentaryCards","NeowsBlessing","Golden Idol","Mummified Hand","Gambling Chip","Shuriken","Ice Cream","White Beast Statue","Sozu","TeardropLocket","TheAbacus","Lantern","Pen Nib","Darkstone Periapt","MutagenicStrength","VioletLotus","PreservedInsect","Peace Pipe","Medical Kit","Prayer Wheel","Pantograph","Old Coin","Blue Candle"],"acts_visited":["Exordium","TheCity","TheBeyond","TheEnding"],"potions_floor_usage":[55],"damage_taken":[{"damage":0.0,"enemies":"Small Slimes","floor":1.0,"turns":1.0},{"damage":0.0,"enemies":"Jaw Worm","floor":2.0,"turns":1.0},{"damage":0.0,"enemies":"Cultist","floor":3.0,"turns":1.0},{"damage":0.0,"enemies":"Gremlin Nob","floor":6.0,"turns":2.0},{"damage":10.0,"enemies":"Lagavulin","floor":10.0,"turns":4.0},{"damage":0.0,"enemies":"Blue Slaver","floor":12.0,"turns":2.0},{"damage":0.0,"enemies":"3 Sentries","floor":13.0,"turns":1.0},{"damage":0.0,"enemies":"Exordium Wildlife","floor":14.0,"turns":1.0},{"damage":33.0,"enemies":"The Guardian","floor":16.0,"turns":7.0},{"damage":0.0,"enemies":"2 Thieves","floor":18.0,"turns":2.0},{"damage":0.0,"enemies":"Spheric Guardian","floor":21.0,"turns":3.0},{"damage":0.0,"enemies":"Snake Plant","floor":22.0,"turns":1.0},{"damage":0.0,"enemies":"Slavers","floor":23.0,"turns":2.0},{"damage":0.0,"enemies":"Gremlin Leader","floor":25.0,"turns":3.0},{"damage":0.0,"enemies":"Book of Stabbing","floor":27.0,"turns":3.0},{"damage":10.0,"enemies":"Centurion and Healer","floor":28.0,"turns":2.0},{"damage":0.0,"enemies":"Cultist and Chosen","floor":31.0,"turns":1.0},{"damage":0.0,"enemies":"Champ","floor":33.0,"turns":5.0},{"damage":0.0,"enemies":"3 Darklings","floor":35.0,"turns":1.0},{"damage":4.0,"enemies":"3 Shapes","floor":38.0,"turns":2.0},{"damage":0.0,"enemies":"Spire Growth","floor":40.0,"turns":3.0},{"damage":0.0,"enemies":"Giant Head","floor":41.0,"turns":2.0},{"damage":0.0,"enemies":"2 Orb Walkers","floor":45.0,"turns":1.0},{"damage":0.0,"enemies":"Nemesis","floor":46.0,"turns":2.0},{"damage":0.0,"enemies":"Sphere and 2 Shapes","floor":47.0,"turns":1.0},{"damage":0.0,"enemies":"Reptomancer","floor":48.0,"turns":1.0},{"damage":46,"enemies":"Donu and Deca","floor":50,"turns":5},{"damage":0,"enemies":"Shield and Spear","floor":54,"turns":1},{"damage":18,"enemies":"The Heart","floor":55,"turns":6}],"seed_played":"2902833866391662697","potions_obtained":[{"floor":1.0,"key":"EssenceOfSteel"},{"floor":14.0,"key":"Strength Potion"},{"floor":16.0,"key":"DuplicationPotion"}],"is_trial":false,"path_per_floor":["M","M","M","?","?","E","R","$","T","E","R","M","E","M","R","B",null,"M","?","$","M","M","E","$","E","T","E","M","?","R","M","R","B",null,"M","$","?","M","?","M","E","R","T","$","?","E","M","E","R","B",null,"R","$","E","B",null],"character_chosen":"WATCHER","items_purchased":["Gambling Chip","TheAbacus","PreservedInsect","FearNoEvil","Medical Kit"],"campfire_rested":0,"item_purchase_floors":[8,24,36,36,44],"current_hp_per_floor":[61,61,61,61,54,54,54,54,54,44,44,44,44,44,44,11,49,49,62,62,62,62,62,62,62,62,62,52,52,52,52,52,52,60,60,60,60,56,51,51,51,51,51,51,51,51,51,51,51,16,51,51,51,51,44],"gold":161,"neow_bonus":"THREE_ENEMY_KILL","is_daily":false,"chose_seed":false,"campfire_upgraded":6,"win_rate":0.0,"timestamp":1613742815,"path_taken":["M","M","M","?","?","E","R","?","T","E","R","M","E","M","R","BOSS","M","?","?","M","M","E","$","E","T","E","M","?","R","M","R","BOSS","M","$","?","?","?","M","E","R","T","$","?","E","M","E","R","BOSS","R","$","E","BOSS"],"items_purchased_type":["Relic","Relic","Relic","Card","Relic"],"build_version":"2020-12-22","purchased_purges":5,"victory":true,"max_hp_per_floor":[68,68,68,62,62,62,62,62,62,62,62,62,62,62,62,62,62,62,62,62,62,62,62,62,62,62,62,62,62,62,62,62,62,62,62,62,62,62,62,62,62,62,62,62,62,62,62,62,62,62,62,62,62,62,62],"card_choices":[{"not_picked":["ClearTheMind","CutThroughFate","CrushJoints"],"picked":"SKIP","floor":1.0},{"not_picked":["WaveOfTheHand","PathToVictory"],"picked":"TalkToTheHand","floor":2.0},{"not_picked":["Pray","MentalFortress"],"picked":"EmptyMind","floor":3.0},{"not_picked":["Consecrate","Crescendo","Halt"],"picked":"SKIP","floor":6.0},{"not_picked":["Meditate","Brilliance","CutThroughFate"],"picked":"SKIP","floor":10.0},{"not_picked":["WreathOfFlame","ThirdEye","Protect"],"picked":"SKIP","floor":12.0},{"not_picked":["Consecrate","CutThroughFate","Pray"],"picked":"SKIP","floor":13.0},{"not_picked":["Halt","EmptyFist","Prostrate"],"picked":"SKIP","floor":14.0},{"not_picked":["Halt","EmptyFist","Prostrate"],"picked":"SKIP","floor":14.0},{"not_picked":["ConjureBlade","Establishment"],"picked":"Vault","floor":16.0},{"not_picked":["SandsOfTime","ClearTheMind","LikeWater"],"picked":"SKIP","floor":18.0},{"not_picked":["CutThroughFate+1","Consecrate","PathToVictory"],"picked":"SKIP","floor":21.0},{"not_picked":["Halt","EmptyBody","Sanctity"],"picked":"SKIP","floor":22.0},{"not_picked":["Crescendo","Protect","SashWhip"],"picked":"SKIP","floor":23.0},{"not_picked":["Alpha","Study"],"picked":"BowlingBash+1","floor":25.0},{"not_picked":["SashWhip","EmptyFist"],"picked":"Ragnarok","floor":27.0},{"not_picked":["BowlingBash","Crescendo","FlyingSleeves"],"picked":"SKIP","floor":28.0},{"not_picked":["Consecrate","FlyingSleeves","Evaluate"],"picked":"SKIP","floor":31.0},{"not_picked":["Ragnarok","Blasphemy"],"picked":"DeusExMachina","floor":33.0},{"not_picked":["SashWhip","ClearTheMind","CutThroughFate+1"],"picked":"SKIP","floor":35.0},{"not_picked":["Evaluate","CutThroughFate"],"picked":"Crescendo+1","floor":38.0},{"not_picked":["Panacea","Panache"],"picked":"Flash of Steel","floor":39.0},{"not_picked":["The Bomb","Thinking Ahead"],"picked":"Flash of Steel","floor":39.0},{"not_picked":["Halt","Weave","WindmillStrike+1"],"picked":"SKIP","floor":40.0},{"not_picked":["Study","FlurryOfBlows+1","ThirdEye"],"picked":"SKIP","floor":41.0},{"not_picked":["EmptyBody","ForeignInfluence"],"picked":"TalkToTheHand","floor":46.0},{"not_picked":["TalkToTheHand","EmptyFist","WreathOfFlame"],"picked":"SKIP","floor":47.0},{"not_picked":["Vengeance+1","FlurryOfBlows","FlyingSleeves"],"picked":"SKIP","floor":47.0},{"not_picked":["Collect+1","FlyingSleeves","FollowUp"],"picked":"SKIP","floor":48.0},{"not_picked":["ClearTheMind","SashWhip+1","LessonLearned"],"picked":"SKIP","floor":54}],"player_experience":157223,"relics_obtained":[{"floor":6.0,"key":"Mummified Hand"},{"floor":9.0,"key":"Shuriken"},{"floor":10.0,"key":"Ice Cream"},{"floor":13.0,"key":"White Beast Statue"},{"floor":23.0,"key":"TeardropLocket"},{"floor":25.0,"key":"Lantern"},{"floor":26.0,"key":"Pen Nib"},{"floor":27.0,"key":"Darkstone Periapt"},{"floor":41.0,"key":"Peace Pipe"},{"floor":45.0,"key":"Prayer Wheel"},{"floor":46.0,"key":"Pantograph"},{"floor":48.0,"key":"Old Coin"},{"floor":54,"key":"Blue Candle"}],"event_choices":[{"damage_healed":0.0,"max_hp_gain":0.0,"max_hp_loss":6.0,"gold_gain":0.0,"event_name":"Golden Idol","player_choice":"Lose Max HP","floor":4.0,"gold_loss":0.0,"damage_taken":0.0,"relics_obtained":["Golden Idol"]},{"cards_removed":["Defend_P"],"damage_healed":0.0,"max_hp_gain":0.0,"max_hp_loss":0.0,"gold_gain":0.0,"event_name":"Golden Wing","player_choice":"Card Removal","floor":5.0,"gold_loss":0.0,"damage_taken":7.0},{"damage_healed":13.0,"max_hp_gain":0.0,"max_hp_loss":0.0,"gold_gain":0.0,"event_name":"Wheel of Change","player_choice":"Full Heal","floor":19.0,"gold_loss":0.0,"damage_taken":0.0},{"damage_healed":0.0,"max_hp_gain":0.0,"max_hp_loss":0.0,"gold_gain":0.0,"event_name":"Drug Dealer","player_choice":"Inject Mutagens","floor":29.0,"gold_loss":0.0,"damage_taken":0.0,"relics_obtained":["MutagenicStrength"]},{"damage_healed":0.0,"max_hp_gain":0.0,"max_hp_loss":0.0,"gold_gain":0.0,"event_name":"Accursed Blacksmith","player_choice":"Forge","floor":37.0,"gold_loss":0.0,"damage_taken":0.0,"cards_upgraded":["EmptyMind"]},{"damage_healed":0.0,"max_hp_gain":0.0,"max_hp_loss":0.0,"gold_gain":0.0,"event_name":"SensoryStone","player_choice":"Memory 2","floor":39.0,"gold_loss":0.0,"damage_taken":5.0},{"damage_healed":0.0,"max_hp_gain":0.0,"max_hp_loss":0.0,"gold_gain":0.0,"event_name":"Mysterious Sphere","player_choice":"Fight","floor":45.0,"gold_loss":0.0,"damage_taken":0.0}],"is_beta":false,"boss_relics":[{"not_picked":["Tiny House","Velvet Choker"],"picked":"Sozu"},{"not_picked":["Busted Crown","Runic Pyramid"],"picked":"VioletLotus"}],"items_purged_floors":[8,20,36,53,53],"is_endless":false,"potions_floor_spawned":[1,10,12,14,16,18,21,22,23,25,27,28,31,33,35,38,40,41,45,46,47,48,54],"ascension_level":15}}