{"host":"w5thk1acqacem6ba","time":1613747184,"event":{"mods":["AchievementEnabler","BaseMod","Colored Map","KOR Keyword Fix","Minty Spire (QoL Compilation)","SuperFastMode"],"gold_per_floor":[111,111,123,135,152,152,170,170,170,170,95,111,11,86,86,86,86],"floor_reached":16,"language":"KOR","playtime":404,"items_purged":["Defend_B","Strike_B"],"score":120,"play_id":"bdefe45c-01fb-4533-ba9c-e50b28740ba5","local_time":"20210220000624","is_ascension_mode":true,"campfire_choices":[{"data":"Darkness","floor":6,"key":"SMITH"},{"floor":8,"key":"REST"},{"floor":10,"key":"REST"},{"floor":15,"key":"REST"}],"circlet_count":0,"master_deck":["Strike_B","Strike_B","Strike_B","Defend_B","Defend_B","Zap+1","Dualcast","Darkness+1","Hologram","Redo","Self Repair","Glacier"],"relics":["Cracked Core","Pear"],"acts_visited":["Exordium"],"potions_floor_usage":[],"damage_taken":[{"damage":0,"enemies":"Small Slimes","floor":1,"turns":2},{"damage":1,"enemies":"Cultist","floor":3,"turns":3},{"damage":10,"enemies":"2 Louse","floor":4,"turns":2},{"damage":24,"enemies":"Large Slime","floor":5,"turns":4},{"damage":8,"enemies":"Blue Slaver","floor":7,"turns":4},{"damage":14,"enemies":"Exordium Wildlife","floor":12,"turns":3},{"damage":85,"enemies":"Hexaghost","floor":16,"turns":11}],"seed_played":"-8748914018442226472","potions_obtained":[{"floor":3,"key":"Fire Potion"},{"floor":4,"key":"SpeedPotion"},{"floor":7,"key":"PowerPotion"}],"is_trial":false,"path_per_floor":["M","?","M","M","M","R","M","R","T","R","$","M","$","?","R","B"],"character_chosen":"DEFECT","items_purchased":[],"campfire_rested":3,"item_purchase_floors":[],"current_hp_per_floor":[68,68,67,57,33,33,25,47,57,82,82,75,75,64,85,0,0],"gold":86,"neow_bonus":"UPGRADE_CARD","is_daily":false,"chose_seed":false,"campfire_upgraded":1,"win_rate":0.0,"timestamp":1613747184,"path_taken":["M","?","?","M","M","R","M","R","T","R","$","M","$","?","R","BOSS"],"items_purchased_type":[],"build_version":"2020-12-22","purchased_purges":2,"victory":false,"max_hp_per_floor":[75,75,75,75,75,75,75,75,85,85,85,85,85,85,85,85,85],"card_choices":[{"not_picked":["Rebound","Compile Driver"],"picked":"Darkness","floor":1},{"not_picked":["Reprogram","Heatsinks"],"picked":"Hologram","floor":3},{"not_picked":["Rebound","Ball Lightning"],"picked":"Redo","floor":4},{"not_picked":["Lockon","Thunder Strike","Streamline"],"picked":"SKIP","floor":5},{"not_picked":["Sweeping Beam","Compile Driver"],"picked":"Self Repair","floor":7},{"not_picked":["Turbo","Beam Cell"],"picked":"Glacier","floor":12}],"player_experience":432374,"relics_obtained":[{"floor":9,"key":"Pear"}],"event_choices":[{"cards_removed":["Defend_B"],"damage_healed":0,"gold_gain":0,"player_choice":"Purged","damage_taken":0,"max_hp_gain":0,"max_hp_loss":0,"event_name":"Purifier","floor":2,"gold_loss":0},{"damage_healed":0,"gold_gain":75,"player_choice":"Gather Gold","damage_taken":11,"max_hp_gain":0,"max_hp_loss":0,"event_name":"World of Goop","floor":14,"gold_loss":0}],"is_beta":false,"boss_relics":[],"items_purged_floors":[11,13],"is_endless":false,"potions_floor_spawned":[3,4,7],"killed_by":"Hexaghost","ascension_level":6}}