{"host":"jz4ul6vrcxqkcr33","time":1613770286,"event":{"mods":["BaseMod","Minty Spire (QoL Compilation)","StSLib"],"gold_per_floor":[109,126,126,76,2,2,45,45,95,111,129,163,187,227,227,356,356,380,29,29,46,60,86,11,11,34,34,46,21,21,44,44,143,143,158,177,193,193,210,226,255,255,300,319,337,368,379,395,395,395,395,395,10,42,42,42],"floor_reached":55,"language":"ENG","playtime":2799,"items_purged":["Shame"],"score":1453,"play_id":"4d33836c-92ea-4f2f-b02b-ba6f8f30aff1","local_time":"20210219163126","is_ascension_mode":true,"campfire_choices":[{"data":"Go for the Eyes","floor":6.0,"key":"SMITH"},{"data":"Buffer","floor":8.0,"key":"SMITH"},{"data":"Defragment","floor":15.0,"key":"SMITH"},{"floor":27.0,"key":"REST"},{"data":"Buffer","floor":30.0,"key":"SMITH"},{"data":"Amplify","floor":32.0,"key":"SMITH"},{"floor":42.0,"key":"RECALL"},{"data":"Seek","floor":49.0,"key":"SMITH"},{"data":"Machine Learning","floor":52.0,"key":"SMITH"}],"circlet_count":0,"master_deck":["AscendersBane","Strike_B","Strike_B","Defend_B","Defend_B","Defend_B","Defend_B","Zap","Dualcast","Defragment+1","Go for the Eyes+1","Scrape","Buffer+1","BootSequence","Electrodynamics","Amplify+1","Sweeping Beam","Ball Lightning","Buffer+1","Beam Cell+1","Compile Driver","Genetic Algorithm+1","Auto Shields","Glacier","Barrage","Machine Learning+1","Hologram+1","Rainbow","Coolheaded","Glacier+1","Reinforced Body","Capacitor","Coolheaded+1","Barrage+1","Seek+1","Scrape+1","Glacier+1","Heatsinks"],"relics":["Cracked Core","NeowsBlessing","Bloody Idol","Toy Ornithopter","Bag of Preparation","Question Card","Kunai","Philosopher\u0027s Stone","Tiny Chest","Runic Capacitor","Emotion Chip","Thread and Needle","Oddly Smooth Stone","Pen Nib","Nuclear Battery","CaptainsWheel","Singing Bowl","Cables","HornCleat"],"acts_visited":["Exordium","TheCity","TheBeyond","TheEnding"],"potions_floor_usage":[55],"damage_taken":[{"damage":0.0,"enemies":"Cultist","floor":1.0,"turns":1.0},{"damage":0.0,"enemies":"Jaw Worm","floor":2.0,"turns":1.0},{"damage":0.0,"enemies":"3 Sentries","floor":7.0,"turns":1.0},{"damage":0.0,"enemies":"2 Louse","floor":10.0,"turns":3.0},{"damage":0.0,"enemies":"Exordium Wildlife","floor":11.0,"turns":5.0},{"damage":0.0,"enemies":"Lagavulin","floor":12.0,"turns":7.0},{"damage":0.0,"enemies":"Blue Slaver","floor":13.0,"turns":4.0},{"damage":10.0,"enemies":"3 Sentries","floor":14.0,"turns":4.0},{"damage":15.0,"enemies":"The Guardian","floor":16.0,"turns":9.0},{"damage":3.0,"enemies":"3 Byrds","floor":18.0,"turns":2.0},{"damage":7.0,"enemies":"Shell Parasite","floor":21.0,"turns":4.0},{"damage":20.0,"enemies":"Shelled Parasite and Fungi","floor":22.0,"turns":4.0},{"damage":36.0,"enemies":"Slavers","floor":23.0,"turns":4.0},{"damage":0.0,"enemies":"Centurion and Healer","floor":28.0,"turns":8.0},{"damage":0.0,"enemies":"Automaton","floor":33.0,"turns":10.0},{"damage":18.0,"enemies":"3 Darklings","floor":35.0,"turns":5.0},{"damage":0.0,"enemies":"Orb Walker","floor":36.0,"turns":3.0},{"damage":1.0,"enemies":"Jaw Worm Horde","floor":37.0,"turns":4.0},{"damage":0.0,"enemies":"Spire Growth","floor":39.0,"turns":5.0},{"damage":17.0,"enemies":"4 Shapes","floor":40.0,"turns":2.0},{"damage":0.0,"enemies":"Giant Head","floor":41.0,"turns":10.0},{"damage":9.0,"enemies":"Jaw Worm Horde","floor":44.0,"turns":7.0},{"damage":0.0,"enemies":"Transient","floor":45.0,"turns":5.0},{"damage":0.0,"enemies":"Reptomancer","floor":46.0,"turns":4.0},{"damage":0.0,"enemies":"Spire Growth","floor":47.0,"turns":6.0},{"damage":0.0,"enemies":"Jaw Worm Horde","floor":48.0,"turns":4.0},{"damage":0.0,"enemies":"Time Eater","floor":50.0,"turns":11.0},{"damage":10.0,"enemies":"Shield and Spear","floor":54.0,"turns":8.0},{"damage":71,"enemies":"The Heart","floor":55,"turns":11}],"seed_played":"-4870615847373323767","potions_obtained":[{"floor":1.0,"key":"Swift Potion"},{"floor":11.0,"key":"Energy Potion"},{"floor":22.0,"key":"Energy Potion"},{"floor":23.0,"key":"Fire Potion"},{"floor":36.0,"key":"Dexterity Potion"},{"floor":41.0,"key":"CultistPotion"},{"floor":44.0,"key":"LiquidMemories"},{"floor":46.0,"key":"AttackPotion"},{"floor":47.0,"key":"Swift Potion"}],"is_trial":false,"path_per_floor":["M","M","?","?","$","R","E","R","T","M","M","E","M","E","R","B",null,"M","$","?","M","M","E","?","?","T","R","M","$","R","T","R","B",null,"M","M","M","?","M","M","E","R","T","M","M","E","M","M","R","B",null,"R","$","E","B"],"character_chosen":"DEFECT","items_purchased":["Scrape","Tiny Chest","Runic Capacitor","Gash","Barrage","Cables","Heatsinks"],"campfire_rested":1,"item_purchase_floors":[5,19,19,19,29,53,53],"current_hp_per_floor":[68,68,68,68,68,68,68,68,68,68,68,68,68,58,58,43,63,65,65,65,63,48,22,22,22,27,47,52,52,52,57,57,62,67,56,61,65,65,69,57,67,67,69,65,69,69,69,69,69,69,69,69,69,66,0,0],"gold":42,"neow_bonus":"THREE_ENEMY_KILL","is_daily":false,"chose_seed":false,"campfire_upgraded":7,"win_rate":0.0,"timestamp":1613770286,"path_taken":["M","?","?","?","?","R","E","R","T","?","M","E","M","E","R","BOSS","M","$","?","M","M","E","?","?","T","R","M","$","R","?","R","BOSS","M","?","M","?","M","M","E","R","T","M","M","E","M","M","R","BOSS","R","$","E","BOSS"],"items_purchased_type":["Card","Relic","Relic","Card","Card","Relic","Card"],"build_version":"2020-12-13","purchased_purges":1,"victory":false,"max_hp_per_floor":[75,75,69,69,69,69,69,69,69,69,69,69,69,69,69,69,69,69,69,69,69,69,69,69,69,69,69,69,69,69,69,69,69,69,69,69,69,69,69,69,69,69,69,69,69,69,69,69,69,69,69,69,69,71,71,71],"card_choices":[{"not_picked":["Rebound","Steam Power"],"picked":"Defragment","floor":1.0},{"not_picked":["Barrage","Redo"],"picked":"Go for the Eyes","floor":2.0},{"not_picked":["Coolheaded","Leap"],"picked":"Buffer","floor":7.0},{"not_picked":["Streamline","Turbo"],"picked":"BootSequence","floor":10.0},{"not_picked":["Hologram","Self Repair"],"picked":"Electrodynamics","floor":11.0},{"not_picked":["Chaos","Compile Driver"],"picked":"Amplify","floor":12.0},{"not_picked":["Redo","Stack","Rebound"],"picked":"Sweeping Beam","floor":13.0},{"not_picked":["Leap","Stack","Rebound"],"picked":"Ball Lightning","floor":14.0},{"not_picked":["Core Surge","Biased Cognition","Reboot"],"picked":"Buffer","floor":16.0},{"not_picked":["Steam","Rebound+1","Stack"],"picked":"Beam Cell+1","floor":18.0},{"not_picked":["Rebound","Doom and Gloom","Turbo"],"picked":"Compile Driver","floor":21.0},{"not_picked":["Reprogram+1","Core Surge","Coolheaded"],"picked":"Genetic Algorithm+1","floor":22.0},{"not_picked":["Conserve Battery","Compile Driver","Go for the Eyes"],"picked":"Auto Shields","floor":23.0},{"not_picked":["Conserve Battery","BootSequence","Rebound"],"picked":"Glacier","floor":28.0},{"not_picked":["Creative AI","Hyperbeam","Amplify"],"picked":"Machine Learning","floor":33.0},{"not_picked":["Barrage+1","Rebound","Redo+1"],"picked":"Hologram+1","floor":35.0},{"not_picked":["Leap","BootSequence","Stack"],"picked":"Rainbow","floor":36.0},{"not_picked":["Ball Lightning+1","Cold Snap","Melter"],"picked":"Coolheaded","floor":37.0},{"not_picked":["Chill","Rebound+1","Beam Cell+1"],"picked":"Glacier+1","floor":39.0},{"not_picked":["Go for the Eyes","Darkness+1","Cold Snap"],"picked":"Reinforced Body","floor":40.0},{"not_picked":["Beam Cell","Undo","Steam+1"],"picked":"Capacitor","floor":41.0},{"not_picked":["Leap+1","White Noise+1","Gash+1"],"picked":"Coolheaded+1","floor":44.0},{"not_picked":["Stack","Reinforced Body","Double Energy+1"],"picked":"Barrage+1","floor":45.0},{"not_picked":["Sunder","Redo+1","Blizzard"],"picked":"Seek","floor":46.0},{"not_picked":["Fusion+1","Rebound+1","Conserve Battery+1"],"picked":"Scrape+1","floor":47.0},{"not_picked":["Coolheaded+1","Auto Shields+1","Beam Cell"],"picked":"Glacier+1","floor":48.0},{"not_picked":["Doom and Gloom","Buffer","Compile Driver","Gash+1"],"picked":"Singing Bowl","floor":54.0}],"player_experience":257298,"relics_obtained":[{"floor":7.0,"key":"Toy Ornithopter"},{"floor":9.0,"key":"Bag of Preparation"},{"floor":12.0,"key":"Question Card"},{"floor":14.0,"key":"Kunai"},{"floor":23.0,"key":"Emotion Chip"},{"floor":26.0,"key":"Oddly Smooth Stone"},{"floor":31.0,"key":"Pen Nib"},{"floor":41.0,"key":"CaptainsWheel"},{"floor":46.0,"key":"Singing Bowl"},{"floor":54.0,"key":"HornCleat"}],"event_choices":[{"damage_healed":0.0,"max_hp_gain":0.0,"max_hp_loss":6.0,"gold_gain":0.0,"event_name":"Golden Idol","player_choice":"Lose Max HP","floor":3.0,"gold_loss":0.0,"damage_taken":0.0,"relics_obtained":["Golden Idol"]},{"cards_removed":["Strike_B"],"damage_healed":0.0,"max_hp_gain":0.0,"max_hp_loss":0.0,"gold_gain":0.0,"event_name":"The Cleric","player_choice":"Card Removal","floor":4.0,"gold_loss":50.0,"damage_taken":0.0},{"damage_healed":0.0,"max_hp_gain":0.0,"max_hp_loss":0.0,"gold_gain":0.0,"event_name":"Forgotten Altar","player_choice":"Gave Idol","floor":20.0,"relics_lost":["Golden Idol"],"gold_loss":0.0,"damage_taken":0.0,"relics_obtained":["Bloody Idol"]},{"cards_removed":["Strike_B"],"damage_healed":0.0,"max_hp_gain":0.0,"max_hp_loss":0.0,"gold_gain":0.0,"event_name":"Beggar","player_choice":"Gave Gold","floor":24.0,"gold_loss":75.0,"damage_taken":0.0},{"damage_healed":0.0,"max_hp_gain":0.0,"max_hp_loss":0.0,"gold_gain":0.0,"event_name":"Addict","player_choice":"Stole Relic","floor":25.0,"gold_loss":0.0,"damage_taken":0.0,"relics_obtained":["Thread and Needle"],"cards_obtained":["Shame"]},{"cards_removed":["Gash"],"damage_healed":0.0,"max_hp_gain":0.0,"max_hp_loss":0.0,"gold_gain":0.0,"event_name":"Falling","player_choice":"Removed Attack","floor":38.0,"gold_loss":0.0,"damage_taken":0.0}],"is_beta":false,"boss_relics":[{"not_picked":["Coffee Dripper","Snecko Eye"],"picked":"Philosopher\u0027s Stone"},{"not_picked":["SlaversCollar","Tiny House"],"picked":"Nuclear Battery"}],"items_purged_floors":[53],"is_endless":false,"potions_floor_spawned":[1,11,13,14,16,22,23,28,36,41,44,45,46,47],"killed_by":"The Heart","ascension_level":11}}