{"host":"19r1ww88x2tc73i0","time":1613715977,"event":{"mods":["BaseMod","BetterRewards","Colored Map","Minty Spire (QoL Compilation)","Relic Stats","StSLib","SuperFastMode","slay the spire mod where everything is the same but ironclad has a cowboy hat"],"gold_per_floor":[112,123,140,150,169,201,201,201,201],"floor_reached":8,"language":"ENG","playtime":313,"items_purged":[],"score":120,"play_id":"da853684-34d4-451c-9467-6b1b0cf89530","local_time":"25640219132617","is_ascension_mode":true,"campfire_choices":[{"data":"Whirlwind","floor":7,"key":"SMITH"}],"circlet_count":0,"master_deck":["AscendersBane","Strike_R","Strike_R","Strike_R","Strike_R","Strike_R","Defend_R","Defend_R","Defend_R","Bash","Thunderclap","True Grit","Flex","Sentinel","Whirlwind+1","Clash"],"relics":["Burning Blood","Sundial"],"acts_visited":["Exordium"],"potions_floor_usage":[6,6],"damage_taken":[{"damage":13.0,"enemies":"2 Louse","floor":1.0,"turns":3.0},{"damage":1.0,"enemies":"Cultist","floor":2.0,"turns":3.0},{"damage":3.0,"enemies":"Small Slimes","floor":3.0,"turns":4.0},{"damage":10.0,"enemies":"Looter","floor":4.0,"turns":3.0},{"damage":12.0,"enemies":"Blue Slaver","floor":5.0,"turns":4.0},{"damage":30,"enemies":"Lagavulin","floor":6,"turns":5},{"damage":10,"enemies":"Gremlin Nob","floor":8,"turns":3}],"seed_played":"-718846628736251270","potions_obtained":[{"floor":2.0,"key":"SneckoOil"},{"floor":3.0,"key":"LiquidMemories"},{"floor":6,"key":"SmokeBomb"}],"is_trial":false,"path_per_floor":["M","M","M","M","M","E","R","E"],"character_chosen":"IRONCLAD","items_purchased":[],"campfire_rested":0,"item_purchase_floors":[],"current_hp_per_floor":[61,66,69,65,59,35,35,25,25],"gold":201,"neow_bonus":"REMOVE_CARD","is_daily":false,"chose_seed":false,"campfire_upgraded":1,"win_rate":0.0,"timestamp":1613715977,"path_taken":["M","M","M","M","M","E","R","E"],"items_purchased_type":[],"build_version":"2020-12-22","purchased_purges":0,"victory":false,"max_hp_per_floor":[75,75,75,75,75,75,75,75,75],"relic_stats":{"counters":[7,25],"Sundial":[0],"obtain_stats":[{"Sundial":6,"Burning Blood":0},{"Sundial":6,"Burning Blood":0},{"Sundial":22,"Burning Blood":0}],"Burning Blood":36},"card_choices":[{"not_picked":["Body Slam","Sword Boomerang"],"picked":"Thunderclap","floor":1.0},{"not_picked":["Warcry","Thunderclap"],"picked":"True Grit","floor":2.0},{"not_picked":["Armaments","Burning Pact"],"picked":"Flex","floor":3.0},{"not_picked":["Metallicize","Body Slam"],"picked":"Sentinel","floor":4.0},{"not_picked":["Carnage","Uppercut"],"picked":"Whirlwind","floor":5.0},{"not_picked":["Havoc","Burning Pact"],"picked":"Clash","floor":6}],"player_experience":1128441,"relics_obtained":[{"floor":6,"key":"Sundial"}],"event_choices":[],"is_beta":false,"boss_relics":[],"items_purged_floors":[],"is_endless":false,"potions_floor_spawned":[2,3,5,6],"killed_by":"Gremlin Nob","ascension_level":20}}