{"host":"ywa7jah0kefkv8nt","time":1613701467,"event":{"mods":["ATMod(°¢èªMod)","Act Like it!","Arknights","BaseMod","Better Note","Better Third Choice","Jorbs\u0027s Wanderer Trilogy","Minty Spire (QoL Compilation)","MostiFishMod","Quarter Circle Forward PUNCH!","Reliquary","Replay The Spire","Spicy Shops","StSLib","The Marked","¡¾ÒÅÎï¿¨ÅÆ¡¿REMEMod"],"gold_per_floor":[118,98,26,26,42,75,75,113,113,139,209,221,246,246,246,296,296,296,296],"floor_reached":18,"language":"ZHS","playtime":2843,"items_purged":[],"score":155,"play_id":"a477416a-2883-4e11-aa0c-6b269fe120ee","local_time":"20210218202427","is_ascension_mode":false,"campfire_choices":[],"circlet_count":0,"master_deck":["stsjorbsmod:ForbiddenGrimoire+1","stsjorbsmod:Strike_Wanderer","stsjorbsmod:Strike_Wanderer","stsjorbsmod:Strike_Wanderer","stsjorbsmod:Strike_Wanderer","stsjorbsmod:Defend_Wanderer","stsjorbsmod:Defend_Wanderer","stsjorbsmod:Defend_Wanderer","stsjorbsmod:Defend_Wanderer","stsjorbsmod:FreshAdventure","stsjorbsmod:EyeOfTheStorm","AT_ManFootWork","stsjorbsmod:Trauma","stsjorbsmod:Channel","Hallucinations","stsjorbsmod:LocateObject","stsjorbsmod:FaerieFire","stsjorbsmod:CorrodingBarrier+1","stsjorbsmod:Will","stsjorbsmod:RayOfFrost","stsjorbsmod:FranticSearch","stsjorbsmod:TrueStrike"],"relics":["stsjorbsmod:GrimoireRelic","AT_ATBox","REME_ComplimentaryCards","DaveBox","reliquary:Stiletto","SynthV:TestCard","ThornShield","Ring of Peace","Ring of Misfortune","reliquary:TridentHead","SsserpentHead","Kunai","Potion Belt","reliquary:SharkskinSheath"],"acts_visited":["Exordium"],"potions_floor_usage":[18,18],"damage_taken":[{"damage":3.0,"enemies":"Small Slimes","floor":1.0,"turns":2.0},{"damage":0.0,"enemies":"Jaw Worm","floor":5.0,"turns":5.0},{"damage":12.0,"enemies":"Lagavulin","floor":6.0,"turns":8.0},{"damage":8.0,"enemies":"Replay:BlueRogue","floor":8.0,"turns":5.0},{"damage":0.0,"enemies":"ats:Genji","floor":10.0,"turns":5.0},{"damage":0,"enemies":"Red Slaver","floor":11,"turns":5},{"damage":0,"enemies":"Looter","floor":12,"turns":3},{"damage":0,"enemies":"Lagavulin","floor":13,"turns":7},{"damage":136,"enemies":"Fading Forest","floor":18,"turns":11}],"seed_played":"-7614327957353340289","potions_obtained":[{"floor":1.0,"key":"stsjorbsmod:LiquidVirtue"},{"floor":2.0,"key":"REME_GoldPotion"},{"floor":8.0,"key":"Death Potion"},{"floor":10.0,"key":"Fire Potion"},{"floor":11,"key":"PowerPotion"}],"is_trial":false,"path_per_floor":["M","?","$","?","M","E","?","E","T","M","M","M","E","PTL","PTL","?","R","B"],"character_chosen":"WANDERER","items_purchased":["ThornShield"],"campfire_rested":0,"item_purchase_floors":[3],"current_hp_per_floor":[65,65,65,65,67,55,55,51,51,52,54,55,55,55,55,55,68,0,0],"gold":296,"neow_bonus":"RANDOM_COMMON_RELIC","is_daily":false,"chose_seed":false,"campfire_upgraded":0,"win_rate":0.0,"timestamp":1613701467,"path_taken":["M","?","?","?","M","E","?","E","T","M","?","M","E","PTL","PTL","?","R","BOSS"],"items_purchased_type":["Relic"],"build_version":"2020-12-22","purchased_purges":0,"victory":false,"max_hp_per_floor":[68,68,68,68,68,68,68,68,68,68,68,68,68,68,68,68,68,68,68],"card_choices":[{"not_picked":["stsjorbsmod:DoubleCheck","stsjorbsmod:Will"],"picked":"stsjorbsmod:Channel","floor":1.0},{"not_picked":["stsjorbsmod:DoubleCheck","stsjorbsmod:Prepare","stsjorbsmod:WanderingMind","stsjorbsmod:Channel"],"picked":"stsjorbsmod:LocateObject","floor":5.0},{"not_picked":["stsjorbsmod:Hibernate","stsjorbsmod:Prestidigitation","stsjorbsmod:Channel","stsjorbsmod:Materialize"],"picked":"stsjorbsmod:FaerieFire","floor":6.0},{"not_picked":["stsjorbsmod:AnimateObjects","stsjorbsmod:ChatteringStrike","stsjorbsmod:ScorchingRay","stsjorbsmod:DoubleCheck"],"picked":"stsjorbsmod:CorrodingBarrier","floor":8.0},{"not_picked":["stsjorbsmod:Materialize","stsjorbsmod:FranticSearch","stsjorbsmod:Channel","stsjorbsmod:RayOfFrost"],"picked":"stsjorbsmod:Will","floor":10.0},{"not_picked":["stsjorbsmod:Index","stsjorbsmod:Hibernate","stsjorbsmod:Prepare","stsjorbsmod:DisguiseSelf"],"picked":"stsjorbsmod:RayOfFrost","floor":11},{"not_picked":["stsjorbsmod:Mindworm","stsjorbsmod:MagicMissiles","stsjorbsmod:FracturedMind","stsjorbsmod:Hibernate"],"picked":"stsjorbsmod:FranticSearch","floor":12},{"not_picked":["stsjorbsmod:AnimateObjects","stsjorbsmod:CorrodingBarrier","stsjorbsmod:WanderingMind","stsjorbsmod:MagicMissiles"],"picked":"stsjorbsmod:TrueStrike","floor":13}],"player_experience":252428,"relics_obtained":[{"floor":1.0,"key":"SynthV:TestCard"},{"floor":4.0,"key":"Ring of Peace"},{"floor":4.0,"key":"Ring of Misfortune"},{"floor":6.0,"key":"reliquary:TridentHead"},{"floor":8.0,"key":"Kunai"},{"floor":13,"key":"Potion Belt"},{"floor":16,"key":"reliquary:SharkskinSheath"}],"event_choices":[{"damage_healed":0.0,"max_hp_gain":0.0,"max_hp_loss":0.0,"gold_gain":0.0,"event_name":"The Woman in Blue","player_choice":"Bought 1 Potion","floor":2.0,"gold_loss":0.0,"damage_taken":0.0},{"damage_healed":0.0,"max_hp_gain":0.0,"max_hp_loss":0.0,"gold_gain":0.0,"event_name":"FaceTrader","player_choice":"Trade","floor":7.0,"gold_loss":0.0,"damage_taken":0.0,"relics_obtained":["SsserpentHead"]},{"damage_healed":0,"gold_gain":0,"player_choice":"Relic","damage_taken":0,"max_hp_gain":0,"max_hp_loss":0,"event_name":"Wheel of Change","floor":16,"gold_loss":0}],"is_beta":false,"boss_relics":[],"items_purged_floors":[],"is_endless":false,"potions_floor_spawned":[1,8,10,11,12],"killed_by":"Fading Forest","ascension_level":0}}