{"host":"btkbr53c3gip0r7d","time":1613755792,"event":{"mods":["BaseMod","Better Altar","Better Match","Better Note","Better Sensory Stone","Better Skull","Better Third Choice","Colored Map","Curses Come First","Downfall","Minty Spire (QoL Compilation)","StSLib","The Cursed","The Marked"],"gold_per_floor":[99,117,129,129,146,172,172,13,188,16,45,45,55,65,84,84,84,84],"floor_reached":16,"language":"ENG","playtime":2801,"items_purged":[],"score":151,"play_id":"8642ebba-6b6e-41f6-9d3f-80177131e68a","local_time":"20210219102952","is_ascension_mode":true,"campfire_choices":[{"data":"Sadistic Nature","floor":1,"key":"SMITH"},{"data":"hexamod:TimeWarp","floor":12,"key":"SMITH"}],"circlet_count":0,"master_deck":["hexamod:Strike","hexamod:Strike","hexamod:Strike","hexamod:Strike","hexamod:Defend","hexamod:Defend","hexamod:Defend","hexamod:Defend","hexamod:Sear","hexamod:Float","Sadistic Nature+1","hexamod:Rewind","hexamod:EtherealExpedition","Bullet Time","hexamod:CatchUp","hexamod:DynamicBlow","hexamod:SoulSteal","hexamod:ThirdSeal","hexamod:TimeWarp+1","hexamod:UnlimitedPower","hexamod:FirstSeal","hexamod:SpectralSpark","hexamod:TimeOfNeed"],"relics":["hexamod:SpiritBrand","HornCleat","Oddly Smooth Stone","Eternal Feather","Omamori","hexamod:MatchstickCase","Juzu Bracelet"],"acts_visited":["Exordium"],"potions_floor_usage":[6,16],"damage_taken":[{"damage":0,"enemies":"2 Louse","floor":2,"turns":2},{"damage":7,"enemies":"Jaw Worm","floor":3,"turns":3},{"damage":0,"enemies":"Cultist","floor":5,"turns":3},{"damage":0,"enemies":"Gremlin Nob","floor":6,"turns":4},{"damage":0,"enemies":"downfall:FleeingMerchant","floor":8,"turns":4},{"damage":0,"enemies":"downfall:FleeingMerchant","floor":10,"turns":4},{"damage":15,"enemies":"Lagavulin","floor":11,"turns":6},{"damage":1,"enemies":"2 Fungi Beasts","floor":13,"turns":3},{"damage":7,"enemies":"Lots of Slimes","floor":14,"turns":3},{"damage":0,"enemies":"Blue Slaver","floor":15,"turns":3},{"damage":45,"enemies":"DF_ARCHETYPE_STREAMLINE","floor":16,"turns":6}],"seed_played":"-1749235522088718356","potions_obtained":[{"floor":3,"key":"SpeedPotion"},{"floor":11,"key":"bronze:BurnAndBuffPotion"},{"floor":13,"key":"Strength Potion"},{"floor":14,"key":"Explosive Potion"}],"is_trial":false,"path_per_floor":["R","M","M","?","M","E","T","$","?","$","E","R","M","M","M","B"],"character_chosen":"THE_SPIRIT","items_purchased":["Omamori","hexamod:MatchstickCase"],"campfire_rested":0,"item_purchase_floors":[8,10],"current_hp_per_floor":[63,63,56,47,47,47,47,47,47,47,32,44,43,36,43,0,0,0],"gold":84,"neow_bonus":"RANDOM_COLORLESS_2","is_daily":false,"chose_seed":false,"campfire_upgraded":2,"win_rate":0.0,"timestamp":1613755792,"path_taken":["R","M","M","?","M","E","T","$","?","?","E","R","M","M","M","BOSS"],"items_purchased_type":["Relic","Relic"],"build_version":"2020-12-22","purchased_purges":0,"victory":false,"max_hp_per_floor":[63,63,63,63,63,63,63,63,63,63,63,63,63,63,63,63,63,63],"card_choices":[{"not_picked":["Secret Weapon","Master of Strategy"],"picked":"Sadistic Nature","floor":0},{"not_picked":["hexamod:ShieldOfDarkness","hexamod:NightmareStrike"],"picked":"hexamod:Rewind","floor":2},{"not_picked":["hexamod:InspiringFlames","hexamod:Haunt"],"picked":"hexamod:EtherealExpedition","floor":3},{"not_picked":["hexamod:Rewind","hexamod:GhostShield"],"picked":"hexamod:CatchUp","floor":5},{"not_picked":["hexamod:InspiringFlames","hexamod:GhostShield"],"picked":"hexamod:DynamicBlow","floor":6},{"not_picked":["hexamod:ThermalTransfer","hexamod:GhostLash"],"picked":"hexamod:SoulSteal","floor":8},{"not_picked":["hexamod:InspiringFlames","hexamod:FirstSeal"],"picked":"hexamod:ThirdSeal","floor":10},{"not_picked":["hexamod:SpectralSpark","hexamod:GhostLash"],"picked":"hexamod:TimeWarp","floor":11},{"not_picked":["hexamod:SpectersWail","hexamod:FastForward"],"picked":"hexamod:UnlimitedPower","floor":11},{"not_picked":["hexamod:RecurringNightmare","hexamod:HauntingEcho"],"picked":"hexamod:FirstSeal","floor":13},{"not_picked":["hexamod:NightmareGuise","hexamod:PhantomCloak"],"picked":"hexamod:SpectralSpark","floor":14},{"not_picked":["hexamod:SpectersWail","hexamod:SwordOfDarkness","hexamod:SuperheatedStrike"],"picked":"SKIP","floor":14},{"not_picked":["hexamod:NightmareStrike","hexamod:FlamesFromBeyond"],"picked":"hexamod:TimeOfNeed","floor":15},{"not_picked":["hexamod:BurningTouch","hexamod:HauntingEcho","hexamod:GhostOfSpireFuture"],"picked":"SKIP","floor":15}],"player_experience":1492195,"relics_obtained":[{"floor":6,"key":"Oddly Smooth Stone"},{"floor":7,"key":"Eternal Feather"},{"floor":11,"key":"Juzu Bracelet"}],"event_choices":[],"is_beta":false,"boss_relics":[],"items_purged_floors":[],"is_endless":false,"potions_floor_spawned":[3,11,13,14],"killed_by":"DF_ARCHETYPE_STREAMLINE","ascension_level":2}}