{"host":"dh4nu8nelr2izibb","time":1613755272,"event":{"mods":["BaseMod","Better Skull","Better Third Choice","Card Filter","Card Forge","Curses Come First","Displayed Cursed Tome","HololiveMod","Marisa????????","Minty Spire (QoL Compilation)","Poor People Problems","Quick Restart","Relic Filter","Reliquary","StSLib","The Servant 0.9.4","WarShipGirlsR/????R mod","Yakumo Yukari mod"],"gold_per_floor":[216,235,235,252,268,268,278,278,355,355,355,372,400,91,91,168,168,183,198,198,215,215,215,249,267,294,17,43,43,59,77,77,152,152,165,165,178,478,498,498,509,538,538,558,558,85,97,124,124,124],"floor_reached":51,"language":"ENG","playtime":2110,"items_purged":["Strike_G","Defend_G","Shame"],"score":1344,"play_id":"0a9c8f3c-812e-457b-80e0-21d5ae53f723","local_time":"20210219122112","is_ascension_mode":true,"campfire_choices":[{"data":"Blade Dance","floor":6.0,"key":"SMITH"},{"data":"Survivor","floor":8.0,"key":"SMITH"},{"data":"Cloak And Dagger","floor":15.0,"key":"SMITH"},{"floor":23.0,"key":"REST"},{"floor":29,"key":"REST"},{"floor":32,"key":"REST"},{"data":"Finisher","floor":40,"key":"SMITH"},{"floor":49,"key":"REST"}],"circlet_count":0,"master_deck":["AscendersBane","Strike_G","Strike_G","Defend_G","Defend_G","Survivor+1","Neutralize+1","Backflip+1","Blade Dance+1","Flying Knee","PiercingWail","Phantasmal Killer+1","Cloak And Dagger+1","Malaise+1","Quick Slash","Dagger Spray+1","Malaise+1","Terror+1","Well Laid Plans","Leg Sweep","Acrobatics+1","Panache","Dagger Throw+1","Blade Dance","Phantasmal Killer+1","Cloak And Dagger","Finisher+1","Glass Knife","Leg Sweep","Cloak And Dagger"],"relics":["Ring of the Snake","Hammer of Thor","Seething Fire","Anvil of the Gods","The Courier","Pen Nib","Tiny Chest","Nunchaku","HoveringKite","Bronze Scales","Orichalcum","Bag of Preparation","Cursed Key","Old Coin","reliquary:BallBearing","Sling","Toy Ornithopter","Bag of Marbles"],"acts_visited":["Exordium","TheCity","TheBeyond"],"potions_floor_usage":[25,33,42,50],"damage_taken":[{"damage":0.0,"enemies":"Small Slimes","floor":1.0,"turns":5.0},{"damage":0.0,"enemies":"2 Louse","floor":2.0,"turns":2.0},{"damage":0.0,"enemies":"Cultist","floor":4.0,"turns":4.0},{"damage":2.0,"enemies":"Blue Slaver","floor":5.0,"turns":4.0},{"damage":2.0,"enemies":"Exordium Wildlife","floor":7.0,"turns":4.0},{"damage":1.0,"enemies":"Large Slime","floor":12.0,"turns":6.0},{"damage":16.0,"enemies":"Gremlin Nob","floor":13.0,"turns":4.0},{"damage":15.0,"enemies":"Slime Boss","floor":16.0,"turns":6.0},{"damage":6.0,"enemies":"Shell Parasite","floor":18.0,"turns":4.0},{"damage":0.0,"enemies":"3 Byrds","floor":19.0,"turns":6.0},{"damage":31.0,"enemies":"Snecko","floor":21.0,"turns":6.0},{"damage":16.0,"enemies":"Book of Stabbing","floor":24.0,"turns":5.0},{"damage":7,"enemies":"Snake Plant","floor":25,"turns":3},{"damage":7,"enemies":"3 Cultists","floor":30,"turns":4},{"damage":9,"enemies":"Centurion and Healer","floor":31,"turns":4},{"damage":17,"enemies":"Champ","floor":33,"turns":9},{"damage":1,"enemies":"3 Shapes","floor":35,"turns":2},{"damage":0,"enemies":"Orb Walker","floor":37,"turns":2},{"damage":1,"enemies":"Writhing Mass","floor":39,"turns":6},{"damage":0,"enemies":"Jaw Worm Horde","floor":41,"turns":2},{"damage":16,"enemies":"Nemesis","floor":42,"turns":5},{"damage":7,"enemies":"Transient","floor":44,"turns":6},{"damage":15,"enemies":"Sphere and 2 Shapes","floor":47,"turns":4},{"damage":42,"enemies":"Awakened One","floor":50,"turns":9}],"seed_played":"7887547735329543720","potions_obtained":[{"floor":1.0,"key":"SkillPotion"},{"floor":5.0,"key":"Energy Potion"},{"floor":7.0,"key":"PowerPotion"},{"floor":18.0,"key":"SpeedPotion"},{"floor":25,"key":"Fire Potion"},{"floor":33,"key":"AttackPotion"},{"floor":39,"key":"FairyPotion"},{"floor":44,"key":"SkillPotion"}],"is_trial":false,"path_per_floor":["M","M","?","M","M","R","M","R","T","?","$","M","E","$","R","B",null,"M","M","?","M","?","R","E","M","T","$","T","R","M","M","R","B",null,"M","$","M","?","M","R","M","E","T","M","?","$","M","T","R","B",null],"character_chosen":"THE_SILENT","items_purchased":["Tiny Chest","Nunchaku","Panache","Strength Potion","Sling","Leg Sweep","Cloak And Dagger","Toy Ornithopter"],"campfire_rested":4,"item_purchase_floors":[14,14,27,27,46,46,46,46],"current_hp_per_floor":[59,59,59,59,57,57,55,55,55,55,55,54,38,38,38,23,55,49,49,49,18,18,37,21,14,14,14,14,33,26,17,36,19,54,53,53,53,53,52,52,52,36,36,29,29,29,14,14,33,16],"gold":124,"neow_bonus":"HUNDRED_GOLD","is_daily":false,"chose_seed":false,"campfire_upgraded":4,"win_rate":0.0,"timestamp":1613755272,"path_taken":["M","M","?","M","M","R","M","R","T","?","$","M","E","$","R","BOSS","M","M","?","?","?","R","E","M","T","$","?","R","M","M","R","BOSS","M","$","M","?","M","R","M","E","T","?","?","$","M","?","R","BOSS"],"items_purchased_type":["Relic","Relic","Card","Potion","Relic","Card","Card","Relic"],"build_version":"2020-12-22","purchased_purges":3,"victory":true,"max_hp_per_floor":[66,66,66,66,66,66,66,66,66,66,66,66,66,66,66,66,66,66,66,66,66,66,66,66,66,66,66,66,66,66,66,66,66,66,66,66,66,66,66,66,66,66,66,66,66,66,66,66,66,66],"card_choices":[{"not_picked":["Noxious Fumes","Backflip"],"picked":"Slice","floor":1.0},{"not_picked":["Reflex","Finisher"],"picked":"Backflip","floor":2.0},{"not_picked":["Deflect","Expertise"],"picked":"Blade Dance","floor":4.0},{"not_picked":["Tactician","Noxious Fumes"],"picked":"Flying Knee","floor":5.0},{"not_picked":["Endless Agony","Flechettes"],"picked":"PiercingWail","floor":7.0},{"not_picked":["Catalyst","Dodge and Roll"],"picked":"Phantasmal Killer","floor":12.0},{"not_picked":["Riddle With Holes","Dodge and Roll"],"picked":"Cloak And Dagger","floor":13.0},{"not_picked":["Doppelganger","Unload"],"picked":"Malaise","floor":16.0},{"not_picked":["Deflect+1","Choke+1"],"picked":"Quick Slash","floor":18.0},{"not_picked":["Setup","PiercingWail"],"picked":"Dagger Spray","floor":19.0},{"not_picked":["Terror","Distraction"],"picked":"Well Laid Plans","floor":21.0},{"not_picked":["Dodge and Roll","Masterful Stab"],"picked":"Leg Sweep","floor":24.0},{"not_picked":["Dagger Throw","Heel Hook"],"picked":"Acrobatics+1","floor":25},{"not_picked":["Underhanded Strike+1","Backflip"],"picked":"Dagger Throw+1","floor":30},{"not_picked":["Dodge and Roll","Caltrops"],"picked":"Blade Dance","floor":31},{"not_picked":["Night Terror","Venomology"],"picked":"Phantasmal Killer","floor":33},{"not_picked":["Bane","Flying Knee","Dagger Spray"],"picked":"SKIP","floor":35},{"not_picked":["Blade Dance","Escape Plan"],"picked":"Cloak And Dagger","floor":37},{"not_picked":["PiercingWail","Flying Knee"],"picked":"Finisher","floor":39},{"not_picked":["Tactician","Choke","Prepared"],"picked":"SKIP","floor":41},{"not_picked":["PiercingWail","Deflect"],"picked":"Glass Knife","floor":42},{"not_picked":["Noxious Fumes","Crippling Poison","Heel Hook"],"picked":"SKIP","floor":44},{"not_picked":["Masterful Stab+1","Well Laid Plans","Dagger Throw"],"picked":"SKIP","floor":47}],"player_experience":1188141,"relics_obtained":[{"floor":9.0,"key":"The Courier"},{"floor":13.0,"key":"Pen Nib"},{"floor":24.0,"key":"Bronze Scales"},{"floor":26,"key":"Orichalcum"},{"floor":28,"key":"Bag of Preparation"},{"floor":42,"key":"reliquary:FerryPass"},{"floor":43,"key":"reliquary:BallBearing"},{"floor":48,"key":"Bag of Marbles"}],"event_choices":[{"damage_healed":0.0,"max_hp_gain":0.0,"max_hp_loss":0.0,"gold_gain":0.0,"event_name":"betterThird:BetterSerpent","player_choice":"Ignored","floor":3.0,"gold_loss":0.0,"damage_taken":235.0},{"damage_healed":0.0,"max_hp_gain":0.0,"max_hp_loss":0.0,"gold_gain":0.0,"event_name":"Living Wall","player_choice":"Grow","floor":10.0,"gold_loss":0.0,"damage_taken":0.0,"cards_upgraded":["Backflip"]},{"damage_healed":0.0,"max_hp_gain":0.0,"max_hp_loss":0.0,"gold_gain":0.0,"event_name":"Match and Keep!","player_choice":"1 cards matched","floor":20.0,"gold_loss":0.0,"damage_taken":0.0,"cards_obtained":["Malaise"]},{"damage_healed":0,"gold_gain":0,"player_choice":"Gave Potion","damage_taken":0,"relics_obtained":["Old Coin"],"max_hp_gain":0,"max_hp_loss":0,"event_name":"WeMeetAgain","floor":38,"gold_loss":0},{"cards_removed":["Slice"],"damage_healed":0,"gold_gain":0,"player_choice":"Removed Attack","damage_taken":0,"max_hp_gain":0,"max_hp_loss":0,"event_name":"Falling","floor":45,"gold_loss":0}],"is_beta":false,"boss_relics":[{"not_picked":["Fusion Hammer","Snecko Eye"],"picked":"HoveringKite"},{"not_picked":["SacredBark","Pandora\u0027s Box"],"picked":"Cursed Key"}],"items_purged_floors":[14,27,46],"is_endless":false,"potions_floor_spawned":[1,5,7,12,18,25,30,33,37,39,44],"ascension_level":19}}