{"host":"sav7uxregyirlf69","time":1613748700,"event":{"mods":["AchievementEnabler","BaseMod","Colored Map","DeckTracker","Keyboard Shortcuts","Minty Spire (QoL Compilation)","READ ME - Guardian Mod","StSLib","SuperFastMode"],"gold_per_floor":[111,124,144,162,174,174,99,130,130,144,144,161,161,171,171,242,242,255,255,97,97,22,55,55,89,116,144,144,174,174,191,191,268,268,283,303,283,303,322,353,12,41,66,91,120,120,150,166,166,166,166,166,166,41,66,66],"floor_reached":57,"language":"KOR","playtime":1446,"items_purged":["Strike_G","Flying Knee","Underhanded Strike"],"score":3460,"play_id":"1b822f79-6717-4f4b-91d5-1a4bcdd72afc","local_time":"20210220003140","is_ascension_mode":true,"campfire_choices":[{"data":"Bouncing Flask","floor":6.0,"key":"SMITH"},{"floor":11.0,"key":"REST"},{"data":"Blade Dance","floor":13.0,"key":"SMITH"},{"data":"Accuracy","floor":15.0,"key":"SMITH"},{"data":"1","floor":24.0,"key":"LIFT"},{"data":"2","floor":28.0,"key":"LIFT"},{"data":"3","floor":30.0,"key":"LIFT"},{"floor":32.0,"key":"REST"},{"floor":49.0,"key":"RECALL"},{"data":"Envenom","floor":53.0,"key":"PURGE"}],"circlet_count":0,"master_deck":["AscendersBane","Survivor+1","Neutralize","Bouncing Flask+1","Blade Dance+1","Accuracy+1","Backflip+1","Backflip+1","Calculated Gamble+1","Adrenaline+1","Cloak And Dagger+1","Bouncing Flask+1","Reflex+1","Concentrate+1","Acrobatics+1","Prepared+1","Adrenaline+1","Grand Finale","Escape Plan+1","Cloak And Dagger+1","PiercingWail+1","Grand Finale","Tactician+1","After Image","Terror+1"],"relics":["Ring of the Snake","Toxic Egg 2","Gremlin Horn","Black Star","Mummified Hand","Girya","Shuriken","Red Mask","Bag of Preparation","PreservedInsect","Whetstone","Snake Skull","Bronze Scales","Pandora\u0027s Box","Question Card","Ornamental Fan","Potion Belt","Lantern","Pen Nib","Peace Pipe","War Paint","Bottled Lightning","Dream Catcher","Centennial Puzzle","Gambling Chip","HornCleat"],"acts_visited":["Exordium","TheCity","TheBeyond","TheEnding"],"potions_floor_usage":[],"damage_taken":[{"damage":4.0,"enemies":"Small Slimes","floor":1.0,"turns":5.0},{"damage":1.0,"enemies":"Cultist","floor":2.0,"turns":4.0},{"damage":2.0,"enemies":"Jaw Worm","floor":3.0,"turns":3.0},{"damage":9.0,"enemies":"Looter","floor":4.0,"turns":4.0},{"damage":0.0,"enemies":"3 Louse","floor":5.0,"turns":3.0},{"damage":5.0,"enemies":"Gremlin Nob","floor":8.0,"turns":3.0},{"damage":13.0,"enemies":"Blue Slaver","floor":10.0,"turns":5.0},{"damage":2.0,"enemies":"Exordium Wildlife","floor":12.0,"turns":5.0},{"damage":0.0,"enemies":"2 Fungi Beasts","floor":14.0,"turns":3.0},{"damage":4.0,"enemies":"Slime Boss","floor":16.0,"turns":7.0},{"damage":15.0,"enemies":"Shell Parasite","floor":18.0,"turns":4.0},{"damage":0.0,"enemies":"Gremlin Leader","floor":23.0,"turns":6.0},{"damage":4.0,"enemies":"Masked Bandits","floor":25.0,"turns":3.0},{"damage":4.0,"enemies":"Slavers","floor":27.0,"turns":4.0},{"damage":3.0,"enemies":"Book of Stabbing","floor":29.0,"turns":3.0},{"damage":3.0,"enemies":"2 Thieves","floor":31.0,"turns":3.0},{"damage":0.0,"enemies":"Collector","floor":33.0,"turns":5.0},{"damage":0.0,"enemies":"Orb Walker","floor":35.0,"turns":1.0},{"damage":0.0,"enemies":"3 Darklings","floor":36.0,"turns":1.0},{"damage":0.0,"enemies":"Sphere and 2 Shapes","floor":38.0,"turns":1.0},{"damage":0.0,"enemies":"Spire Growth","floor":39.0,"turns":1.0},{"damage":0.0,"enemies":"Nemesis","floor":40.0,"turns":3.0},{"damage":0.0,"enemies":"Reptomancer","floor":42.0,"turns":1.0},{"damage":0.0,"enemies":"Mind Bloom Boss Battle","floor":44.0,"turns":4.0},{"damage":0.0,"enemies":"Giant Head","floor":45.0,"turns":2.0},{"damage":0.0,"enemies":"Nemesis","floor":47.0,"turns":1.0},{"damage":0.0,"enemies":"3 Darklings","floor":48.0,"turns":1.0},{"damage":14.0,"enemies":"Time Eater","floor":50.0,"turns":7.0},{"damage":0.0,"enemies":"Donu and Deca","floor":51.0,"turns":3.0},{"damage":0.0,"enemies":"Shield and Spear","floor":55.0,"turns":1.0},{"damage":35,"enemies":"The Heart","floor":56,"turns":5}],"seed_played":"-2952335686750027150","potions_obtained":[{"floor":1.0,"key":"DuplicationPotion"},{"floor":3.0,"key":"Fire Potion"},{"floor":5.0,"key":"SpeedPotion"},{"floor":12.0,"key":"Dexterity Potion"},{"floor":25.0,"key":"BlessingOfTheForge"},{"floor":29.0,"key":"Swift Potion"},{"floor":42.0,"key":"Explosive Potion"},{"floor":45.0,"key":"AttackPotion"}],"is_trial":false,"path_per_floor":["M","M","M","M","M","R","$","E","T","M","R","M","R","M","R","B",null,"M","?","$","T","?","E","R","?","T","E","R","E","R","M","R","B",null,"M","M","?","M","M","E","$","E","T","?","E","$","E","M","R","B","B",null,"R","$","E","B",null],"character_chosen":"THE_SILENT","items_purchased":["Reflex+1","Concentrate+1","Potion Belt","Tactician+1"],"campfire_rested":2,"item_purchase_floors":[20,20,41,41],"current_hp_per_floor":[55,54,52,43,43,43,43,38,38,25,44,42,42,42,42,38,59,44,44,44,44,44,44,44,40,40,36,36,33,33,30,49,49,62,62,62,62,62,62,62,62,62,62,62,62,62,62,62,62,48,48,62,62,62,62,27],"gold":66,"neow_bonus":"THREE_CARDS","is_daily":false,"chose_seed":false,"campfire_upgraded":3,"win_rate":0.0,"timestamp":1613748700,"path_taken":["M","M","M","M","M","R","$","E","T","M","R","M","R","M","R","BOSS","M","?","$","?","?","E","R","?","T","E","R","E","R","M","R","BOSS","M","M","?","?","?","E","?","E","T","?","E","$","E","M","R","BOSS","BOSS","R","$","E","BOSS"],"items_purchased_type":["Card","Card","Relic","Card"],"build_version":"2020-12-22","purchased_purges":3,"victory":true,"max_hp_per_floor":[66,66,66,66,66,66,66,66,66,66,66,66,66,66,66,66,66,66,66,66,66,66,66,66,66,66,66,66,66,66,66,66,66,66,66,66,66,66,66,66,66,66,66,66,66,66,66,66,66,66,66,66,66,66,66,66],"card_choices":[{"not_picked":["Expertise","Slice"],"picked":"Bouncing Flask","floor":0.0},{"not_picked":["Finisher","Distraction","Prepared"],"picked":"SKIP","floor":1.0},{"not_picked":["Dash","Blur"],"picked":"Flying Knee","floor":2.0},{"not_picked":["Poisoned Stab","PiercingWail"],"picked":"Blade Dance","floor":3.0},{"not_picked":["Skewer","Quick Slash"],"picked":"Accuracy","floor":4.0},{"not_picked":["Flying Knee","Leg Sweep"],"picked":"Backflip","floor":5.0},{"not_picked":["Dagger Spray","A Thousand Cuts"],"picked":"Backflip+1","floor":8.0},{"not_picked":["Masterful Stab","Dagger Throw","Riddle With Holes"],"picked":"SKIP","floor":10.0},{"not_picked":["Dash","Bane"],"picked":"Calculated Gamble+1","floor":12.0},{"not_picked":["Dodge and Roll+1","Acrobatics+1","Bane"],"picked":"SKIP","floor":14.0},{"not_picked":["A Thousand Cuts","Night Terror+1"],"picked":"Adrenaline+1","floor":16.0},{"not_picked":["Flying Knee","Deadly Poison+1"],"picked":"Cloak And Dagger+1","floor":18.0},{"not_picked":["Dagger Throw","Quick Slash","Bane"],"picked":"SKIP","floor":23.0},{"not_picked":["Flechettes","Dodge and Roll+1"],"picked":"Acrobatics+1","floor":25.0},{"not_picked":["Deadly Poison+1","Setup+1","Masterful Stab"],"picked":"SKIP","floor":27.0},{"not_picked":["Caltrops","Dodge and Roll+1"],"picked":"Prepared+1","floor":29.0},{"not_picked":["Glass Knife","Flying Knee","Choke"],"picked":"SKIP","floor":31.0},{"not_picked":["Wraith Form v2","Phantasmal Killer+1"],"picked":"Adrenaline+1","floor":33.0},{"not_picked":["Quick Slash","Dagger Spray","Flying Knee"],"picked":"SKIP","floor":35.0},{"not_picked":["Dagger Throw+1","Backflip+1","Deflect+1"],"picked":"SKIP","floor":36.0},{"not_picked":["Masterful Stab","Blade Dance+1","Acrobatics+1"],"picked":"SKIP","floor":38.0},{"not_picked":["Outmaneuver+1","PiercingWail+1","Backflip+1"],"picked":"SKIP","floor":39.0},{"not_picked":["Phantasmal Killer+1","Bane","Outmaneuver+1"],"picked":"SKIP","floor":40.0},{"not_picked":["PiercingWail+1","Deflect+1","Dagger Spray"],"picked":"After Image","floor":42.0},{"not_picked":["PiercingWail+1","Finisher","Masterful Stab+1","Dodge and Roll+1"],"picked":"SKIP","floor":45.0},{"not_picked":["Slice+1","Flying Knee","A Thousand Cuts"],"picked":"Terror+1","floor":47.0},{"not_picked":["Eviscerate+1","Dagger Throw","Terror+1","Poisoned Stab"],"picked":"SKIP","floor":48.0},{"not_picked":["Caltrops","Acrobatics+1","PiercingWail+1","Quick Slash"],"picked":"SKIP","floor":55.0}],"player_experience":1623927,"relics_obtained":[{"floor":8.0,"key":"Toxic Egg 2"},{"floor":9.0,"key":"Gremlin Horn"},{"floor":21.0,"key":"Mummified Hand"},{"floor":23.0,"key":"Girya"},{"floor":23.0,"key":"Shuriken"},{"floor":25.0,"key":"Red Mask"},{"floor":26.0,"key":"Bag of Preparation"},{"floor":27.0,"key":"PreservedInsect"},{"floor":27.0,"key":"Whetstone"},{"floor":29.0,"key":"Snake Skull"},{"floor":29.0,"key":"Bronze Scales"},{"floor":40.0,"key":"Question Card"},{"floor":40.0,"key":"Ornamental Fan"},{"floor":42.0,"key":"Lantern"},{"floor":42.0,"key":"Pen Nib"},{"floor":44.0,"key":"Peace Pipe"},{"floor":45.0,"key":"War Paint"},{"floor":45.0,"key":"Bottled Lightning"},{"floor":47.0,"key":"Dream Catcher"},{"floor":47.0,"key":"Centennial Puzzle"},{"floor":55.0,"key":"Gambling Chip"},{"floor":55.0,"key":"HornCleat"}],"event_choices":[{"damage_healed":0.0,"max_hp_gain":0.0,"max_hp_loss":0.0,"gold_gain":0.0,"cards_transformed":["Defend_G"],"event_name":"Transmorgrifier","player_choice":"Transformed","floor":19.0,"gold_loss":0.0,"damage_taken":0.0,"cards_obtained":["Bouncing Flask"]},{"cards_removed":["Strike_G"],"damage_healed":0.0,"max_hp_gain":0.0,"max_hp_loss":0.0,"gold_gain":0.0,"event_name":"Beggar","player_choice":"Gave Gold","floor":22.0,"gold_loss":75.0,"damage_taken":0.0},{"damage_healed":0.0,"max_hp_gain":0.0,"max_hp_loss":0.0,"gold_gain":0.0,"event_name":"Masked Bandits","player_choice":"Fought Bandits","floor":25.0,"gold_loss":0.0,"damage_taken":0.0},{"damage_healed":0.0,"max_hp_gain":0.0,"max_hp_loss":0.0,"gold_gain":0.0,"event_name":"The Woman in Blue","player_choice":"Bought 1 Potion","floor":37.0,"gold_loss":0.0,"damage_taken":0.0},{"damage_healed":0.0,"max_hp_gain":0.0,"max_hp_loss":0.0,"gold_gain":0.0,"event_name":"MindBloom","player_choice":"Fight","floor":44.0,"gold_loss":0.0,"damage_taken":0.0}],"is_beta":false,"boss_relics":[{"not_picked":["Runic Dome","Velvet Choker"],"picked":"Black Star"},{"not_picked":["Calling Bell","SacredBark"],"picked":"Pandora\u0027s Box"}],"items_purged_floors":[7,41,54],"is_endless":false,"potions_floor_spawned":[1,3,5,12,25,29,33,35,40,42,45,47],"ascension_level":20}}