{"host":"7cp3z5w0tcrrm8ys","time":1613727254,"event":{"mods":["AchievementEnabler","BaseMod","DeckTracker","Minty Spire (QoL Compilation)","StSLib","SuperFastMode"],"gold_per_floor":[118,193,213,213,213,541,597,617,617,617,160,170,199,209,209,287,287,302,302,321,236,253,253,102,102,102,137,137,164,182,200,200,200,200],"floor_reached":33,"language":"KOR","playtime":804,"items_purged":["Strike_G","Writhe"],"score":740,"play_id":"261dc60a-b441-4768-a12c-aab1ad7e92a6","local_time":"20210219183414","is_ascension_mode":true,"campfire_choices":[{"data":"Die Die Die","floor":10,"key":"SMITH"},{"data":"Glass Knife","floor":15,"key":"SMITH"},{"data":"Phantasmal Killer","floor":23,"key":"SMITH"},{"data":"PiercingWail","floor":25,"key":"SMITH"},{"floor":28,"key":"REST"},{"floor":32,"key":"REST"}],"circlet_count":0,"master_deck":["AscendersBane","Strike_G","Strike_G","Strike_G","Defend_G","Defend_G","Defend_G","Defend_G","Defend_G","Survivor","Neutralize","Dagger Throw","Dagger Spray","Setup","Die Die Die+1","Dagger Spray","Die Die Die","Backstab","Dagger Spray","Glass Knife+1","Phantasmal Killer+1","Expertise+1","PiercingWail+1","PiercingWail","Dash","Choke+1","Terror"],"relics":["Ring of the Snake","NeowsBlessing","Old Coin","Shuriken","Bird Faced Urn","Bronze Scales","Nunchaku","Velvet Choker","Akabeko","Ornamental Fan","Blood Vial","The Specimen"],"acts_visited":["Exordium","TheCity"],"potions_floor_usage":[7,13,16,27,27,30,33],"damage_taken":[{"damage":0,"enemies":"Small Slimes","floor":1,"turns":1},{"damage":0,"enemies":"Jaw Worm","floor":3,"turns":1},{"damage":0,"enemies":"3 Sentries","floor":6,"turns":1},{"damage":12,"enemies":"3 Sentries","floor":7,"turns":6},{"damage":0,"enemies":"2 Louse","floor":8,"turns":1},{"damage":0,"enemies":"Exordium Wildlife","floor":12,"turns":1},{"damage":8,"enemies":"Gremlin Nob","floor":13,"turns":3},{"damage":3,"enemies":"Blue Slaver","floor":14,"turns":2},{"damage":10,"enemies":"Slime Boss","floor":16,"turns":7},{"damage":0,"enemies":"Chosen","floor":18,"turns":2},{"damage":3,"enemies":"2 Thieves","floor":20,"turns":3},{"damage":0,"enemies":"Snake Plant","floor":22,"turns":2},{"damage":0,"enemies":"Gremlin Leader","floor":27,"turns":2},{"damage":0,"enemies":"Slavers","floor":29,"turns":3},{"damage":0,"enemies":"3 Cultists","floor":30,"turns":3},{"damage":18,"enemies":"Snecko","floor":31,"turns":5},{"damage":104,"enemies":"Champ","floor":33,"turns":10}],"seed_played":"-6624525833351200106","potions_obtained":[{"floor":1,"key":"DistilledChaos"},{"floor":8,"key":"Poison Potion"},{"floor":13,"key":"Block Potion"},{"floor":16,"key":"SteroidPotion"},{"floor":22,"key":"Fire Potion"},{"floor":27,"key":"BlessingOfTheForge"},{"floor":31,"key":"AttackPotion"}],"is_trial":false,"path_per_floor":["M","?","M","?","?","E","?","M","T","R","$","M","E","M","R","B",null,"M","?","M","?","M","R","$","R","T","E","R","E","M","M","R","B"],"character_chosen":"THE_SILENT","items_purchased":["Die Die Die","Bronze Scales","Backstab","PiercingWail"],"campfire_rested":2,"item_purchase_floors":[11,11,11,24],"current_hp_per_floor":[59,48,48,66,66,66,54,54,54,54,54,54,46,43,43,33,58,58,58,55,55,55,55,55,55,55,55,66,66,66,48,66,0,0],"gold":200,"neow_bonus":"THREE_ENEMY_KILL","is_daily":false,"chose_seed":false,"campfire_upgraded":4,"win_rate":0.0,"timestamp":1613727254,"path_taken":["M","?","M","?","?","E","?","M","T","R","$","?","E","M","R","BOSS","M","?","M","?","M","R","$","R","T","E","R","E","M","M","R","BOSS"],"items_purchased_type":["Card","Relic","Card","Card"],"build_version":"2020-12-22","purchased_purges":2,"victory":false,"max_hp_per_floor":[66,66,66,66,66,66,66,66,66,66,66,66,66,66,66,66,66,66,66,66,66,66,66,66,66,66,66,66,66,66,66,66,66,66],"card_choices":[{"not_picked":["Deadly Poison","Slice"],"picked":"Dagger Throw","floor":1},{"not_picked":["Bane","Dagger Throw"],"picked":"Dagger Spray","floor":3},{"not_picked":["Distraction","Dagger Spray"],"picked":"Die Die Die","floor":6},{"not_picked":["Acrobatics","Slice"],"picked":"Dagger Spray","floor":8},{"not_picked":["Cloak And Dagger","Poisoned Stab","Night Terror"],"picked":"SKIP","floor":12},{"not_picked":["Sucker Punch","Dodge and Roll"],"picked":"Dagger Spray","floor":13},{"not_picked":["Flying Knee","Blade Dance"],"picked":"Glass Knife","floor":14},{"not_picked":["Storm of Steel","Adrenaline"],"picked":"Phantasmal Killer","floor":16},{"not_picked":["Underhanded Strike+1","Poisoned Stab","Setup"],"picked":"SKIP","floor":18},{"not_picked":["Sucker Punch","Well Laid Plans","Flying Knee"],"picked":"SKIP","floor":20},{"not_picked":["Finisher","Night Terror"],"picked":"Expertise+1","floor":22},{"not_picked":["Outmaneuver","Concentrate"],"picked":"PiercingWail","floor":27},{"not_picked":["Bouncing Flask","Deadly Poison"],"picked":"Dash","floor":29},{"not_picked":["Acrobatics","Accuracy+1"],"picked":"Choke+1","floor":30},{"not_picked":["Backstab","Deflect"],"picked":"Terror","floor":31}],"player_experience":826343,"relics_obtained":[{"floor":6,"key":"Old Coin"},{"floor":7,"key":"Shuriken"},{"floor":9,"key":"Bird Faced Urn"},{"floor":13,"key":"Nunchaku"},{"floor":27,"key":"Blood Vial"},{"floor":29,"key":"The Specimen"}],"event_choices":[{"damage_healed":0,"gold_gain":75,"player_choice":"Gather Gold","damage_taken":11,"max_hp_gain":0,"max_hp_loss":0,"event_name":"World of Goop","floor":2,"gold_loss":0},{"damage_healed":22,"gold_gain":0,"player_choice":"Banana","damage_taken":0,"max_hp_gain":0,"max_hp_loss":0,"event_name":"Big Fish","floor":4,"gold_loss":0},{"damage_healed":0,"gold_gain":0,"cards_transformed":["Strike_G"],"player_choice":"Change","damage_taken":0,"max_hp_gain":0,"max_hp_loss":0,"event_name":"Living Wall","floor":5,"gold_loss":0,"cards_obtained":["Setup"]},{"damage_healed":0,"gold_gain":0,"player_choice":"Searched \u00271\u0027 times","damage_taken":0,"max_hp_gain":0,"max_hp_loss":0,"event_name":"Dead Adventurer","floor":7,"gold_loss":0},{"damage_healed":0,"gold_gain":0,"player_choice":"Opened","damage_taken":0,"relics_obtained":["Akabeko"],"max_hp_gain":0,"max_hp_loss":0,"event_name":"The Mausoleum","floor":19,"gold_loss":0,"cards_obtained":["Writhe"]},{"damage_healed":0,"gold_gain":0,"player_choice":"Obtained Relic","damage_taken":0,"relics_obtained":["Ornamental Fan"],"max_hp_gain":0,"max_hp_loss":0,"event_name":"Addict","floor":21,"gold_loss":85}],"is_beta":false,"boss_relics":[{"not_picked":["Snecko Eye","Coffee Dripper"],"picked":"Velvet Choker"}],"items_purged_floors":[11,24],"is_endless":false,"potions_floor_spawned":[1,8,13,16,22,27,31],"killed_by":"Champ","ascension_level":20}}