{"host":"v6bx4j78sqvho3ll","time":1613734472,"event":{"mods":["AchievementEnabler","BaseMod","Colored Map","Colored Powertips","Minty Spire (QoL Compilation)","Relic Stats","StSLib"],"gold_per_floor":[13,13,25,39,56,90,90,108,108,183,183,199,199,218,218,218,218],"floor_reached":16,"language":"ENG","playtime":584,"items_purged":[],"score":135,"play_id":"87a9670c-5802-41c5-9f80-72581ba59678","local_time":"20210219123432","is_ascension_mode":true,"campfire_choices":[{"data":"TalkToTheHand","floor":11.0,"key":"SMITH"},{"floor":13.0,"key":"RECALL"},{"data":"BattleHymn","floor":15.0,"key":"SMITH"}],"circlet_count":0,"master_deck":["Strike_P","Strike_P","Strike_P","Strike_P","Defend_P","Defend_P","Defend_P","Defend_P","Eruption+1","Vigilance","Secret Technique","CrushJoints","TalkToTheHand+1","EmptyFist","BattleHymn+1","InnerPeace","DeceiveReality","SashWhip","FlurryOfBlows"],"relics":["PureWater","Pantograph","Omamori"],"acts_visited":["Exordium"],"potions_floor_usage":[],"damage_taken":[{"damage":0.0,"enemies":"Small Slimes","floor":1.0,"turns":2.0},{"damage":0.0,"enemies":"Cultist","floor":3.0,"turns":2.0},{"damage":0.0,"enemies":"Jaw Worm","floor":4.0,"turns":3.0},{"damage":16.0,"enemies":"Lots of Slimes","floor":5.0,"turns":6.0},{"damage":0.0,"enemies":"Gremlin Nob","floor":6.0,"turns":2.0},{"damage":2.0,"enemies":"Blue Slaver","floor":8.0,"turns":2.0},{"damage":3.0,"enemies":"Exordium Thugs","floor":12.0,"turns":3.0},{"damage":4.0,"enemies":"2 Fungi Beasts","floor":14.0,"turns":3.0},{"damage":0,"enemies":"Slime Boss","floor":16,"turns":1}],"seed_played":"3021137828754107939","potions_obtained":[{"floor":1.0,"key":"ColorlessPotion"},{"floor":6.0,"key":"Explosive Potion"},{"floor":14.0,"key":"PowerPotion"}],"is_trial":false,"path_per_floor":["M","?","M","M","M","E","?","M","T","?","R","M","R","M","R","B"],"character_chosen":"WATCHER","items_purchased":[],"campfire_rested":0,"item_purchase_floors":[],"current_hp_per_floor":[72,72,72,72,56,56,56,54,54,47,47,44,44,40,40,65,65],"gold":218,"neow_bonus":"RANDOM_COLORLESS_2","is_daily":false,"chose_seed":false,"campfire_upgraded":2,"win_rate":0.0,"timestamp":1613734472,"path_taken":["M","?","M","M","?","E","?","?","T","?","R","M","R","M","R","BOSS"],"items_purchased_type":[],"build_version":"2020-12-13","purchased_purges":0,"victory":false,"max_hp_per_floor":[72,72,72,72,72,72,72,72,72,72,72,72,72,72,72,72,72],"relic_stats":{"counters":[9,24],"Pantograph":25,"obtain_stats":[{"Pantograph":6,"Omamori":7,"PureWater":0},{"Pantograph":5,"Omamori":5,"PureWater":0},{"Pantograph":15,"Omamori":15,"PureWater":0}]},"card_choices":[{"not_picked":["Sadistic Nature","Magnetism"],"picked":"Secret Technique","floor":0.0},{"not_picked":["Study","SignatureMove"],"picked":"CrushJoints","floor":1.0},{"not_picked":["Consecrate","Halt"],"picked":"TalkToTheHand","floor":3.0},{"not_picked":["DeceiveReality","FlyingSleeves"],"picked":"EmptyFist","floor":4.0},{"not_picked":["DeceiveReality","LikeWater"],"picked":"BattleHymn","floor":5.0},{"not_picked":["CutThroughFate","ThirdEye"],"picked":"InnerPeace","floor":6.0},{"not_picked":["WreathOfFlame","Sanctity"],"picked":"DeceiveReality","floor":8.0},{"not_picked":["CutThroughFate","Crescendo"],"picked":"SashWhip","floor":12.0},{"not_picked":["Evaluate","Protect"],"picked":"FlurryOfBlows","floor":14.0}],"player_experience":69424,"relics_obtained":[{"floor":6.0,"key":"Pantograph"}],"event_choices":[{"damage_healed":0.0,"max_hp_gain":0.0,"max_hp_loss":0.0,"gold_gain":0.0,"event_name":"Upgrade Shrine","player_choice":"Upgraded","floor":2.0,"gold_loss":0.0,"damage_taken":0.0,"cards_upgraded":["Eruption"]},{"damage_healed":0.0,"max_hp_gain":0.0,"max_hp_loss":0.0,"gold_gain":0.0,"event_name":"WeMeetAgain","player_choice":"Gave Potion","floor":7.0,"gold_loss":0.0,"damage_taken":0.0,"relics_obtained":["Omamori"]},{"damage_healed":0.0,"max_hp_gain":0.0,"max_hp_loss":0.0,"gold_gain":75.0,"event_name":"FaceTrader","player_choice":"Touch","floor":10.0,"gold_loss":0.0,"damage_taken":7.0}],"is_beta":false,"boss_relics":[],"items_purged_floors":[],"is_endless":false,"potions_floor_spawned":[1,6,14],"killed_by":"Slime Boss","ascension_level":1}}