{"host":"nq733qv0wuvl6xd6","time":1613771926,"event":{"mods":["BaseMod","Downfall","Minty Spire (QoL Compilation)","StSLib","The Poker Player"],"gold_per_floor":[116,128,228,248,265,295,295,325,325,325,344,356,390,11,11,108,108,127,127,127,147,175,32,64,64,87,112,129,154,167,178,178,282,282,294,294,4,16,28,28,54,54,54,0,14,46,78,104,104,104],"floor_reached":51,"language":"ZHS","playtime":2863,"items_purged":[],"score":1292,"play_id":"7956bcce-775d-47ff-99b5-1ac7b8139302","local_time":"20210220055846","daily_mods":["SealedDeck","Hoarder","DeadlyEvents","Elite Swarm","Uncertain Future","Binary"],"is_ascension_mode":true,"metric_token":342,"campfire_choices":[{"data":"PokerPlayerMod:FlyingCard","floor":7,"key":"SMITH"},{"data":"PokerPlayerMod:FlyingCard","floor":10,"key":"SMITH"},{"data":"PokerPlayerMod:FlyingCard","floor":15,"key":"SMITH"},{"data":"PokerPlayerMod:Club5","floor":25,"key":"SMITH"},{"data":"PokerPlayerMod:Club5","floor":32,"key":"SMITH"},{"data":"PokerPlayerMod:Club6","floor":40,"key":"SMITH"},{"data":"PokerPlayerMod:Club6","floor":42,"key":"SMITH"},{"data":"PokerPlayerMod:Harden","floor":49,"key":"SMITH"}],"circlet_count":0,"master_deck":["PokerPlayerMod:FlyingCard+1","PokerPlayerMod:FlyingCard+1","PokerPlayerMod:FlyingCard+1","PokerPlayerMod:Diamond6","PokerPlayerMod:Diamond4","PokerPlayerMod:Diamond4","PokerPlayerMod:Diamond4","PokerPlayerMod:Diamond6","PokerPlayerMod:Diamond4","PokerPlayerMod:CloakAndDiamond","PokerPlayerMod:CloakAndDiamond","PokerPlayerMod:CloakAndDiamond","PokerPlayerMod:Diamond7","PokerPlayerMod:Diamond4","PokerPlayerMod:Diamond4","PokerPlayerMod:Spade6","PokerPlayerMod:Spade4","PokerPlayerMod:Spade7","PokerPlayerMod:SpadeStrike","PokerPlayerMod:SpadeStrike","PokerPlayerMod:SpadeStrike+1","PokerPlayerMod:SpadeStrike+1","PokerPlayerMod:SpadeStrike","PokerPlayerMod:SpadeStrike","PokerPlayerMod:Heart5","PokerPlayerMod:Heart5","PokerPlayerMod:Heart5","PokerPlayerMod:Club7","PokerPlayerMod:Club7","PokerPlayerMod:Club7","PokerPlayerMod:Harden","PokerPlayerMod:Harden+1","PokerPlayerMod:Harden"],"relics":["PokerPlayerMod:DeckCase","Busted Crown","Lantern","TungstenRod","Toxic Egg 2","Ginger","champ:Barbells","Anchor","SlaversCollar","bronze:BronzeIdol","StoneCalendar","bronze:DonusWashers","Darkstone Periapt","Slimebound:StickyStick","Happy Flower","Tiny Chest","Philosopher\u0027s Stone","sneckomod:BlankCard","PokerPlayerMod:PenAndEraser","Mango","champ:DuelingGlove","Red Mask","FossilizedHelix","Blood Vial","Guardian:PocketSentry"],"acts_visited":["Exordium","TheCity","TheBeyond"],"potions_floor_usage":[12,16,16,16,30,30,50,50,50],"damage_taken":[{"damage":0,"enemies":"Cultist","floor":1,"turns":2},{"damage":0,"enemies":"Jaw Worm","floor":2,"turns":1},{"damage":0,"enemies":"Small Slimes","floor":4,"turns":1},{"damage":0,"enemies":"Looter","floor":5,"turns":2},{"damage":0,"enemies":"Gremlin Nob","floor":6,"turns":3},{"damage":0,"enemies":"Lagavulin","floor":8,"turns":4},{"damage":0,"enemies":"Blue Slaver","floor":11,"turns":2},{"damage":0,"enemies":"Gremlin Gang","floor":12,"turns":2},{"damage":0,"enemies":"3 Sentries","floor":13,"turns":3},{"damage":4,"enemies":"The Guardian","floor":16,"turns":7},{"damage":0,"enemies":"Spheric Guardian","floor":18,"turns":3},{"damage":0,"enemies":"3 Byrds","floor":21,"turns":2},{"damage":0,"enemies":"Slavers","floor":22,"turns":4},{"damage":0,"enemies":"Gremlin Leader","floor":24,"turns":5},{"damage":0,"enemies":"Book of Stabbing","floor":27,"turns":4},{"damage":0,"enemies":"Snake Plant","floor":28,"turns":3},{"damage":4,"enemies":"Gremlin Leader","floor":29,"turns":7},{"damage":0,"enemies":"Centurion and Healer","floor":30,"turns":4},{"damage":6,"enemies":"Sentry and Sphere","floor":31,"turns":5},{"damage":37,"enemies":"Automaton","floor":33,"turns":7},{"damage":4,"enemies":"3 Darklings","floor":35,"turns":6},{"damage":0,"enemies":"3 Shapes","floor":38,"turns":3},{"damage":0,"enemies":"Sphere and 2 Shapes","floor":39,"turns":4},{"damage":0,"enemies":"Giant Head","floor":41,"turns":9},{"damage":14,"enemies":"Transient","floor":45,"turns":5},{"damage":28,"enemies":"Reptomancer","floor":46,"turns":6},{"damage":0,"enemies":"Nemesis","floor":47,"turns":7},{"damage":0,"enemies":"Reptomancer","floor":48,"turns":4},{"damage":11,"enemies":"Time Eater","floor":50,"turns":11}],"seed_played":"1209429725516672317","potions_obtained":[{"floor":1,"key":"PowerPotion"},{"floor":5,"key":"Regen Potion"},{"floor":6,"key":"CultistPotion"},{"floor":16,"key":"Fruit Juice"},{"floor":21,"key":"LiquidMemories"},{"floor":24,"key":"LiquidBronze"},{"floor":27,"key":"BlessingOfTheForge"},{"floor":29,"key":"BlessingOfTheForge"},{"floor":33,"key":"SteroidPotion"},{"floor":35,"key":"EssenceOfSteel"},{"floor":45,"key":"AttackPotion"}],"is_trial":true,"path_per_floor":["M","M","?","M","M","E","R","E","T","R","M","M","E","$","R","B",null,"M","?","$","M","E","$","E","R","T","E","M","E","M","M","R","B",null,"M","?","$","M","M","R","E","R","T","?","M","E","E","E","R","B",null],"character_chosen":"THE_POKER_PLAYER","items_purchased":["champ:Barbells","Anchor","PokerPlayerMod:Harden","bronze:DonusWashers","sneckomod:BlankCard","PokerPlayerMod:PenAndEraser"],"campfire_rested":0,"item_purchase_floors":[14,14,14,23,37,37],"current_hp_per_floor":[52,52,52,52,52,52,52,52,52,52,52,52,52,52,52,57,57,57,57,57,57,57,57,57,57,57,57,57,57,57,57,57,20,57,57,57,57,57,57,57,71,71,71,71,67,61,71,71,71,71],"gold":104,"neow_bonus":"","is_daily":false,"chose_seed":false,"campfire_upgraded":8,"win_rate":0.0,"timestamp":1613771926,"path_taken":["M","M","?","?","?","E","R","E","T","R","M","M","E","$","R","BOSS","M","?","?","M","?","$","E","R","T","E","M","E","M","M","R","BOSS","M","?","$","M","M","R","E","R","T","?","M","E","?","E","R","BOSS"],"items_purchased_type":["Relic","Relic","Card","Relic","Relic","Relic"],"build_version":"2020-12-22","purchased_purges":0,"victory":true,"max_hp_per_floor":[52,52,52,52,52,52,52,52,52,52,52,52,52,52,52,57,57,57,57,57,57,57,57,57,57,57,57,57,57,57,57,57,57,57,57,57,57,57,57,57,71,71,71,71,71,71,71,71,71,71],"card_choices":[],"player_experience":57798,"relics_obtained":[{"floor":6,"key":"Lantern"},{"floor":8,"key":"TungstenRod"},{"floor":9,"key":"Toxic Egg 2"},{"floor":13,"key":"Ginger"},{"floor":22,"key":"StoneCalendar"},{"floor":24,"key":"Darkstone Periapt"},{"floor":26,"key":"Slimebound:StickyStick"},{"floor":27,"key":"Happy Flower"},{"floor":29,"key":"Tiny Chest"},{"floor":41,"key":"Mango"},{"floor":43,"key":"champ:DuelingGlove"},{"floor":46,"key":"FossilizedHelix"},{"floor":47,"key":"Blood Vial"},{"floor":48,"key":"Guardian:PocketSentry"}],"event_choices":[{"damage_healed":0,"gold_gain":100,"player_choice":"Pray","damage_taken":0,"max_hp_gain":0,"max_hp_loss":0,"event_name":"Golden Shrine","floor":3,"gold_loss":0},{"damage_healed":0,"gold_gain":0,"player_choice":"Opened","damage_taken":0,"relics_obtained":["bronze:BronzeIdol"],"max_hp_gain":0,"max_hp_loss":0,"event_name":"The Mausoleum","floor":19,"gold_loss":0},{"damage_healed":0,"gold_gain":0,"player_choice":"Memory 1","damage_taken":0,"max_hp_gain":0,"max_hp_loss":0,"event_name":"SensoryStone","floor":36,"gold_loss":0},{"damage_healed":0,"gold_gain":0,"player_choice":"Paid","damage_taken":0,"relics_obtained":["Red Mask"],"max_hp_gain":0,"max_hp_loss":0,"event_name":"Tomb of Lord Red Mask","floor":44,"gold_loss":54}],"is_beta":false,"boss_relics":[{"not_picked":["Runic Dome","Sozu"],"picked":"SlaversCollar"},{"not_picked":["Velvet Choker","Cursed Key"],"picked":"Philosopher\u0027s Stone"}],"items_purged_floors":[],"is_endless":false,"potions_floor_spawned":[1,5,6,8,16,21,24,27,29,33,35,41,45,46],"ascension_level":1}}