{"host":"8is2j71l4wmybkoi","time":1613740507,"event":{"mods":["AchievementEnabler","BaseMod","Colored Map","DeckTracker","Minty Spire (QoL Compilation)","Rare Cards Sparkle","Relic Stats","StSLib","SuperFastMode"],"gold_per_floor":[364,381,306,64,64,64,74,105,105,140,140,140,167,177,177,177,177],"floor_reached":16,"language":"KOR","playtime":410,"items_purged":["Defend_G"],"score":207,"play_id":"e786e04c-1b4e-4128-9e42-6bd70ebbfa51","local_time":"20210219221507","is_ascension_mode":true,"campfire_choices":[{"data":"Neutralize","floor":6,"key":"SMITH"},{"floor":11,"key":"REST"},{"data":"Recycle","floor":15,"key":"SMITH"}],"circlet_count":0,"master_deck":["AscendersBane","Strike_G","Strike_G","Strike_G","Defend_G+1","Defend_G","Defend_G+1","Defend_G","Survivor","Neutralize+1","Acrobatics","Quick Slash","Flying Knee","Anger","Melter","Recycle+1","After Image"],"relics":["Ring of the Snake","PrismaticShard","HornCleat","Akabeko","Singing Bowl","Centennial Puzzle","War Paint"],"acts_visited":["Exordium"],"potions_floor_usage":[8,10,16],"damage_taken":[{"damage":4,"enemies":"Jaw Worm","floor":1,"turns":4},{"damage":0,"enemies":"Cultist","floor":2,"turns":5},{"damage":0,"enemies":"2 Louse","floor":7,"turns":3},{"damage":20,"enemies":"Gremlin Nob","floor":8,"turns":4},{"damage":2,"enemies":"3 Sentries","floor":10,"turns":6},{"damage":12,"enemies":"Gremlin Nob","floor":13,"turns":4},{"damage":6,"enemies":"Lots of Slimes","floor":14,"turns":3},{"damage":32,"enemies":"Hexaghost","floor":16,"turns":9}],"seed_played":"8562729123933203115","potions_obtained":[{"floor":7,"key":"FearPotion"},{"floor":8,"key":"Explosive Potion"},{"floor":13,"key":"SkillPotion"}],"is_trial":false,"path_per_floor":["M","M","?","$","?","R","M","E","T","E","R","T","E","M","R","B"],"character_chosen":"THE_SILENT","items_purchased":["PrismaticShard","Flying Knee"],"campfire_rested":1,"item_purchase_floors":[4,4],"current_hp_per_floor":[55,55,55,55,48,48,48,28,28,26,44,44,34,28,28,0,0],"gold":177,"neow_bonus":"TWO_FIFTY_GOLD","is_daily":false,"chose_seed":false,"campfire_upgraded":2,"win_rate":0.0,"timestamp":1613740507,"path_taken":["M","M","?","$","?","R","M","E","T","E","R","?","E","?","R","BOSS"],"items_purchased_type":["Relic","Card"],"build_version":"2020-12-22","purchased_purges":1,"victory":false,"max_hp_per_floor":[60,60,60,60,60,60,60,60,60,60,60,60,62,62,62,62,62],"relic_stats":{"Centennial Puzzle":[9],"Singing Bowl":2,"counters":[8,38],"War Paint":["Defend_G","Defend_G"],"obtain_stats":[{"Centennial Puzzle":12,"HornCleat":8,"Singing Bowl":10,"War Paint":13,"PrismaticShard":4,"Akabeko":9,"Ring of the Snake":0},{"Centennial Puzzle":5,"HornCleat":4,"Singing Bowl":5,"War Paint":6,"PrismaticShard":2,"Akabeko":4,"Ring of the Snake":0},{"Centennial Puzzle":22,"HornCleat":16,"Singing Bowl":22,"War Paint":26,"PrismaticShard":9,"Akabeko":16,"Ring of the Snake":0}],"Ring of the Snake":[16]},"card_choices":[{"not_picked":["Prepared","Distraction"],"picked":"Acrobatics","floor":1},{"not_picked":["Crippling Poison","PiercingWail"],"picked":"Quick Slash","floor":2},{"not_picked":["Deadly Poison","All Out Attack"],"picked":"Anger","floor":7},{"not_picked":["Go for the Eyes","Metallicize"],"picked":"Melter","floor":8},{"not_picked":["Warcry","Acrobatics"],"picked":"Recycle","floor":10},{"not_picked":["Quick Slash","Barrage","Searing Blow"],"picked":"Singing Bowl","floor":13},{"not_picked":["Flex","Thunderclap"],"picked":"After Image","floor":14}],"player_experience":1255433,"relics_obtained":[{"floor":8,"key":"HornCleat"},{"floor":9,"key":"Akabeko"},{"floor":10,"key":"Singing Bowl"},{"floor":12,"key":"Centennial Puzzle"},{"floor":13,"key":"War Paint"}],"event_choices":[{"cards_removed":["Strike_G"],"damage_healed":0,"gold_gain":0,"player_choice":"Card Removal","damage_taken":0,"max_hp_gain":0,"max_hp_loss":0,"event_name":"The Cleric","floor":3,"gold_loss":75},{"cards_removed":["Strike_G"],"damage_healed":0,"gold_gain":0,"player_choice":"Card Removal","damage_taken":7,"max_hp_gain":0,"max_hp_loss":0,"event_name":"Golden Wing","floor":5,"gold_loss":0}],"is_beta":false,"boss_relics":[],"items_purged_floors":[4],"is_endless":false,"potions_floor_spawned":[7,8,13],"killed_by":"Hexaghost","ascension_level":15}}