{"host":"bnbc66jny2i0hx0x","time":1613713703,"event":{"mods":["AchievementEnabler","BaseMod","Minty Spire (QoL Compilation)","Relic Sorter","StSLib"],"gold_per_floor":[118,130,149,149,159,159,170,202,229,254,179,209,284,308,308,380,380,390,440,440,460,194,194,224,236,282,291,333,57,81,107,107,194,194,214,271,295,295,295,339,309,309,309,348,372,394,64,99,99,99],"floor_reached":51,"language":"ENG","playtime":2454,"items_purged":["Strike_R"],"score":1632,"play_id":"4e70408b-0ef6-4192-8d31-4eec8ea76573","local_time":"20210218214823","is_ascension_mode":true,"campfire_choices":[{"data":"Corruption","floor":6.0,"key":"SMITH"},{"floor":15.0,"key":"REST"},{"data":"Feel No Pain","floor":23.0,"key":"SMITH"},{"data":"Feel No Pain","floor":32.0,"key":"SMITH"},{"data":"Burning Pact","floor":42,"key":"SMITH"},{"floor":49,"key":"REST"}],"circlet_count":0,"master_deck":["AscendersBane","Strike_R","Defend_R","Defend_R","Defend_R","Defend_R","Bash","Blood for Blood","Rampage","Corruption+1","True Grit","Metallicize","Juggernaut","Shrug It Off","Immolate","Sentinel","Feel No Pain+1","Fiend Fire","Entrench","Feel No Pain+1","Fiend Fire","Inflame","Bludgeon","Burning Pact","Limit Break","Burning Pact+1","Bludgeon","Feel No Pain","Power Through+1","Body Slam","Battle Trance","Juggernaut","Body Slam+1","Entrench","Demon Form","Impervious","Exhume"],"relics":["Burning Blood","Bronze Scales","PreservedInsect","Omamori","Lantern","Toy Ornithopter","Vajra","Snecko Eye","Orrery","Ancient Tea Set","CeramicFish","Darkstone Periapt","Strange Spoon","Mango","Philosopher\u0027s Stone","Unceasing Top","Orichalcum","White Beast Statue","Art of War","Nunchaku"],"acts_visited":["Exordium","TheCity","TheBeyond"],"potions_floor_usage":[40,44,44,45,46,50,50],"damage_taken":[{"damage":2.0,"enemies":"2 Louse","floor":1.0,"turns":3.0},{"damage":1.0,"enemies":"Cultist","floor":2.0,"turns":3.0},{"damage":1.0,"enemies":"Small Slimes","floor":3.0,"turns":3.0},{"damage":7.0,"enemies":"Looter","floor":5.0,"turns":3.0},{"damage":7.0,"enemies":"2 Fungi Beasts","floor":7.0,"turns":3.0},{"damage":24.0,"enemies":"Gremlin Nob","floor":8.0,"turns":4.0},{"damage":12.0,"enemies":"Lagavulin","floor":10.0,"turns":7.0},{"damage":17.0,"enemies":"3 Sentries","floor":12.0,"turns":6.0},{"damage":0.0,"enemies":"The Guardian","floor":16.0,"turns":9.0},{"damage":0.0,"enemies":"Spheric Guardian","floor":18.0,"turns":3.0},{"damage":6.0,"enemies":"3 Byrds","floor":21.0,"turns":2.0},{"damage":22.0,"enemies":"Book of Stabbing","floor":24.0,"turns":3.0},{"damage":0.0,"enemies":"Snecko","floor":25.0,"turns":4.0},{"damage":0.0,"enemies":"Gremlin Leader","floor":28.0,"turns":4.0},{"damage":6.0,"enemies":"Centurion and Healer","floor":30.0,"turns":3.0},{"damage":14.0,"enemies":"Book of Stabbing","floor":31.0,"turns":3.0},{"damage":13.0,"enemies":"Champ","floor":33.0,"turns":11.0},{"damage":25.0,"enemies":"3 Darklings","floor":35.0,"turns":5.0},{"damage":33.0,"enemies":"2 Orb Walkers","floor":36.0,"turns":5.0},{"damage":5.0,"enemies":"3 Shapes","floor":37.0,"turns":4.0},{"damage":20,"enemies":"Reptomancer","floor":40,"turns":6},{"damage":28,"enemies":"Nemesis","floor":44,"turns":3},{"damage":10,"enemies":"Jaw Worm Horde","floor":45,"turns":3},{"damage":18,"enemies":"3 Darklings","floor":46,"turns":3},{"damage":8,"enemies":"Giant Head","floor":48,"turns":5},{"damage":54,"enemies":"Time Eater","floor":50,"turns":6}],"seed_played":"-6445661754903277067","potions_obtained":[{"floor":1.0,"key":"Swift Potion"},{"floor":3.0,"key":"FearPotion"},{"floor":7.0,"key":"FearPotion"},{"floor":8.0,"key":"HeartOfIron"},{"floor":12.0,"key":"EssenceOfSteel"},{"floor":24.0,"key":"SteroidPotion"},{"floor":25.0,"key":"BloodPotion"},{"floor":33.0,"key":"SteroidPotion"},{"floor":36.0,"key":"BloodPotion"},{"floor":41,"key":"SkillPotion"},{"floor":44,"key":"SkillPotion"},{"floor":45,"key":"Weak Potion"},{"floor":46,"key":"Strength Potion"},{"floor":48,"key":"AttackPotion"}],"is_trial":false,"path_per_floor":["M","M","M","?","M","R","M","E","T","E","?","E","?","T","R","B",null,"M","?","?","M","$","R","E","M","T","?","E","$","M","E","R","B",null,"M","?","M","?","?","E","?","R","T","E","M","M","$","E","R","B",null],"character_chosen":"IRONCLAD","items_purchased":["Feel No Pain","Orrery","Strange Spoon","Limit Break","Demon Form","Impervious","Exhume"],"campfire_rested":2,"item_purchase_floors":[22,22,29,29,47,47,47],"current_hp_per_floor":[72,75,75,75,74,74,73,55,55,49,49,38,27,27,49,65,73,75,75,54,54,54,54,38,44,44,44,50,50,50,56,56,54,84,65,43,44,44,44,53,53,53,53,59,60,53,53,51,79,41],"gold":99,"neow_bonus":"RANDOM_COMMON_RELIC","is_daily":false,"chose_seed":false,"campfire_upgraded":4,"win_rate":0.0,"timestamp":1613713703,"path_taken":["M","M","M","?","?","R","M","E","T","E","?","E","?","?","R","BOSS","M","?","?","M","?","R","E","M","T","?","E","$","M","E","R","BOSS","M","?","M","?","?","E","?","R","T","E","?","M","?","E","R","BOSS"],"items_purchased_type":["Card","Relic","Relic","Card","Card","Card","Card"],"build_version":"2020-12-22","purchased_purges":1,"victory":true,"max_hp_per_floor":[75,75,75,75,75,75,75,75,75,75,75,75,75,75,75,75,75,75,75,80,80,80,80,80,80,80,80,80,80,80,94,94,94,94,94,94,94,94,94,94,94,94,94,94,94,94,94,94,94,94],"card_choices":[{"not_picked":["Iron Wave","Metallicize"],"picked":"Blood for Blood","floor":1.0},{"not_picked":["Wild Strike","Evolve"],"picked":"Rampage","floor":2.0},{"not_picked":["Iron Wave","Clothesline","Burning Pact"],"picked":"SKIP","floor":3.0},{"not_picked":["Thunderclap","Intimidate"],"picked":"Corruption","floor":5.0},{"not_picked":["Warcry","Perfected Strike"],"picked":"True Grit","floor":7.0},{"not_picked":["Body Slam","True Grit"],"picked":"Metallicize","floor":8.0},{"not_picked":["Havoc","Flex"],"picked":"Juggernaut","floor":10.0},{"not_picked":["Twin Strike","Fire Breathing"],"picked":"Shrug It Off","floor":12.0},{"not_picked":["Bludgeon","Reaper"],"picked":"Immolate","floor":16.0},{"not_picked":["Bloodletting","Heavy Blade+1"],"picked":"Sentinel","floor":18.0},{"not_picked":["Warcry","Pummel","Headbutt"],"picked":"SKIP","floor":21.0},{"not_picked":["Inflame","Sword Boomerang"],"picked":"Fiend Fire","floor":22.0},{"not_picked":["Iron Wave","Heavy Blade"],"picked":"Entrench","floor":22.0},{"not_picked":["Inflame","Battle Trance"],"picked":"Feel No Pain","floor":22.0},{"not_picked":["Clothesline","Rampage"],"picked":"Fiend Fire","floor":22.0},{"not_picked":["Infernal Blade","Pommel Strike","Pummel"],"picked":"SKIP","floor":24.0},{"not_picked":["Reckless Charge+1","Sever Soul"],"picked":"Inflame","floor":25.0},{"not_picked":["Thunderclap","Havoc"],"picked":"Burning Pact","floor":28.0},{"not_picked":["Pummel","Headbutt"],"picked":"Burning Pact","floor":30.0},{"not_picked":["Havoc+1","Flex","Perfected Strike"],"picked":"SKIP","floor":31.0},{"not_picked":["Double Tap","Brutality"],"picked":"Bludgeon","floor":33.0},{"not_picked":["Thunderclap","True Grit+1"],"picked":"Feel No Pain","floor":35.0},{"not_picked":["Shrug It Off","Clothesline+1"],"picked":"Power Through+1","floor":36.0},{"not_picked":["Thunderclap","Headbutt"],"picked":"Body Slam","floor":37.0},{"not_picked":["Iron Wave","Bloodletting"],"picked":"Battle Trance","floor":40},{"not_picked":["Intimidate","Seeing Red"],"picked":"Juggernaut","floor":44},{"not_picked":["Shrug It Off","Intimidate"],"picked":"Body Slam+1","floor":45},{"not_picked":["Pommel Strike","Cleave+1"],"picked":"Entrench","floor":46},{"not_picked":["Havoc","Brutality","Headbutt"],"picked":"SKIP","floor":48}],"player_experience":1274921,"relics_obtained":[{"floor":8.0,"key":"PreservedInsect"},{"floor":9.0,"key":"Omamori"},{"floor":10.0,"key":"Lantern"},{"floor":12.0,"key":"Toy Ornithopter"},{"floor":14.0,"key":"Vajra"},{"floor":24.0,"key":"Ancient Tea Set"},{"floor":26.0,"key":"CeramicFish"},{"floor":28.0,"key":"Darkstone Periapt"},{"floor":31.0,"key":"Mango"},{"floor":36.0,"key":"Unceasing Top"},{"floor":40,"key":"Orichalcum"},{"floor":43,"key":"White Beast Statue"},{"floor":44,"key":"Art of War"},{"floor":48,"key":"Nunchaku"}],"event_choices":[{"cards_removed":["Strike_R"],"damage_healed":0.0,"max_hp_gain":0.0,"max_hp_loss":0.0,"gold_gain":0.0,"event_name":"Purifier","player_choice":"Purged","floor":4.0,"gold_loss":0.0,"damage_taken":0.0},{"cards_removed":["Strike_R"],"damage_healed":0.0,"max_hp_gain":0.0,"max_hp_loss":0.0,"gold_gain":0.0,"event_name":"The Cleric","player_choice":"Card Removal","floor":11.0,"gold_loss":75.0,"damage_taken":0.0},{"damage_healed":0.0,"max_hp_gain":0.0,"max_hp_loss":0.0,"gold_gain":75.0,"event_name":"World of Goop","player_choice":"Gather Gold","floor":13.0,"gold_loss":0.0,"damage_taken":11.0},{"damage_healed":0.0,"max_hp_gain":0.0,"max_hp_loss":0.0,"gold_gain":50.0,"event_name":"Nest","player_choice":"Stole From Cult","floor":19.0,"gold_loss":0.0,"damage_taken":0.0},{"damage_healed":0.0,"max_hp_gain":5.0,"max_hp_loss":0.0,"gold_gain":0.0,"event_name":"Forgotten Altar","player_choice":"Shed Blood","floor":20.0,"gold_loss":0.0,"damage_taken":26.0},{"damage_healed":0.0,"max_hp_gain":0.0,"max_hp_loss":0.0,"gold_gain":0.0,"cards_transformed":["Strike_R"],"event_name":"Transmorgrifier","player_choice":"Transformed","floor":27.0,"gold_loss":0.0,"damage_taken":0.0,"cards_obtained":["Bludgeon"]},{"damage_healed":0.0,"max_hp_gain":0.0,"max_hp_loss":0.0,"gold_gain":0.0,"event_name":"Mysterious Sphere","player_choice":"Fight","floor":36.0,"gold_loss":0.0,"damage_taken":0.0},{"damage_healed":0.0,"max_hp_gain":0.0,"max_hp_loss":0.0,"gold_gain":0.0,"event_name":"The Moai Head","player_choice":"Ignored","floor":38.0,"gold_loss":0.0,"damage_taken":0.0},{"damage_healed":0,"gold_gain":0,"player_choice":"Memory 1","damage_taken":0,"max_hp_gain":0,"max_hp_loss":0,"event_name":"SensoryStone","floor":39,"gold_loss":0},{"damage_healed":0,"gold_gain":0,"player_choice":"Bought 2 Potions","damage_taken":0,"max_hp_gain":0,"max_hp_loss":0,"event_name":"The Woman in Blue","floor":41,"gold_loss":0}],"is_beta":false,"boss_relics":[{"not_picked":["Ectoplasm","Runic Pyramid"],"picked":"Snecko Eye"},{"not_picked":["Busted Crown","Pandora\u0027s Box"],"picked":"Philosopher\u0027s Stone"}],"items_purged_floors":[22],"is_endless":false,"potions_floor_spawned":[1,3,7,8,12,24,25,31,33,36,44,45,46,48],"ascension_level":15}}