{"host":"f5gffvlv6a66yqkd","time":1613724800,"event":{"mods":["2.2 Compatiblity","BaseMod","Colored Map","Custom Start","DeckTracker","Keyboard Shortcuts","Minty Spire (QoL Compilation)","Permanent Neow","Quick Restart","Relic Stats","StSLib","SuperFastMode"],"gold_per_floor":[110,110,110,127,140,157,82,82,82,6,6,20,20,30,30,101,101,118,129,142,142,112,112,143,143,143,143,43,57,57,68,68,141,141,160,35,50,68,86,86,115,115,115,141,156,185,185,185,185,185,185,185,35,62,62],"floor_reached":56,"language":"KOR","playtime":2608,"items_purged":["Strike_P","Conclude","BowlingBash","Protect"],"score":2314,"play_id":"465b8444-a773-4f1f-8384-24ad8c1b448f","local_time":"20210219175320","is_ascension_mode":true,"campfire_choices":[{"data":"Wallop","floor":11.0,"key":"SMITH"},{"data":"SandsOfTime","floor":13.0,"key":"SMITH"},{"data":"EmptyFist","floor":15.0,"key":"SMITH"},{"floor":23.0,"key":"REST"},{"floor":25.0,"key":"REST"},{"data":"Scrawl","floor":27.0,"key":"SMITH"},{"data":"Wallop","floor":32.0,"key":"SMITH"},{"data":"Adaptation","floor":40.0,"key":"SMITH"},{"data":"Vault","floor":42,"key":"SMITH"},{"floor":49,"key":"RECALL"},{"data":"MasterReality","floor":52,"key":"SMITH"}],"circlet_count":0,"master_deck":["AscendersBane","Eruption+1","Vigilance","Deep Breath+1","Wallop+1","EmptyFist+1","InnerPeace","SandsOfTime+1","Tantrum","Scrawl+1","ThirdEye","Crescendo","Wallop+1","MasterReality+1","Adaptation+1","Vault+1","MentalFortress+1"],"relics":["PureWater","MealTicket","Pandora\u0027s Box","Meat on the Bone","Mango","VioletLotus","Bottled Tornado","Bronze Scales","Toxic Egg 2","Oddly Smooth Stone"],"acts_visited":["Exordium","TheCity","TheBeyond","TheEnding"],"potions_floor_usage":[41,50,55],"damage_taken":[{"damage":4.0,"enemies":"2 Louse","floor":1.0,"turns":4.0},{"damage":11.0,"enemies":"Small Slimes","floor":4.0,"turns":6.0},{"damage":0.0,"enemies":"Cultist","floor":5.0,"turns":2.0},{"damage":7.0,"enemies":"Lots of Slimes","floor":6.0,"turns":3.0},{"damage":3.0,"enemies":"Exordium Wildlife","floor":12.0,"turns":3.0},{"damage":0.0,"enemies":"Blue Slaver","floor":14.0,"turns":2.0},{"damage":0.0,"enemies":"Slime Boss","floor":16.0,"turns":3.0},{"damage":32.0,"enemies":"Shell Parasite","floor":18.0,"turns":5.0},{"damage":18.0,"enemies":"3 Byrds","floor":19.0,"turns":4.0},{"damage":9.0,"enemies":"3 Cultists","floor":20.0,"turns":4.0},{"damage":30.0,"enemies":"Slavers","floor":24.0,"turns":3.0},{"damage":10.0,"enemies":"Centurion and Healer","floor":29.0,"turns":4.0},{"damage":15.0,"enemies":"Snake Plant","floor":31.0,"turns":3.0},{"damage":24.0,"enemies":"Automaton","floor":33.0,"turns":5.0},{"damage":0.0,"enemies":"3 Shapes","floor":35.0,"turns":3.0},{"damage":29.0,"enemies":"3 Darklings","floor":37.0,"turns":3.0},{"damage":5.0,"enemies":"Sphere and 2 Shapes","floor":38.0,"turns":3.0},{"damage":10.0,"enemies":"Jaw Worm Horde","floor":39.0,"turns":4.0},{"damage":25,"enemies":"Nemesis","floor":41,"turns":8},{"damage":32,"enemies":"Reptomancer","floor":44,"turns":11},{"damage":0,"enemies":"4 Shapes","floor":45,"turns":4},{"damage":0,"enemies":"Giant Head","floor":46,"turns":3},{"damage":3,"enemies":"Awakened One","floor":50,"turns":4},{"damage":0,"enemies":"Shield and Spear","floor":54,"turns":7},{"damage":14,"enemies":"The Heart","floor":55,"turns":6}],"seed_played":"-2109048504827359961","potions_obtained":[{"floor":12.0,"key":"Ancient Potion"},{"floor":14.0,"key":"DuplicationPotion"},{"floor":19.0,"key":"LiquidMemories"},{"floor":22.0,"key":"Fruit Juice"},{"floor":22.0,"key":"AttackPotion"},{"floor":24.0,"key":"Block Potion"},{"floor":33.0,"key":"Explosive Potion"},{"floor":39.0,"key":"Weak Potion"},{"floor":41,"key":"BlessingOfTheForge"},{"floor":46,"key":"Regen Potion"}],"is_trial":false,"path_per_floor":["M","?","?","M","M","M","$","?","T","$","R","M","R","M","R","B",null,"M","M","M","?","?","R","E","R","T","R","$","M","?","M","R","B",null,"M","$","M","M","M","R","E","R","T","E","M","E","?","?","R","B",null,"R","$","E","B",null],"character_chosen":"WATCHER","items_purchased":["InnerPeace"],"campfire_rested":2,"item_purchase_floors":[10],"current_hp_per_floor":[57,62,62,51,51,44,44,44,44,59,59,56,56,56,56,56,69,37,19,10,10,15,38,8,31,45,45,60,50,50,47,47,35,78,78,92,63,58,48,48,35,35,35,15,27,39,39,39,39,48,81,81,92,92,78],"gold":62,"neow_bonus":"RANDOM_COLORLESS","is_daily":false,"chose_seed":false,"campfire_upgraded":8,"win_rate":0.0,"timestamp":1613724800,"path_taken":["M","?","?","?","M","M","?","?","T","$","R","M","R","?","R","BOSS","M","M","?","?","?","R","E","R","T","R","$","?","?","M","R","BOSS","M","$","M","M","M","R","E","R","T","E","M","E","?","?","R","BOSS","R","$","E","BOSS"],"items_purchased_type":["Card"],"build_version":"2020-12-22","purchased_purges":4,"victory":true,"max_hp_per_floor":[68,73,73,73,73,73,73,73,73,73,73,73,73,73,73,73,73,73,73,73,73,78,78,78,78,92,92,92,92,92,92,92,92,92,92,92,92,92,92,92,92,92,92,92,92,92,92,92,92,92,92,92,92,92,92],"relic_stats":{"counters":[25,107],"Bronze Scales":[78],"MealTicket":55,"Pandora\u0027s Box":["ThirdEye","Crescendo","ConjureBlade","Wallop","Conclude","Protect","MasterReality"],"VioletLotus":[260],"obtain_stats":[{"Bronze Scales":44,"Oddly Smooth Stone":54,"MealTicket":9,"Pandora\u0027s Box":17,"Mango":26,"VioletLotus":34,"PureWater":0,"Bottled Tornado":41,"Toxic Egg 2":46,"Meat on the Bone":24},{"Bronze Scales":20,"Oddly Smooth Stone":24,"MealTicket":4,"Pandora\u0027s Box":7,"Mango":11,"VioletLotus":14,"PureWater":0,"Bottled Tornado":19,"Toxic Egg 2":22,"Meat on the Bone":11},{"Bronze Scales":83,"Oddly Smooth Stone":101,"MealTicket":15,"Pandora\u0027s Box":23,"Mango":39,"VioletLotus":51,"PureWater":0,"Bottled Tornado":72,"Toxic Egg 2":90,"Meat on the Bone":39}],"Meat on the Bone":72},"card_choices":[{"not_picked":["Purity","Mind Blast"],"picked":"Deep Breath","floor":0.0},{"not_picked":["Fasting2","PathToVictory","EmptyBody"],"picked":"SKIP","floor":1.0},{"not_picked":["Protect","ThirdEye"],"picked":"BowlingBash","floor":4.0},{"not_picked":["EmptyBody","JustLucky"],"picked":"Wallop","floor":5.0},{"not_picked":["Protect","CrushJoints"],"picked":"EmptyFist","floor":6.0},{"not_picked":["Consecrate","JustLucky"],"picked":"SandsOfTime","floor":12.0},{"not_picked":["EmptyFist","ClearTheMind"],"picked":"Tantrum","floor":14.0},{"not_picked":["Vault","SpiritShield"],"picked":"Scrawl","floor":16.0},{"not_picked":["Worship","EmptyMind","WreathOfFlame"],"picked":"SKIP","floor":18.0},{"not_picked":["SandsOfTime","Halt","PathToVictory"],"picked":"SKIP","floor":19.0},{"not_picked":["Indignation","BowlingBash"],"picked":"Adaptation","floor":20.0},{"not_picked":["FollowUp","InnerPeace","EmptyFist"],"picked":"SKIP","floor":24.0},{"not_picked":["MasterReality","BattleHymn","Crescendo+1"],"picked":"SKIP","floor":29.0},{"not_picked":["BowlingBash+1","PathToVictory","CutThroughFate"],"picked":"SKIP","floor":31.0},{"not_picked":["ConjureBlade","DevaForm"],"picked":"Vault","floor":33.0},{"not_picked":["BowlingBash","Indignation","Crescendo"],"picked":"SKIP","floor":35.0},{"not_picked":["CutThroughFate","Consecrate+1","CrushJoints"],"picked":"SKIP","floor":37.0},{"not_picked":["Pray","Protect+1"],"picked":"MentalFortress+1","floor":38.0},{"not_picked":["FlurryOfBlows+1","Brilliance","SashWhip"],"picked":"SKIP","floor":39.0},{"not_picked":["Consecrate","SashWhip+1","FollowUp"],"picked":"SKIP","floor":41},{"not_picked":["Perseverance","Crescendo","WaveOfTheHand"],"picked":"SKIP","floor":44},{"not_picked":["Crescendo+1","Indignation","JustLucky"],"picked":"SKIP","floor":45},{"not_picked":["Wallop","BowlingBash","Worship+1"],"picked":"SKIP","floor":46},{"not_picked":["Wallop","BowlingBash","Worship+1"],"picked":"SKIP","floor":46},{"not_picked":["Conclude","Protect+1","Halt+1"],"picked":"SKIP","floor":54}],"player_experience":1508260,"relics_obtained":[{"floor":9.0,"key":"MealTicket"},{"floor":24.0,"key":"Meat on the Bone"},{"floor":26.0,"key":"Mango"},{"floor":41,"key":"Bottled Tornado"},{"floor":44,"key":"Bronze Scales"},{"floor":46,"key":"Toxic Egg 2"},{"floor":54,"key":"Oddly Smooth Stone"}],"event_choices":[{"damage_healed":0.0,"max_hp_gain":5.0,"max_hp_loss":0.0,"gold_gain":0.0,"event_name":"Big Fish","player_choice":"Donut","floor":2.0,"gold_loss":0.0,"damage_taken":0.0},{"damage_healed":0.0,"max_hp_gain":0.0,"max_hp_loss":0.0,"gold_gain":0.0,"event_name":"Accursed Blacksmith","player_choice":"Forge","floor":3.0,"gold_loss":0.0,"damage_taken":0.0,"cards_upgraded":["Eruption"]},{"damage_healed":0.0,"max_hp_gain":0.0,"max_hp_loss":0.0,"gold_gain":0.0,"event_name":"Upgrade Shrine","player_choice":"Upgraded","floor":8.0,"gold_loss":0.0,"damage_taken":0.0,"cards_upgraded":["Deep Breath"]},{"cards_removed":["ConjureBlade"],"damage_healed":0.0,"max_hp_gain":0.0,"max_hp_loss":0.0,"gold_gain":0.0,"event_name":"Back to Basics","player_choice":"Elegance","floor":21.0,"gold_loss":0.0,"damage_taken":0.0},{"damage_healed":0.0,"max_hp_gain":0.0,"max_hp_loss":0.0,"gold_gain":0.0,"event_name":"The Woman in Blue","player_choice":"Bought 2 Potions","floor":22.0,"gold_loss":0.0,"damage_taken":0.0},{"damage_healed":0,"gold_gain":0,"player_choice":"Ignored","damage_taken":0,"max_hp_gain":0,"max_hp_loss":0,"event_name":"The Moai Head","floor":47,"gold_loss":0},{"damage_healed":0,"gold_gain":0,"player_choice":"Ignored","damage_taken":0,"max_hp_gain":0,"max_hp_loss":0,"event_name":"Tomb of Lord Red Mask","floor":48,"gold_loss":0}],"is_beta":false,"boss_relics":[{"not_picked":["Fusion Hammer","Cursed Key"],"picked":"Pandora\u0027s Box"},{"not_picked":["Runic Dome","Calling Bell"],"picked":"VioletLotus"}],"items_purged_floors":[7,28,36,53],"is_endless":false,"potions_floor_spawned":[12,14,19,24,33,39,41,44,46],"ascension_level":18}}