{"host":"bxn2em57qlx5u4i0","time":1613778440,"event":{"mods":["BaseMod","Colored Map","Colored Powertips","Highlight Path","Minty Spire (QoL Compilation)","Random Character Button","Relic Sorter","Relic Stats","StSLib","SuperFastMode"],"gold_per_floor":[366,7,7,17,30,64,84,84,84,84,84],"floor_reached":10,"language":"ENG","playtime":259,"items_purged":[],"score":136,"play_id":"c75d1148-7d15-4450-986a-fbdc75772967","local_time":"20210219184720","is_ascension_mode":true,"campfire_choices":[{"data":"Apotheosis","floor":8,"key":"SMITH"}],"circlet_count":0,"master_deck":["AscendersBane","Strike_G","Strike_G","Strike_G","Strike_G","Strike_G","Defend_G","Defend_G","Defend_G","Defend_G","Survivor","Neutralize","Calculated Gamble","Apotheosis+1","Crippling Poison","Leg Sweep","Tools of the Trade","PiercingWail"],"relics":["Ring of the Snake","ClockworkSouvenir","Omamori","Ancient Tea Set"],"acts_visited":["Exordium"],"potions_floor_usage":[6,7],"damage_taken":[{"damage":1,"enemies":"Cultist","floor":1,"turns":4},{"damage":1,"enemies":"Jaw Worm","floor":4,"turns":5},{"damage":0,"enemies":"Small Slimes","floor":5,"turns":3},{"damage":32,"enemies":"3 Sentries","floor":6,"turns":13},{"damage":1,"enemies":"3 Louse","floor":7,"turns":4},{"damage":17,"enemies":"Gremlin Nob","floor":10,"turns":4}],"seed_played":"5652528365755711635","potions_obtained":[{"floor":4,"key":"DuplicationPotion"},{"floor":5,"key":"Explosive Potion"}],"is_trial":false,"path_per_floor":["M","$","?","M","M","E","M","R","T","E"],"character_chosen":"THE_SILENT","items_purchased":["Apotheosis","ClockworkSouvenir"],"campfire_rested":0,"item_purchase_floors":[2,2],"current_hp_per_floor":[43,43,43,42,42,10,9,9,9,0,0],"gold":84,"neow_bonus":"TWO_FIFTY_GOLD","is_daily":false,"chose_seed":false,"campfire_upgraded":1,"win_rate":0.0,"timestamp":1613778440,"path_taken":["M","$","?","M","?","E","M","R","T","E"],"items_purchased_type":["Card","Relic"],"build_version":"2020-12-22","purchased_purges":0,"victory":false,"max_hp_per_floor":[66,66,66,66,66,66,66,66,66,66,66],"relic_stats":{"counters":[6,33],"obtain_stats":[{"Omamori":6,"Ancient Tea Set":9,"Ring of the Snake":0,"ClockworkSouvenir":2},{"Omamori":4,"Ancient Tea Set":5,"Ring of the Snake":0,"ClockworkSouvenir":1},{"Omamori":25,"Ancient Tea Set":29,"Ring of the Snake":0,"ClockworkSouvenir":4}],"Ring of the Snake":[12]},"card_choices":[{"not_picked":["Dodge and Roll","Reflex"],"picked":"Calculated Gamble","floor":1},{"not_picked":["Sucker Punch","Finisher"],"picked":"Crippling Poison","floor":4},{"not_picked":["Dagger Throw","Choke"],"picked":"Leg Sweep","floor":5},{"not_picked":["Deadly Poison","Reflex"],"picked":"Tools of the Trade","floor":6},{"not_picked":["Slice","Acrobatics"],"picked":"PiercingWail","floor":7}],"player_experience":3046644,"relics_obtained":[{"floor":6,"key":"Omamori"},{"floor":9,"key":"Ancient Tea Set"}],"event_choices":[{"cards_removed":["Defend_G"],"damage_healed":0,"gold_gain":0,"player_choice":"Purged","damage_taken":0,"max_hp_gain":0,"max_hp_loss":0,"event_name":"Purifier","floor":3,"gold_loss":0}],"is_beta":false,"boss_relics":[],"items_purged_floors":[],"is_endless":false,"potions_floor_spawned":[4,5],"killed_by":"Gremlin Nob","ascension_level":20}}