{"host":"f5gffvlv6a66yqkd","time":1613713548,"event":{"mods":["2.2 Compatiblity","BaseMod","Colored Map","Custom Start","DeckTracker","Keyboard Shortcuts","Minty Spire (QoL Compilation)","Permanent Neow","Quick Restart","Relic Stats","StSLib","SuperFastMode"],"gold_per_floor":[110,120,120,139,151,151,63,63,87,162,196,196,206,222,222,295,295,307,146,146,146,158,158,174,174,197,227,227,238,319,334,334,408,408,428,428,444,145,145,145],"floor_reached":39,"language":"KOR","playtime":1062,"items_purged":["Strike_P","CutThroughFate"],"score":902,"play_id":"86337302-43c3-4e88-9b0e-e061d286ecd1","local_time":"20210219144548","is_ascension_mode":true,"campfire_choices":[{"data":"Pray","floor":6.0,"key":"SMITH"},{"data":"Adaptation","floor":12.0,"key":"SMITH"},{"data":"FlurryOfBlows","floor":15.0,"key":"SMITH"},{"floor":23.0,"key":"REST"},{"floor":25.0,"key":"REST"},{"floor":28.0,"key":"REST"},{"data":"Tantrum","floor":32.0,"key":"SMITH"}],"circlet_count":0,"master_deck":["AscendersBane","Eruption+1","Vigilance","EmptyFist+1","FlurryOfBlows+1","InnerPeace","Pray+1","Adaptation+1","Adaptation","DeusExMachina","Tantrum+1","WheelKick+1","Adaptation+1","LessonLearned+1","Pray+1","LikeWater+1","CutThroughFate+1","TalkToTheHand","TalkToTheHand"],"relics":["PureWater","Tiny Chest","Empty Cage","Nloth\u0027s Gift","Oddly Smooth Stone","Anchor","Ornamental Fan","Astrolabe","DollysMirror"],"acts_visited":["Exordium","TheCity","TheBeyond"],"potions_floor_usage":[],"damage_taken":[{"damage":0.0,"enemies":"2 Louse","floor":1.0,"turns":4.0},{"damage":7.0,"enemies":"Cultist","floor":2.0,"turns":3.0},{"damage":0.0,"enemies":"Small Slimes","floor":4.0,"turns":3.0},{"damage":2.0,"enemies":"2 Fungi Beasts","floor":5.0,"turns":4.0},{"damage":19.0,"enemies":"3 Sentries","floor":11.0,"turns":6.0},{"damage":5.0,"enemies":"Exordium Wildlife","floor":13.0,"turns":5.0},{"damage":0.0,"enemies":"Exordium Thugs","floor":14.0,"turns":3.0},{"damage":0.0,"enemies":"Hexaghost","floor":16.0,"turns":7.0},{"damage":39.0,"enemies":"2 Thieves","floor":18.0,"turns":5.0},{"damage":4.0,"enemies":"Chosen","floor":22.0,"turns":2.0},{"damage":29.0,"enemies":"Centurion and Healer","floor":24.0,"turns":4.0},{"damage":0.0,"enemies":"Gremlin Leader","floor":27.0,"turns":5.0},{"damage":0.0,"enemies":"Cultist and Chosen","floor":29.0,"turns":3.0},{"damage":11.0,"enemies":"Snake Plant","floor":31.0,"turns":3.0},{"damage":5.0,"enemies":"Champ","floor":33.0,"turns":4.0},{"damage":12.0,"enemies":"3 Shapes","floor":35.0,"turns":3.0},{"damage":17,"enemies":"Orb Walker","floor":37,"turns":3},{"damage":39,"enemies":"Jaw Worm Horde","floor":39,"turns":2}],"seed_played":"-4820051271466347684","potions_obtained":[{"floor":4.0,"key":"Ancient Potion"},{"floor":5.0,"key":"BottledMiracle"},{"floor":11.0,"key":"Block Potion"},{"floor":14.0,"key":"BlessingOfTheForge"},{"floor":22.0,"key":"PowerPotion"},{"floor":24.0,"key":"Explosive Potion"},{"floor":27.0,"key":"BlessingOfTheForge"},{"floor":31.0,"key":"Strength Potion"}],"is_trial":false,"path_per_floor":["M","M","?","M","M","R","$","?","T","?","E","R","M","M","R","B",null,"M","$","?","?","M","R","M","R","T","E","R","M","T","M","R","B",null,"M","?","M","$","M"],"character_chosen":"WATCHER","items_purchased":["Adaptation","LiquidBronze","TalkToTheHand","DollysMirror"],"campfire_rested":3,"item_purchase_floors":[7,19,38,38],"current_hp_per_floor":[61,54,54,54,52,52,52,52,52,41,22,22,17,17,17,17,55,16,16,16,16,12,32,3,23,23,23,43,43,43,32,32,27,58,46,46,29,29,0,0],"gold":145,"neow_bonus":"UPGRADE_CARD","is_daily":false,"chose_seed":false,"campfire_upgraded":4,"win_rate":0.0,"timestamp":1613713548,"path_taken":["M","M","?","M","M","R","?","?","T","?","E","R","M","M","R","BOSS","M","$","?","?","?","R","M","R","T","E","R","M","?","M","R","BOSS","M","?","?","$","M"],"items_purchased_type":["Card","Potion","Card","Relic"],"build_version":"2020-12-22","purchased_purges":2,"victory":false,"max_hp_per_floor":[68,68,68,68,68,68,68,68,68,68,68,68,68,68,68,68,68,68,68,68,68,68,68,68,68,68,68,68,68,68,68,68,68,68,68,68,68,68,68,68],"relic_stats":{"counters":[18,69],"Ornamental Fan":[48],"Astrolabe":["Pray","LikeWater","CutThroughFate"],"Tiny Chest":1,"Nloth\u0027s Gift":1,"obtain_stats":[{"Anchor":27,"Ornamental Fan":30,"DollysMirror":38,"Astrolabe":34,"Oddly Smooth Stone":26,"Tiny Chest":11,"Nloth\u0027s Gift":21,"Whetstone":9,"PureWater":0,"Empty Cage":17},{"Anchor":12,"Ornamental Fan":13,"DollysMirror":17,"Astrolabe":15,"Oddly Smooth Stone":11,"Tiny Chest":5,"Nloth\u0027s Gift":9,"Whetstone":4,"PureWater":0,"Empty Cage":8},{"Anchor":51,"Ornamental Fan":54,"DollysMirror":67,"Astrolabe":61,"Oddly Smooth Stone":46,"Tiny Chest":20,"Nloth\u0027s Gift":40,"Whetstone":14,"PureWater":0,"Empty Cage":35}]},"card_choices":[{"not_picked":["Halt","Nirvana"],"picked":"EmptyFist","floor":1.0},{"not_picked":["SashWhip","FollowUp"],"picked":"FlurryOfBlows","floor":2.0},{"not_picked":["Prostrate","TalkToTheHand"],"picked":"InnerPeace","floor":4.0},{"not_picked":["FlyingSleeves","EmptyFist"],"picked":"Pray","floor":5.0},{"not_picked":["Collect","ClearTheMind","Wireheading"],"picked":"SKIP","floor":11.0},{"not_picked":["FollowUp","FlurryOfBlows"],"picked":"Adaptation","floor":13.0},{"not_picked":["ClearTheMind","Protect"],"picked":"CutThroughFate","floor":14.0},{"not_picked":["Devotion","DevaForm"],"picked":"DeusExMachina","floor":16.0},{"not_picked":["Worship","FlyingSleeves","CrushJoints"],"picked":"SKIP","floor":18.0},{"not_picked":["InnerPeace","ThirdEye"],"picked":"WheelKick","floor":22.0},{"not_picked":["Perseverance","FlyingSleeves","Tantrum"],"picked":"SKIP","floor":24.0},{"not_picked":["SpiritShield","Vengeance"],"picked":"Adaptation+1","floor":27.0},{"not_picked":["LikeWater","Crescendo","Sanctity"],"picked":"SKIP","floor":29.0},{"not_picked":["Crescendo","FlurryOfBlows","DeceiveReality"],"picked":"SKIP","floor":31.0},{"not_picked":["Ragnarok","Alpha"],"picked":"LessonLearned","floor":33.0},{"not_picked":["JustLucky+1","SashWhip","SandsOfTime"],"picked":"SKIP","floor":35.0},{"not_picked":["CarveReality","FlurryOfBlows","SignatureMove"],"picked":"SKIP","floor":37}],"player_experience":1499852,"relics_obtained":[{"floor":9.0,"key":"Whetstone"},{"floor":11.0,"key":"Tiny Chest"},{"floor":26.0,"key":"Oddly Smooth Stone"},{"floor":27.0,"key":"Anchor"},{"floor":30.0,"key":"Ornamental Fan"}],"event_choices":[{"cards_removed":["Strike_P"],"damage_healed":0.0,"max_hp_gain":0.0,"max_hp_loss":0.0,"gold_gain":0.0,"event_name":"Purifier","player_choice":"Purged","floor":3.0,"gold_loss":0.0,"damage_taken":0.0},{"damage_healed":0.0,"max_hp_gain":0.0,"max_hp_loss":0.0,"gold_gain":0.0,"event_name":"Scrap Ooze","player_choice":"Fled","floor":8.0,"gold_loss":0.0,"damage_taken":0.0},{"damage_healed":0.0,"max_hp_gain":0.0,"max_hp_loss":0.0,"gold_gain":75.0,"event_name":"World of Goop","player_choice":"Gather Gold","floor":10.0,"gold_loss":0.0,"damage_taken":11.0},{"damage_healed":0.0,"max_hp_gain":0.0,"max_hp_loss":0.0,"gold_gain":0.0,"event_name":"The Library","player_choice":"Read","floor":20.0,"gold_loss":0.0,"damage_taken":0.0,"cards_obtained":["Tantrum"]},{"damage_healed":0.0,"max_hp_gain":0.0,"max_hp_loss":0.0,"gold_gain":0.0,"event_name":"N\u0027loth","player_choice":"Traded Relic","floor":21.0,"relics_lost":["Whetstone"],"gold_loss":0.0,"damage_taken":0.0,"relics_obtained":["Nloth\u0027s Gift"]},{"cards_removed":["Defend_P"],"damage_healed":0.0,"max_hp_gain":0.0,"max_hp_loss":0.0,"gold_gain":0.0,"event_name":"Purifier","player_choice":"Purged","floor":36.0,"gold_loss":0.0,"damage_taken":0.0}],"is_beta":false,"boss_relics":[{"not_picked":["SacredBark","HolyWater"],"picked":"Empty Cage"},{"not_picked":["Runic Dome","Cursed Key"],"picked":"Astrolabe"}],"items_purged_floors":[19,38],"is_endless":false,"potions_floor_spawned":[4,5,11,14,22,24,27,31],"killed_by":"Jaw Worm Horde","ascension_level":16}}