{"host":"kh6fvhxn285ncg0o","time":1613703105,"event":{"mods":["Act Like it!","BaseMod","Colored Map","Friendly Minions","Keyboard Shortcuts","Minty Spire (QoL Compilation)","Quick Restart","Relic Stats","StSLib","SuperFastMode","UnlockEverythingMod"],"gold_per_floor":[15,15,29,42,192,192,225,225,306,326,360,360,375,410,410,500,500,525,525,548,239,279,320,41,81,104,137,262,280,280,205,205,301,301,316,216,229,229,229,270,18,52,100,123,123,167,500,516,516,516,516,516,516,4,38,38],"floor_reached":57,"language":"KOR","playtime":1854,"items_purged":["Defend_R","Defend_R","Defend_R","Iron Wave+1"],"score":3753,"play_id":"50f6912c-7294-4e9e-866f-decbe49d93d0","local_time":"20210219115145","is_ascension_mode":true,"campfire_choices":[{"data":"Armaments","floor":6.0,"key":"SMITH"},{"data":"Juggernaut","floor":8.0,"key":"SMITH"},{"data":"Fire Breathing","floor":15.0,"key":"SMITH"},{"data":"Dark Embrace","floor":30.0,"key":"SMITH"},{"data":"Barricade","floor":32.0,"key":"SMITH"},{"data":"Offering","floor":45,"key":"SMITH"},{"floor":49,"key":"RECALL"},{"data":"Feel No Pain","floor":53,"key":"SMITH"}],"circlet_count":0,"master_deck":["AscendersBane","Sentinel+1","Fire Breathing+1","Doubt","Juggernaut+1","Power Through","Shrug It Off","Barricade+1","Second Wind+1","Armaments+1","Burning Pact","Feel No Pain+1","Dark Embrace+1","Seeing Red+1","Evolve","Body Slam","Offering+1"],"relics":["Burning Blood","PreservedInsect","The Courier","Toy Ornithopter","Astrolabe","HornCleat","Red Mask","Sundial","Happy Flower","Strawberry","Pocketwatch","Mercury Hourglass","Mark of Pain","Bronze Scales","Oddly Smooth Stone","Art of War","Omamori","Akabeko","Molten Egg 2","Lantern","ClockworkSouvenir","Bag of Preparation","War Paint"],"acts_visited":["Exordium","TheCity","TheBeyond","TheEnding"],"potions_floor_usage":[40,42,55,56],"damage_taken":[{"damage":7.0,"enemies":"Small Slimes","floor":1.0,"turns":4.0},{"damage":11.0,"enemies":"Jaw Worm","floor":3.0,"turns":8.0},{"damage":1.0,"enemies":"2 Louse","floor":4.0,"turns":7.0},{"damage":20.0,"enemies":"3 Sentries","floor":7.0,"turns":5.0},{"damage":14.0,"enemies":"2 Fungi Beasts","floor":10.0,"turns":4.0},{"damage":5.0,"enemies":"Lagavulin","floor":11.0,"turns":7.0},{"damage":8.0,"enemies":"3 Louse","floor":13.0,"turns":3.0},{"damage":0.0,"enemies":"3 Sentries","floor":14.0,"turns":4.0},{"damage":8.0,"enemies":"The Guardian","floor":16.0,"turns":11.0},{"damage":1.0,"enemies":"3 Byrds","floor":18.0,"turns":3.0},{"damage":16.0,"enemies":"Shell Parasite","floor":20.0,"turns":6.0},{"damage":9.0,"enemies":"Masked Bandits","floor":22.0,"turns":7.0},{"damage":0.0,"enemies":"Book of Stabbing","floor":23.0,"turns":5.0},{"damage":0.0,"enemies":"Slavers","floor":25.0,"turns":3.0},{"damage":3.0,"enemies":"Book of Stabbing","floor":27.0,"turns":6.0},{"damage":7.0,"enemies":"Colosseum Slavers","floor":28.0,"turns":3.0},{"damage":21.0,"enemies":"Colosseum Nobs","floor":28.0,"turns":4.0},{"damage":0.0,"enemies":"Snecko","floor":29.0,"turns":5.0},{"damage":0.0,"enemies":"Collector","floor":33.0,"turns":5.0},{"damage":19.0,"enemies":"Orb Walker","floor":35.0,"turns":4.0},{"damage":6.0,"enemies":"3 Shapes","floor":37.0,"turns":2.0},{"damage":6,"enemies":"Reptomancer","floor":40,"turns":2},{"damage":6,"enemies":"Nemesis","floor":42,"turns":3},{"damage":6,"enemies":"Spire Growth","floor":44,"turns":2},{"damage":6,"enemies":"Reptomancer","floor":46,"turns":2},{"damage":6,"enemies":"3 Darklings","floor":48,"turns":3},{"damage":6,"enemies":"Awakened One","floor":50,"turns":3},{"damage":6,"enemies":"Time Eater","floor":51,"turns":3},{"damage":6,"enemies":"Shield and Spear","floor":55,"turns":1},{"damage":6,"enemies":"The Heart","floor":56,"turns":6}],"seed_played":"3605852196395622089","potions_obtained":[{"floor":3.0,"key":"ElixirPotion"},{"floor":7.0,"key":"SkillPotion"},{"floor":10.0,"key":"LiquidBronze"},{"floor":11.0,"key":"Energy Potion"},{"floor":20.0,"key":"SkillPotion"},{"floor":25.0,"key":"Strength Potion"},{"floor":27.0,"key":"Energy Potion"},{"floor":28.0,"key":"BlessingOfTheForge"},{"floor":35.0,"key":"Block Potion"},{"floor":44,"key":"GamblersBrew"},{"floor":46,"key":"LiquidBronze"}],"is_trial":false,"path_per_floor":["M","?","M","M","?","R","E","R","T","M","E","?","M","E","R","B",null,"M","?","M","$","?","E","$","E","T","E","?","M","R","?","R","B",null,"M","$","M","?","?","E","$","E","T","M","R","E","?","M","R","B","B",null,"R","$","E","B",null],"character_chosen":"IRONCLAD","items_purchased":["HornCleat","Burning Pact","Happy Flower","Seeing Red","Oddly Smooth Stone","Art of War","Lantern","ClockworkSouvenir","Bag of Preparation"],"campfire_rested":0,"item_purchase_floors":[21,21,24,24,41,41,54,54,54],"current_hp_per_floor":[67,67,62,67,67,67,53,53,53,45,46,39,37,43,43,46,63,68,68,58,58,60,66,66,75,75,75,60,66,66,66,66,72,74,66,66,66,66,66,71,71,71,71,71,71,71,71,71,71,71,71,71,71,71,71,71],"gold":38,"neow_bonus":"TRANSFORM_TWO_CARDS","is_daily":false,"chose_seed":false,"campfire_upgraded":7,"win_rate":0.0,"timestamp":1613703105,"path_taken":["M","?","M","M","?","R","E","R","T","M","E","?","?","E","R","BOSS","M","?","M","$","?","E","$","E","T","E","?","M","R","?","R","BOSS","M","$","M","?","?","E","$","E","T","M","R","E","?","M","R","BOSS","BOSS","R","$","E","BOSS"],"items_purchased_type":["Relic","Card","Relic","Card","Relic","Relic","Relic","Relic","Relic"],"build_version":"2020-12-22","purchased_purges":4,"victory":true,"max_hp_per_floor":[75,68,68,68,68,68,68,68,68,68,68,68,68,68,68,68,68,68,68,68,68,68,68,68,75,75,75,75,75,75,75,75,75,75,75,75,75,71,71,71,71,71,71,71,71,71,71,71,71,71,71,71,71,71,71,71],"relic_stats":{"Happy Flower":[19],"counters":[30,131],"Astrolabe":["Second Wind","Iron Wave","Armaments"],"PreservedInsect":476,"Bag of Preparation":[4],"War Paint":["Seeing Red","Sentinel"],"Burning Blood":159,"Mercury Hourglass":[196],"Sundial":[70],"Bronze Scales":[90],"Art of War":[12],"obtain_stats":[{"Lantern":54,"Happy Flower":24,"Golden Idol":2,"Astrolabe":17,"Oddly Smooth Stone":41,"PreservedInsect":7,"The Courier":9,"Omamori":42,"Bag of Preparation":54,"War Paint":55,"Burning Blood":0,"Akabeko":43,"Mercury Hourglass":28,"ClockworkSouvenir":54,"HornCleat":21,"Sundial":23,"Strawberry":25,"Bronze Scales":40,"Molten Egg 2":46,"Mark of Pain":34,"Red Mask":22,"Art of War":41,"Toy Ornithopter":14,"Pocketwatch":28},{"Lantern":28,"Happy Flower":13,"Golden Idol":1,"Astrolabe":9,"Oddly Smooth Stone":22,"PreservedInsect":4,"The Courier":4,"Omamori":23,"Bag of Preparation":28,"War Paint":29,"Burning Blood":0,"Akabeko":23,"Mercury Hourglass":17,"ClockworkSouvenir":28,"HornCleat":11,"Sundial":13,"Strawberry":14,"Bronze Scales":22,"Molten Egg 2":25,"Mark of Pain":19,"Red Mask":12,"Art of War":22,"Toy Ornithopter":8,"Pocketwatch":17},{"Lantern":124,"Happy Flower":74,"Golden Idol":4,"Astrolabe":53,"Oddly Smooth Stone":108,"PreservedInsect":24,"The Courier":24,"Omamori":111,"Bag of Preparation":124,"War Paint":125,"Burning Blood":0,"Akabeko":111,"Mercury Hourglass":90,"ClockworkSouvenir":124,"HornCleat":62,"Sundial":74,"Strawberry":77,"Bronze Scales":108,"Molten Egg 2":115,"Mark of Pain":100,"Red Mask":69,"Art of War":108,"Toy Ornithopter":42,"Pocketwatch":90}],"Toy Ornithopter":35,"Pocketwatch":[39]},"card_choices":[{"not_picked":["Combust","Flex"],"picked":"Inflame","floor":3.0},{"not_picked":["Clash","Seeing Red"],"picked":"Fire Breathing","floor":4.0},{"not_picked":["Metallicize","Combust"],"picked":"Juggernaut","floor":7.0},{"not_picked":["Headbutt","Inflame"],"picked":"Power Through","floor":11.0},{"not_picked":["Iron Wave","Reckless Charge"],"picked":"Shrug It Off","floor":13.0},{"not_picked":["Bloodletting","Uppercut","Havoc"],"picked":"SKIP","floor":14.0},{"not_picked":["Double Tap","Impervious"],"picked":"Barricade","floor":16.0},{"not_picked":["Shrug It Off","Heavy Blade","Flex"],"picked":"SKIP","floor":20.0},{"not_picked":["Reaper","Disarm"],"picked":"Feel No Pain","floor":22.0},{"not_picked":["Seeing Red+1","Flex"],"picked":"Dark Embrace","floor":23.0},{"not_picked":["Havoc","Clothesline","Perfected Strike"],"picked":"SKIP","floor":25.0},{"not_picked":["Headbutt","Sword Boomerang"],"picked":"Evolve","floor":27.0},{"not_picked":["Clothesline","Feed"],"picked":"Body Slam","floor":29.0},{"not_picked":["Immolate","Fiend Fire"],"picked":"Offering","floor":33.0},{"not_picked":["Clothesline","Havoc","Pummel"],"picked":"SKIP","floor":37.0},{"not_picked":["Bloodletting","Thunderclap","Heavy Blade"],"picked":"SKIP","floor":40},{"not_picked":["Bloodletting","Thunderclap","Heavy Blade"],"picked":"SKIP","floor":40},{"not_picked":["Fire Breathing+1","Whirlwind","Infernal Blade"],"picked":"SKIP","floor":42},{"not_picked":["Dark Embrace","Clash","Whirlwind"],"picked":"SKIP","floor":44},{"not_picked":["Armaments","Headbutt+1","Flame Barrier"],"picked":"SKIP","floor":46},{"not_picked":["Clothesline+1","Iron Wave+1","Immolate+1"],"picked":"SKIP","floor":48},{"not_picked":["Pommel Strike+1","Anger+1","Demon Form"],"picked":"SKIP","floor":55},{"not_picked":["Pommel Strike+1","Anger+1","Demon Form"],"picked":"SKIP","floor":55}],"player_experience":1458652,"relics_obtained":[{"floor":7.0,"key":"PreservedInsect"},{"floor":9.0,"key":"The Courier"},{"floor":14.0,"key":"Toy Ornithopter"},{"floor":22.0,"key":"Red Mask"},{"floor":23.0,"key":"Sundial"},{"floor":25.0,"key":"Strawberry"},{"floor":28.0,"key":"Pocketwatch"},{"floor":28.0,"key":"Mercury Hourglass"},{"floor":40,"key":"Bronze Scales"},{"floor":42,"key":"Omamori"},{"floor":43,"key":"Akabeko"},{"floor":46,"key":"Molten Egg 2"},{"floor":55,"key":"War Paint"}],"event_choices":[{"damage_healed":0.0,"max_hp_gain":0.0,"max_hp_loss":7.0,"gold_gain":0.0,"event_name":"Golden Idol","player_choice":"Lose Max HP","floor":2.0,"gold_loss":0.0,"damage_taken":0.0,"relics_obtained":["Golden Idol"]},{"damage_healed":0.0,"max_hp_gain":0.0,"max_hp_loss":0.0,"gold_gain":150.0,"event_name":"Liars Game","player_choice":"AGREE","floor":5.0,"gold_loss":0.0,"damage_taken":0.0,"cards_obtained":["Doubt"]},{"cards_removed":["Strike_R"],"damage_healed":0.0,"max_hp_gain":0.0,"max_hp_loss":0.0,"gold_gain":0.0,"event_name":"Golden Wing","player_choice":"Card Removal","floor":12.0,"gold_loss":0.0,"damage_taken":7.0},{"cards_removed":["Armaments"],"damage_healed":0.0,"max_hp_gain":0.0,"max_hp_loss":0.0,"gold_gain":0.0,"event_name":"Back to Basics","player_choice":"Elegance","floor":19.0,"gold_loss":0.0,"damage_taken":0.0},{"damage_healed":0.0,"max_hp_gain":0.0,"max_hp_loss":0.0,"gold_gain":0.0,"event_name":"Masked Bandits","player_choice":"Fought Bandits","floor":22.0,"gold_loss":0.0,"damage_taken":0.0},{"damage_healed":0.0,"max_hp_gain":0.0,"max_hp_loss":0.0,"gold_gain":0.0,"event_name":"Colosseum","player_choice":"Fight","floor":28.0,"gold_loss":0.0,"damage_taken":0.0},{"damage_healed":0.0,"max_hp_gain":0.0,"max_hp_loss":0.0,"gold_gain":0.0,"event_name":"Colosseum","player_choice":"Fought Nobs","floor":28.0,"gold_loss":0.0,"damage_taken":0.0},{"cards_removed":["Defend_R"],"damage_healed":0.0,"max_hp_gain":0.0,"max_hp_loss":0.0,"gold_gain":0.0,"event_name":"Beggar","player_choice":"Gave Gold","floor":31.0,"gold_loss":75.0,"damage_taken":0.0},{"damage_healed":0.0,"max_hp_gain":0.0,"max_hp_loss":4.0,"gold_gain":0.0,"event_name":"Winding Halls","player_choice":"Max HP","floor":38.0,"gold_loss":0.0,"damage_taken":0.0},{"cards_removed":["Inflame"],"damage_healed":0.0,"max_hp_gain":0.0,"max_hp_loss":0.0,"gold_gain":0.0,"event_name":"Falling","player_choice":"Removed Power","floor":39.0,"gold_loss":0.0,"damage_taken":0.0},{"damage_healed":0,"gold_gain":333,"player_choice":"Gave Idol","damage_taken":0,"max_hp_gain":0,"max_hp_loss":0,"event_name":"The Moai Head","floor":47,"relics_lost":["Golden Idol"],"gold_loss":0}],"is_beta":false,"boss_relics":[{"not_picked":["SlaversCollar","Busted Crown"],"picked":"Astrolabe"},{"not_picked":["Runic Pyramid","Pandora\u0027s Box"],"picked":"Mark of Pain"}],"items_purged_floors":[21,24,36,54],"is_endless":false,"potions_floor_spawned":[3,7,10,11,20,25,27,28,28,29,35,37,44,46],"ascension_level":20}}