{"host":"sncdgiue1dtzeg79","time":1613778509,"event":{"mods":["Aspiration","BaseMod","Beaked The Cultist","ChefMod","Colored Powertips","Hubris","Jorbs\u0027s Wanderer Trilogy","Minty Spire (QoL Compilation)","Reliquary","StSLib","Swap Starting Deck Mod","The Bladedancer","The Cursed","The Forsaken","The Hierophant","The Marked","The Necromancer","The Runesmith","The Wild Card","Weighted Paths"],"gold_per_floor":[119,119,130,130,55,55,82,82,82,82,82,99,99,119,119,221,221,240,240,240,255,271,271,271,297,297,47,47,57,7,20,20,115,115,133,133,149,109,384,384,139,139,188,205,229,242,242,262,262,262,262,262,9,39,39,39],"floor_reached":55,"language":"ENG","playtime":2755,"items_purged":["theForsaken:TheForsaken_Strike","Regret"],"score":708,"play_id":"8abdf78c-8b3b-4cfa-b3f9-eabf200418b5","local_time":"20210220004829","is_ascension_mode":false,"campfire_choices":[{"data":"theForsaken:MagicWeapon","floor":6,"key":"SMITH"},{"data":"theForsaken:Smite","floor":8,"key":"SMITH"},{"data":"theForsaken:Penitence","floor":15,"key":"SMITH"},{"data":"theForsaken:SpreadingPlague","floor":23,"key":"SMITH"},{"data":"theForsaken:BattleHymn","floor":28,"key":"SMITH"},{"floor":32,"key":"RECALL"},{"data":"theForsaken:FountainOfLife","floor":40,"key":"SMITH"},{"data":"theForsaken:WordsOfMight","floor":42,"key":"SMITH"},{"data":"theForsaken:ShieldCharge","floor":49,"key":"SMITH"},{"data":"theForsaken:AncientWords","floor":52,"key":"SMITH"}],"circlet_count":0,"master_deck":["theForsaken:TheForsaken_Strike+1","theForsaken:TheForsaken_Strike+1","theForsaken:TheForsaken_Defend+1","theForsaken:TheForsaken_Defend+1","theForsaken:TheForsaken_Defend+1","theForsaken:TheForsaken_Defend+1","theForsaken:Smite+1","theForsaken:Penitence+1","theForsaken:FatRoll","theForsaken:MagicWeapon+1","theForsaken:QuickAttack","theForsaken:ShieldCharge+1","theForsaken:SpreadingPlague+1","theForsaken:BattleHymn+1","theForsaken:StoreUp+1","theForsaken:AncientWords+1","theForsaken:FountainOfLife+1","theForsaken:WordsOfMight+1","Bandage Up"],"relics":["theForsaken:JudgementScales","aspiration:Nostalgia","TheCursedMod:BlackMagic101","hubris:Icosahedron","Bottled Tornado","aspiration:ArtOfWarUpgrade","hubris:Backtick","beaked:MendingPlumage","hubris:Towel","Ice Cream","aspiration:SeaSaltIceCream","Omamori","Calling Bell","Pen Nib","Runesmith:Nanobots","Bird Faced Urn","reliquary:Bookmark","Ancient Tea Set","hubris:ToyBattleship","reliquary:Stiletto","Calipers"],"acts_visited":["Exordium","TheCity","TheBeyond","TheEnding"],"potions_floor_usage":[7,16,18,29,33,33,33,50,50,54,55],"damage_taken":[{"damage":1,"enemies":"Jaw Worm","floor":1,"turns":7},{"damage":6,"enemies":"2 Louse","floor":3,"turns":5},{"damage":1,"enemies":"Lagavulin","floor":7,"turns":10},{"damage":3,"enemies":"Small Slimes","floor":12,"turns":5},{"damage":2,"enemies":"Blue Slaver","floor":14,"turns":3},{"damage":60,"enemies":"Hexaghost","floor":16,"turns":12},{"damage":12,"enemies":"2 Thieves","floor":18,"turns":3},{"damage":10,"enemies":"Shell Parasite","floor":21,"turns":3},{"damage":3,"enemies":"Snecko","floor":22,"turns":5},{"damage":48,"enemies":"Slavers","floor":25,"turns":7},{"damage":0,"enemies":"Centurion and Healer","floor":29,"turns":4},{"damage":10,"enemies":"Snake Plant","floor":31,"turns":4},{"damage":53,"enemies":"hubris:MusketHawk","floor":33,"turns":9},{"damage":18,"enemies":"3 Shapes","floor":35,"turns":6},{"damage":17,"enemies":"3 Darklings","floor":37,"turns":8},{"damage":21,"enemies":"4 Shapes","floor":44,"turns":6},{"damage":22,"enemies":"Spire Growth","floor":46,"turns":6},{"damage":23,"enemies":"3 Darklings","floor":48,"turns":5},{"damage":73,"enemies":"Donu and Deca","floor":50,"turns":10},{"damage":117,"enemies":"Shield and Spear","floor":54,"turns":8},{"damage":120,"enemies":"The Heart","floor":55,"turns":6}],"seed_played":"6690572524525544114","potions_obtained":[{"floor":3,"key":"theForsaken:FearPotion"},{"floor":7,"key":"EssenceOfSteel"},{"floor":16,"key":"Fire Potion"},{"floor":18,"key":"Swift Potion"},{"floor":31,"key":"Explosive Potion"},{"floor":33,"key":"ColorlessPotion"},{"floor":35,"key":"Strength Potion"},{"floor":44,"key":"FearPotion"}],"is_trial":false,"path_per_floor":["M","?","M","?","$","R","E","R","T","?","R","M","R","M","R","B",null,"M","?","?","M","M","R","?","E","T","$","R","M","$","M","R","B",null,"M","?","M","$","?","R","$","R","T","M","T","M","?","M","R","B",null,"R","$","E","B"],"character_chosen":"THE_FORSAKEN","items_purchased":["aspiration:SeaSaltIceCream","ColorlessPotion","theForsaken:WordsOfMight","reliquary:Bookmark","reliquary:Stiletto","Energy Potion","Explosive Potion"],"campfire_rested":0,"item_purchase_floors":[27,30,38,41,53,53,53],"current_hp_per_floor":[64,57,53,53,53,53,58,58,58,63,63,65,65,63,63,9,70,64,64,64,60,65,65,65,37,37,37,37,51,51,49,49,21,70,72,68,70,70,70,70,70,70,70,58,58,63,63,79,79,56,82,82,82,41,0,0],"gold":39,"neow_bonus":"NOSTALGIA","is_daily":false,"chose_seed":false,"campfire_upgraded":9,"win_rate":0.0,"timestamp":1613778509,"path_taken":["M","?","M","?","$","R","E","R","T","?","R","M","R","M","R","BOSS","M","?","?","M","?","R","?","E","T","?","R","M","$","?","R","BOSS","M","?","M","$","?","R","$","R","T","?","?","?","?","M","R","BOSS","R","$","E","BOSS"],"items_purchased_type":["Relic","Potion","Card","Relic","Relic","Potion","Potion"],"build_version":"2020-12-22","purchased_purges":2,"victory":false,"max_hp_per_floor":[65,65,65,65,65,65,65,65,65,70,70,70,70,70,70,70,70,70,70,70,70,70,70,70,70,70,70,70,70,70,70,70,70,70,72,68,70,70,70,70,70,70,70,73,73,76,76,79,79,82,82,82,82,85,85,85],"card_choices":[{"not_picked":["theForsaken:HorrifyingStrike","theForsaken:Eulogy"],"picked":"theForsaken:FatRoll","floor":1},{"not_picked":["theForsaken:Thunderbolt","theForsaken:ScorchingSunlight"],"picked":"theForsaken:MagicWeapon","floor":3},{"not_picked":["theForsaken:NobleSacrifice","theForsaken:PanicDive"],"picked":"theForsaken:QuickAttack","floor":7},{"not_picked":["theForsaken:QuickAttack","theForsaken:Tranquility","theForsaken:Eulogy"],"picked":"SKIP","floor":12},{"not_picked":["theForsaken:HorrifyingStrike","theForsaken:Preservation"],"picked":"theForsaken:ShieldCharge","floor":14},{"not_picked":["theForsaken:DarkRift","theForsaken:DivineGuidance"],"picked":"theForsaken:SpreadingPlague","floor":16},{"not_picked":["theForsaken:WrathOfGod","theForsaken:RainingSunlight","theForsaken:Backlash"],"picked":"SKIP","floor":18},{"not_picked":["theForsaken:Preservation","theForsaken:BlindFaith"],"picked":"theForsaken:StoreUp+1","floor":21},{"not_picked":["theForsaken:PowerUp","theForsaken:FatRoll","theForsaken:BlightOfFamine"],"picked":"SKIP","floor":22},{"not_picked":["theForsaken:QuickAttack+1","theForsaken:PanicDive"],"picked":"theForsaken:AncientWords","floor":25},{"not_picked":["theForsaken:WordOfPower+1","theForsaken:Terrorize","theForsaken:FatRoll"],"picked":"SKIP","floor":29},{"not_picked":["theForsaken:SiphonStrike","theForsaken:ScorchingSunlight","theForsaken:QuickAttack"],"picked":"SKIP","floor":31},{"not_picked":["theForsaken:CorruptDeck","theForsaken:Mantra"],"picked":"theForsaken:FountainOfLife","floor":33},{"not_picked":["theForsaken:FatRoll","theForsaken:PowerUp+1","theForsaken:BlessedWeapon"],"picked":"SKIP","floor":35},{"not_picked":["theForsaken:BountifulSunlight","theForsaken:CreepingInfection+1","theForsaken:Thunderbolt+1"],"picked":"SKIP","floor":37},{"not_picked":["theForsaken:HorrifyingStrike+1","theForsaken:Enfeeble+1","theForsaken:CreepingInfection+1"],"picked":"SKIP","floor":44},{"not_picked":["theForsaken:SolarFlare+1","theForsaken:Thunderbolt+1","theForsaken:Parry"],"picked":"SKIP","floor":46},{"not_picked":["Impatience","PanicButton"],"picked":"Bandage Up","floor":47},{"not_picked":["theForsaken:Preservation","theForsaken:PowerUp+1","theForsaken:Backlash"],"picked":"SKIP","floor":48},{"not_picked":["theForsaken:SolarFlare+1","theForsaken:Backlash+1","theForsaken:FatRoll+1"],"picked":"SKIP","floor":54}],"player_experience":545431,"relics_obtained":[{"floor":7,"key":"Bottled Tornado"},{"floor":9,"key":"Art of War"},{"floor":25,"key":"Ice Cream"},{"floor":34,"key":"Pen Nib"},{"floor":34,"key":"Runesmith:Nanobots"},{"floor":34,"key":"Bird Faced Urn"},{"floor":43,"key":"Ancient Tea Set"},{"floor":45,"key":"hubris:ToyBattleship"},{"floor":54,"key":"Calipers"}],"event_choices":[{"cards_removed":["theForsaken:TheForsaken_Strike"],"damage_healed":0,"gold_gain":0,"player_choice":"Card Removal","damage_taken":7,"max_hp_gain":0,"max_hp_loss":0,"event_name":"Golden Wing","floor":2,"gold_loss":0},{"damage_healed":0,"gold_gain":0,"player_choice":"Donut","damage_taken":0,"max_hp_gain":5,"max_hp_loss":0,"event_name":"Big Fish","floor":10,"gold_loss":0},{"damage_healed":0,"gold_gain":0,"player_choice":"1 cards matched","damage_taken":0,"max_hp_gain":0,"max_hp_loss":0,"event_name":"Match and Keep!","floor":20,"gold_loss":0,"cards_obtained":["theForsaken:BattleHymn"]},{"damage_healed":0,"gold_gain":0,"player_choice":"Simplicity","damage_taken":0,"max_hp_gain":0,"max_hp_loss":0,"event_name":"Back to Basics","floor":24,"gold_loss":0,"cards_upgraded":["theForsaken:TheForsaken_Strike","theForsaken:TheForsaken_Strike","theForsaken:TheForsaken_Defend","theForsaken:TheForsaken_Defend","theForsaken:TheForsaken_Defend","theForsaken:TheForsaken_Defend"]},{"damage_healed":0,"gold_gain":0,"player_choice":"Max HP","damage_taken":0,"max_hp_gain":0,"max_hp_loss":4,"event_name":"Winding Halls","floor":36,"gold_loss":0},{"damage_healed":0,"gold_gain":275,"player_choice":"Desecrate","damage_taken":0,"max_hp_gain":0,"max_hp_loss":0,"event_name":"Golden Shrine","floor":39,"gold_loss":0,"cards_obtained":["Regret"]},{"damage_healed":0,"gold_gain":0,"player_choice":"Memory 1","damage_taken":0,"max_hp_gain":0,"max_hp_loss":0,"event_name":"SensoryStone","floor":47,"gold_loss":0}],"is_beta":false,"boss_relics":[{"not_picked":["Fusion Hammer","aspiration:DefectSkillbook"],"picked":"hubris:Backtick"},{"not_picked":["beaked:SacredDeck","aspiration:WatcherSkillbook"],"picked":"Calling Bell"}],"items_purged_floors":[5,41],"is_endless":false,"potions_floor_spawned":[3,7,16,18,31,33,35,44,46],"killed_by":"The Heart","ascension_level":0}}