{"host":"za9ilm1uiwmpmin1","time":1613722574,"event":{"mods":["AchievementEnabler","Act Like it!","BaseMod","Dota2Spire","Downfall","Friendly Minions","Gensokyo","Lobotomy","LobotomyExtend","Minty Spire (QoL Compilation)","MostiFishMod","StSLib","TestMod","Waifu the Spire"],"gold_per_floor":[117,135,535,615,475,475,510,143,143,143,175,186,219,59,59,158,158,177,193,73,73,84,118,118,144,223,257,276,293,3,14,14,111,111,131,31,31,48,48,48,76,87,87,106,139,139,173,173,173,173,173,173,173,48,83,83],"floor_reached":57,"language":"ZHS","playtime":1741,"items_purged":["champ:Strike","champ:Strike","champ:Strike"],"score":2497,"play_id":"aebc05fb-1905-4599-ba46-9928e9f394ea","local_time":"20210219161614","is_ascension_mode":true,"campfire_choices":[{"data":"MostiFishMod:WinterMarkForm","floor":6,"key":"SMITH"},{"floor":15,"key":"RECALL"},{"data":"MostiFishMod:FrostNova","floor":32,"key":"SMITH"},{"data":"champ:Execute","floor":40,"key":"SMITH"},{"data":"champ:EnchantCrown","floor":46,"key":"SMITH"},{"data":"champ:Defend","floor":49,"key":"SMITH"},{"data":"champ:Defend","floor":53,"key":"SMITH"}],"circlet_count":0,"master_deck":["champ:Defend","champ:Defend+1","champ:Defend+1","champ:Defend+1","champ:Taunt+1","MostiFishMod:FrostNova+1","MostiFishMod:WinterMarkForm+1","champ:ShieldThrow+1","champ:EnchantCrown+1"],"relics":["testmod-TestBox","GuanYuAspect","testmod-AssaultLearning","FrostBlade","SynthV:TestCard","LetterFromLob","StoneCalendar","Nunchaku","Civilization","Dota2Spire:LotusOrb","HornCleat","Thread and Needle","Nilry\u0027s Codex","GreenFoldingFan","Gensokyo:SpiderMask","Dota2Spire:UrnOfShadows","hexamod:BolsterEngine","Dota2Spire:ArmletOfMordiggian","Blue Candle","testmod-TurbochargingSystem","Technique","Centennial Puzzle","testmod-Prudence","testmod-InjuryResistance","testmod-RainbowHikingShoes","Dota2Spire:MonkeyKingBar","ImprovedEquipment","Dota2Spire:PowerTreads","testmod-IndustrialRevolution"],"acts_visited":["Exordium","Gensokyo:Gensokyo","Gensokyo:Gensokyoer","TheEnding"],"potions_floor_usage":[12,56,56,56],"damage_taken":[{"damage":12,"enemies":"Gensokyo:Gryphon","floor":1,"turns":3},{"damage":0,"enemies":"Gensokyo:2_Kodama","floor":2,"turns":3},{"damage":5,"enemies":"Gensokyo:Cirno","floor":7,"turns":6},{"damage":0,"enemies":"Gensokyo:Aya","floor":11,"turns":3},{"damage":0,"enemies":"Gensokyo:Python","floor":12,"turns":2},{"damage":10,"enemies":"Gensokyo:Mamizou","floor":13,"turns":3},{"damage":10,"enemies":"Gensokyo:Kokoro","floor":16,"turns":5},{"damage":4,"enemies":"Gensokyo:Chomper","floor":18,"turns":2},{"damage":7,"enemies":"Gensokyo:3_Dogs","floor":19,"turns":3},{"damage":2,"enemies":"Gensokyo:Swordslinger","floor":22,"turns":1},{"damage":5,"enemies":"Gensokyo:Tenshi","floor":23,"turns":2},{"damage":16,"enemies":"Gensokyo:Koishi","floor":25,"turns":3},{"damage":18,"enemies":"Gensokyo:Reisen","floor":27,"turns":4},{"damage":12,"enemies":"Gensokyo:Monolith_and_Dog","floor":28,"turns":1},{"damage":6,"enemies":"Gensokyo:Slime_Group","floor":29,"turns":3},{"damage":4,"enemies":"Gensokyo:Swordslinger","floor":31,"turns":2},{"damage":24,"enemies":"Gensokyo:Kaguya","floor":33,"turns":5},{"damage":16,"enemies":"Gensokyo:3_Boulders","floor":35,"turns":3},{"damage":4,"enemies":"Gensokyo:AncientGuardian","floor":38,"turns":2},{"damage":3,"enemies":"Gensokyo:Doremy","floor":41,"turns":3},{"damage":3,"enemies":"Gensokyo:3_Boulders","floor":42,"turns":2},{"damage":2,"enemies":"Gensokyo:SeedOfUnknown","floor":44,"turns":2},{"damage":1,"enemies":"Gensokyo:Marisa","floor":45,"turns":2},{"damage":11,"enemies":"Gensokyo:Doremy","floor":47,"turns":2},{"damage":6,"enemies":"Gensokyo:Scarlet_Devils","floor":50,"turns":6},{"damage":2,"enemies":"Shield and Spear","floor":55,"turns":1},{"damage":6,"enemies":"The Heart","floor":56,"turns":3}],"seed_played":"-258028632866394198","potions_obtained":[{"floor":11,"key":"testmod-SpacePotion"},{"floor":12,"key":"Explosive Potion"},{"floor":22,"key":"Swift Potion"},{"floor":31,"key":"Explosive Potion"},{"floor":45,"key":"SkillPotion"}],"is_trial":false,"path_per_floor":["M","M","?","?","?","R","E","$","T","M","E","M","E","?","R","B",null,"M","M","?","T","M","E","?","E","T","E","M","M","COS","M","R","B",null,"M","$","?","M","?","R","E","M","T","M","E","R","E","?","R","B",null,null,"R","$","E","B",null],"character_chosen":"THE_CHAMP","items_purchased":["Civilization","Dota2Spire:LotusOrb"],"campfire_rested":0,"item_purchase_floors":[8,8],"current_hp_per_floor":[37,44,44,44,44,44,45,45,45,45,46,47,49,49,49,53,54,60,65,65,65,70,75,70,78,78,85,90,95,95,100,100,101,103,110,110,110,115,115,115,120,125,125,130,135,135,140,140,140,145,145,145,145,145,150,155],"gold":83,"neow_bonus":"BOSS_RELIC","is_daily":false,"chose_seed":false,"campfire_upgraded":6,"win_rate":0.0,"timestamp":1613722574,"path_taken":["M","M","?","?","?","R","E","?","T","M","E","?","E","?","R","BOSS","M","M","?","?","M","E","?","E","T","E","M","?","COS","M","R","BOSS","M","$","?","M","?","R","E","?","T","M","E","R","E","?","R","BOSS","R","$","E","BOSS"],"items_purchased_type":["Relic","Relic"],"build_version":"2020-12-22","purchased_purges":3,"victory":true,"max_hp_per_floor":[45,45,45,45,45,45,45,45,45,45,46,48,51,51,51,55,55,60,65,65,65,70,75,75,80,80,85,90,95,95,100,100,105,105,110,110,110,115,115,115,120,125,125,130,135,135,140,140,140,145,145,145,145,145,150,155],"card_choices":[{"not_picked":["champ:StanceDance","champ:GutPunch","champ:Shatter"],"picked":"SKIP","floor":1},{"not_picked":["champ:EnGarde","champ:StanceDance","champ:SteelEdge","champ:Backstep","champ:FalseCounter"],"picked":"SKIP","floor":2},{"not_picked":["champ:EnragedBash","champ:FancyFootwork","champ:BladeFlurry","champ:ViciousMockery","champ:CrownThrow"],"picked":"SKIP","floor":7},{"not_picked":["champ:ArenaPreparation","champ:FalseCounter","champ:RageSigil","champ:Haymaker","champ:SkillfulDodge"],"picked":"SKIP","floor":11},{"not_picked":["champ:EnGarde","champ:BerserkersShout","champ:Haymaker","champ:DefensiveShout","champ:Lariat"],"picked":"SKIP","floor":12},{"not_picked":["champ:Encircle","champ:BerserkersShout","champ:FlashCut","champ:Circumvent","champ:BladeFlurry"],"picked":"SKIP","floor":13},{"not_picked":["champ:CheapShot","champ:LastStand","champ:HeavySlash","champ:MurderStrike"],"picked":"champ:ShieldThrow","floor":16},{"not_picked":["champ:AdrenalArmor","champ:IronFortress","champ:Duel","champ:StanceDance","champ:Backstep"],"picked":"SKIP","floor":18},{"not_picked":["champ:StanceDance","champ:AdrenalArmor","champ:RisingSlash","champ:FanOfKnives","champ:CalledShot+1"],"picked":"SKIP","floor":19},{"not_picked":["champ:TornadoPunch+1","champ:GutPunch","champ:Backstep","champ:CrookedStrike","champ:EnGarde"],"picked":"SKIP","floor":22},{"not_picked":["champ:EnGarde+1","champ:SkillfulDodge","champ:DefensiveShout","champ:PreciseThrust"],"picked":"champ:EnchantCrown","floor":23},{"not_picked":["champ:GutPunch","champ:ShieldSlam","champ:Shatter+1","champ:BringItOn","champ:FanOfKnives"],"picked":"SKIP","floor":25},{"not_picked":["champ:StanceDance","champ:EnGarde","champ:Lariat","champ:ShieldSigil+1","champ:PreciseThrust"],"picked":"SKIP","floor":27},{"not_picked":["champ:BringItOn+1","champ:EnragedBash","champ:BerserkerStyle","champ:FalseCounter+1","champ:PreciseThrust"],"picked":"SKIP","floor":28},{"not_picked":["champ:VampiricStrike","champ:PreciseThrust+1","champ:ViciousMockery+1","champ:RecklessLeap","champ:BringItOn"],"picked":"SKIP","floor":29},{"not_picked":["champ:AdrenalArmor","champ:DefensiveShout","champ:SkillfulDodge","champ:BladeFlurry","champ:FanOfKnives"],"picked":"SKIP","floor":31},{"not_picked":["champ:Shatter+1","champ:CrownThrow","champ:FocusedDefense+1","champ:FlashCut","champ:BladeFlurry+1"],"picked":"SKIP","floor":35},{"not_picked":["champ:FanOfKnives+1","champ:BringItOn","champ:PerfectedStrike+1","champ:GutPunch+1","champ:RisingSlash"],"picked":"SKIP","floor":38},{"not_picked":["champ:Circumvent+1","champ:AdrenalArmor+1","champ:Shatter+1","champ:FlashCut+1","champ:TornadoPunch"],"picked":"SKIP","floor":41},{"not_picked":["champ:ShieldSigil+1","champ:Parry+1","champ:Lariat","champ:GutPunch","champ:Haymaker"],"picked":"SKIP","floor":42},{"not_picked":["champ:SkillfulDodge","champ:FaceSlap+1","champ:ShieldSlam+1","champ:Circumvent+1","champ:Duel+1"],"picked":"SKIP","floor":44},{"not_picked":["champ:ShieldSigil+1","champ:CrookedStrike","champ:EndlessRage","champ:EnchantSword","champ:FanOfKnives+1"],"picked":"SKIP","floor":45},{"not_picked":["champ:DefensiveStyle","champ:EnGarde+1","champ:EnragedBash","champ:PreemptiveStrike+1","champ:CalledShot+1"],"picked":"SKIP","floor":47},{"not_picked":["champ:Encircle","champ:AdrenalArmor","champ:BerserkerStyle+1","champ:CrownThrow","champ:BerserkersShout"],"picked":"SKIP","floor":55}],"player_experience":977375,"relics_obtained":[{"floor":1,"key":"SynthV:TestCard"},{"floor":1,"key":"LetterFromLob"},{"floor":7,"key":"Nunchaku"},{"floor":11,"key":"HornCleat"},{"floor":13,"key":"Thread and Needle"},{"floor":21,"key":"Dota2Spire:UrnOfShadows"},{"floor":23,"key":"hexamod:BolsterEngine"},{"floor":25,"key":"Dota2Spire:ArmletOfMordiggian"},{"floor":26,"key":"Blue Candle"},{"floor":27,"key":"testmod-TurbochargingSystem"},{"floor":41,"key":"testmod-RainbowHikingShoes"},{"floor":43,"key":"Dota2Spire:MonkeyKingBar"},{"floor":45,"key":"ImprovedEquipment"},{"floor":47,"key":"Dota2Spire:PowerTreads"},{"floor":55,"key":"testmod-IndustrialRevolution"}],"event_choices":[{"damage_healed":0,"gold_gain":400,"player_choice":"Sell","damage_taken":0,"max_hp_gain":0,"max_hp_loss":0,"event_name":"¶÷ÂåË¹µÄÅÌ×Ó","floor":3,"relics_lost":["DaveBox"],"gold_loss":0}],"is_beta":false,"boss_relics":[{"not_picked":["Ectoplasm","HereWithMe"],"picked":"GreenFoldingFan"},{"not_picked":["RhineCircuit","Velvet Choker"],"picked":"testmod-Prudence"}],"items_purged_floors":[8,36,54],"is_endless":false,"potions_floor_spawned":[11,12,13,16,22,23,25,28,31,42,45],"ascension_level":9}}