{"host":"f0gpob8hq9vgebej","time":1613726285,"event":{"mods":["AchievementEnabler","BaseMod","Minty Spire (QoL Compilation)","Quick Restart","SuperFastMode"],"gold_per_floor":[119,138,154,169,180,180,199,212,264,274,274,19,47,67,67,67,67],"floor_reached":16,"language":"KOR","playtime":457,"items_purged":["Defend_G"],"score":200,"play_id":"c4023f5b-b431-4925-9ea1-f92993793f83","local_time":"20210219181805","is_ascension_mode":true,"campfire_choices":[{"data":"Dagger Spray","floor":6.0,"key":"SMITH"},{"floor":15.0,"key":"REST"}],"circlet_count":0,"master_deck":["AscendersBane","Strike_G","Strike_G","Strike_G","Strike_G","Defend_G","Defend_G","Defend_G","Defend_G","Survivor","Neutralize","Dagger Spray+1","PiercingWail","Blade Dance","Slice","Masterful Stab","Backflip","Dodge and Roll","Envenom","Footwork","Well Laid Plans"],"relics":["Ring of the Snake","Toy Ornithopter","Ornamental Fan"],"acts_visited":["Exordium"],"potions_floor_usage":[16],"damage_taken":[{"damage":1.0,"enemies":"Cultist","floor":1.0,"turns":6.0},{"damage":9.0,"enemies":"Jaw Worm","floor":2.0,"turns":5.0},{"damage":6.0,"enemies":"Small Slimes","floor":3.0,"turns":4.0},{"damage":6.0,"enemies":"Looter","floor":4.0,"turns":3.0},{"damage":11.0,"enemies":"Exordium Thugs","floor":5.0,"turns":5.0},{"damage":11.0,"enemies":"Gremlin Gang","floor":7.0,"turns":5.0},{"damage":0.0,"enemies":"Large Slime","floor":8.0,"turns":5.0},{"damage":1.0,"enemies":"Red Slaver","floor":10.0,"turns":4.0},{"damage":4.0,"enemies":"3 Sentries","floor":13.0,"turns":5.0},{"damage":0.0,"enemies":"2 Fungi Beasts","floor":14.0,"turns":3.0},{"damage":44,"enemies":"Slime Boss","floor":16,"turns":12}],"seed_played":"2695724750982244671","potions_obtained":[{"floor":3.0,"key":"Swift Potion"},{"floor":4.0,"key":"DistilledChaos"},{"floor":13.0,"key":"LiquidMemories"}],"is_trial":false,"path_per_floor":["M","M","M","M","M","R","M","M","T","M","?","$","E","M","R","B"],"character_chosen":"THE_SILENT","items_purchased":["Envenom"],"campfire_rested":1,"item_purchase_floors":[12],"current_hp_per_floor":[58,49,43,37,26,26,15,15,15,14,10,10,16,16,35,0,0],"gold":67,"neow_bonus":"REMOVE_CARD","is_daily":false,"chose_seed":false,"campfire_upgraded":1,"win_rate":0.0,"timestamp":1613726285,"path_taken":["M","M","M","M","?","R","M","M","T","?","?","$","E","M","R","BOSS"],"items_purchased_type":["Card"],"build_version":"2020-12-22","purchased_purges":1,"victory":false,"max_hp_per_floor":[66,66,66,66,66,66,66,66,66,66,66,66,66,66,66,66,66],"card_choices":[{"not_picked":["Quick Slash","Endless Agony"],"picked":"Dagger Spray","floor":1.0},{"not_picked":["Backflip","Dagger Spray"],"picked":"PiercingWail","floor":2.0},{"not_picked":["Dash","All Out Attack"],"picked":"Blade Dance","floor":3.0},{"not_picked":["Caltrops","Prepared"],"picked":"Slice","floor":4.0},{"not_picked":["Flying Knee","Quick Slash"],"picked":"Masterful Stab","floor":5.0},{"not_picked":["Dash","Infinite Blades"],"picked":"Backflip","floor":7.0},{"not_picked":["Sucker Punch","Flying Knee"],"picked":"Dodge and Roll","floor":8.0},{"not_picked":["Masterful Stab","Bane","Endless Agony"],"picked":"SKIP","floor":10.0},{"not_picked":["Backstab","Finisher"],"picked":"Footwork","floor":13.0},{"not_picked":["Blade Dance","Slice"],"picked":"Well Laid Plans","floor":14.0}],"player_experience":389752,"relics_obtained":[{"floor":9.0,"key":"Toy Ornithopter"},{"floor":13.0,"key":"Ornamental Fan"}],"event_choices":[{"damage_healed":0.0,"max_hp_gain":0.0,"max_hp_loss":0.0,"gold_gain":0.0,"event_name":"The Woman in Blue","player_choice":"Bought 0 Potions","floor":11.0,"gold_loss":0.0,"damage_taken":0.0}],"is_beta":false,"boss_relics":[],"items_purged_floors":[12],"is_endless":false,"potions_floor_spawned":[3,4,7,13],"killed_by":"Slime Boss","ascension_level":17}}