{"host":"19r1ww88x2tc73i0","time":1613717604,"event":{"mods":["BaseMod","BetterRewards","Colored Map","Minty Spire (QoL Compilation)","Relic Stats","StSLib","SuperFastMode","slay the spire mod where everything is the same but ironclad has a cowboy hat"],"gold_per_floor":[116,96,115,134,151,151,177,177,177,102,131,146,158,193,193,193,193],"floor_reached":16,"language":"ENG","playtime":431,"items_purged":[],"score":344,"play_id":"0b728fde-70aa-4dcd-8315-afd3afcdca77","local_time":"25640219135324","is_ascension_mode":true,"campfire_choices":[{"data":"Whirlwind","floor":6,"key":"SMITH"},{"data":"Bloodletting","floor":8,"key":"SMITH"},{"data":"Offering","floor":15,"key":"SMITH"}],"circlet_count":0,"master_deck":["AscendersBane","Strike_R","Strike_R","Strike_R","Strike_R","Strike_R","Defend_R","Defend_R","Defend_R","Bash","Whirlwind+1","Feel No Pain","Shrug It Off","Sword Boomerang","Bloodletting+1","Dark Embrace","Pommel Strike","Offering+1","Flex","Ghostly Armor"],"relics":["Burning Blood","Chemical X","Calipers","Oddly Smooth Stone","Happy Flower","Self Forming Clay","Torii","CeramicFish"],"acts_visited":["Exordium"],"potions_floor_usage":[7,7,7,14,16],"damage_taken":[{"damage":0,"enemies":"Cultist","floor":1,"turns":3},{"damage":0,"enemies":"Jaw Worm","floor":3,"turns":3},{"damage":0,"enemies":"2 Louse","floor":4,"turns":1},{"damage":7,"enemies":"Looter","floor":5,"turns":3},{"damage":3,"enemies":"Gremlin Nob","floor":7,"turns":2},{"damage":17,"enemies":"3 Sentries","floor":11,"turns":3},{"damage":14,"enemies":"Lots of Slimes","floor":12,"turns":3},{"damage":1,"enemies":"2 Fungi Beasts","floor":13,"turns":3},{"damage":6,"enemies":"Lagavulin","floor":14,"turns":2},{"damage":61,"enemies":"Hexaghost","floor":16,"turns":9}],"seed_played":"-2312880051563055461","potions_obtained":[{"floor":1,"key":"SpeedPotion"},{"floor":2,"key":"Block Potion"},{"floor":4,"key":"EntropicBrew"},{"floor":7,"key":"DuplicationPotion"},{"floor":11,"key":"LiquidMemories"}],"is_trial":false,"path_per_floor":["M","?","M","M","M","R","E","R","T","?","E","M","M","E","R","B"],"character_chosen":"IRONCLAD","items_purchased":["Chemical X","Whirlwind","Calipers","Oddly Smooth Stone","Feel No Pain","Shrug It Off"],"campfire_rested":0,"item_purchase_floors":[0,0,0,0,0,0],"current_hp_per_floor":[74,74,75,75,74,74,75,75,75,75,64,56,61,61,61,0,0],"gold":193,"neow_bonus":"","is_daily":false,"chose_seed":false,"campfire_upgraded":3,"win_rate":0.0,"timestamp":1613717604,"path_taken":["M","?","M","M","?","R","E","R","T","?","E","M","M","E","R","BOSS"],"items_purchased_type":["Relic","Card","Relic","Relic","Card","Card"],"build_version":"2020-12-22","purchased_purges":0,"victory":false,"max_hp_per_floor":[75,75,75,75,75,75,75,75,75,75,75,75,75,75,75,75,75],"relic_stats":{"Happy Flower":[6],"Torii":13,"counters":[23,105],"Self Forming Clay":[48],"CeramicFish":0,"Chemical X":[14],"obtain_stats":[{"Calipers":0,"Happy Flower":6,"Torii":11,"Self Forming Clay":9,"CeramicFish":14,"Oddly Smooth Stone":0,"Question Card":0,"Burning Blood":0,"Strange Spoon":0,"Centennial Puzzle":9,"Dream Catcher":14,"Ornamental Fan":11,"Prayer Wheel":0,"Art of War":0,"Chemical X":0,"Bottled Lightning":7,"Paper Frog":0},{"Calipers":13,"Happy Flower":5,"Torii":19,"Self Forming Clay":18,"CeramicFish":22,"Oddly Smooth Stone":13,"Question Card":0,"Burning Blood":0,"Strange Spoon":6,"Centennial Puzzle":10,"Dream Catcher":12,"Ornamental Fan":11,"Prayer Wheel":6,"Art of War":6,"Chemical X":0,"Bottled Lightning":10,"Paper Frog":0},{"Calipers":73,"Happy Flower":26,"Torii":88,"Self Forming Clay":85,"CeramicFish":96,"Oddly Smooth Stone":73,"Question Card":0,"Burning Blood":0,"Strange Spoon":30,"Centennial Puzzle":51,"Dream Catcher":62,"Ornamental Fan":58,"Prayer Wheel":30,"Art of War":30,"Chemical X":0,"Bottled Lightning":51,"Paper Frog":0}],"Burning Blood":107},"card_choices":[{"not_picked":["True Grit","Combust"],"picked":"Sword Boomerang","floor":1},{"not_picked":["True Grit","Hemokinesis"],"picked":"Bloodletting","floor":3},{"not_picked":["Havoc","Headbutt"],"picked":"Dark Embrace","floor":4},{"not_picked":["Clash","Heavy Blade"],"picked":"Pommel Strike","floor":5},{"not_picked":["Feel No Pain","Rage"],"picked":"Offering","floor":7},{"not_picked":["Fire Breathing","Whirlwind"],"picked":"Flex","floor":11},{"not_picked":["Sword Boomerang","Carnage"],"picked":"Ghostly Armor","floor":12},{"not_picked":["Twin Strike","Pommel Strike","Body Slam"],"picked":"SKIP","floor":13},{"not_picked":["Clothesline","Havoc","Pummel"],"picked":"SKIP","floor":14}],"player_experience":1129845,"relics_obtained":[{"floor":7,"key":"Happy Flower"},{"floor":9,"key":"Self Forming Clay"},{"floor":11,"key":"Torii"},{"floor":14,"key":"CeramicFish"}],"event_choices":[{"damage_healed":0,"gold_gain":0,"player_choice":"Bought 1 Potion","damage_taken":0,"max_hp_gain":0,"max_hp_loss":0,"event_name":"The Woman in Blue","floor":2,"gold_loss":0},{"cards_removed":["Defend_R"],"damage_healed":0,"gold_gain":0,"player_choice":"Card Removal","damage_taken":0,"max_hp_gain":0,"max_hp_loss":0,"event_name":"The Cleric","floor":10,"gold_loss":75}],"is_beta":false,"boss_relics":[],"items_purged_floors":[],"is_endless":false,"potions_floor_spawned":[1,4,7,11],"killed_by":"Hexaghost","ascension_level":20}}