{"host":"6r9t33axn0fzb9aq","time":1613753788,"event":{"mods":["Aspiration","BaseMod","Better Altar","Better Match","Better Note","Better Third Choice","Bossed Relics","CatGirl Mod","Clockwork Mod","Colored Map","Colored Powertips","Conspire","Curses Come First","Custom Start","Energized Spire","Halation","Hubris","Infinite Spire","Koishi","Marisa????????","Minty Spire (QoL Compilation)","Onozuka Komachi Mod","Poor People Problems","Reliquary","Remilia??????","Replay The Spire","Reworked Bosses","Shade Mod","Spicy Shops","Spire Arcade","StSLib","The Blue Laboratory","The Cursed","The Death Knight","The Hierophant","The Marked","The Necromancer","The Servant 0.9.4","TheHero","Trackpad","Waifu the Spire","Wandering Minibosses"],"gold_per_floor":[111,5,5,5,17,17,17,17,17,44,70,70,102,128,128,226,226,241,241,241,97,116,116,116,135,135,135,135,165,192,219,274,379,379,393,404,504,524,524,524,552,552,552,552,552,578,578,93,93,197,197,203,224,224,251,251,251,251,251,276,318,318,318,175,19,19,137,137,158,158,158,158,137,151,169,169,169,169,169,217,316,316,316,316,360,360,240,334,455,455,472,472,472,472,472,510,567,603,629,629,640,640,640,640,640,767,767,790,869,869,869,886,922,959,998,998,1038,1053,1082,1082,1006,1006,1143,1143,1154,1154,1154,1154,998,1035,1073,1108,1108,1154,1209,1241,1272,1283,1292,1407,1407,1421,1132,1038,1057,703,742,758,784,830,873,873,882,924,960,960,967,967],"floor_reached":157,"language":"ENG","playtime":6976,"items_purged":["Wrath_TH","Replay:Fractal Strike","Replay:Fractal Strike"],"score":4343,"play_id":"c1a7547e-3590-4ad6-80ed-846199142e16","local_time":"20210219165628","daily_mods":["Hoarder","Vintage","Heirloom","Time Dilation","Flight","Elite Swarm","Binary"],"is_ascension_mode":false,"campfire_choices":[{"data":"Infernal Blade","floor":6.0,"key":"SMITH"},{"data":"Infernal Blade","floor":7.0,"key":"SMITH"},{"data":"Infernal Blade","floor":8.0,"key":"SMITH"},{"data":"Heavy Blade","floor":15.0,"key":"SMITH"},{"data":"Flex","floor":23.0,"key":"SMITH"},{"data":"Flex","floor":27.0,"key":"SMITH"},{"data":"Heavy Blade","floor":44.0,"key":"SMITH"},{"floor":47.0,"key":"REST"},{"floor":57.0,"key":"REST"},{"floor":58.0,"key":"REST"},{"floor":59.0,"key":"REST"},{"floor":66.0,"key":"DIG"},{"data":"Replay:Fractal Strike","floor":79.0,"key":"SMITH"},{"data":"Heavy Blade","floor":83.0,"key":"SMITH"},{"data":"Clash","floor":83.0,"key":"SMITH"},{"data":"Clash","floor":100.0,"key":"SMITH"},{"data":"Clash","floor":100.0,"key":"SMITH"},{"floor":105.0,"key":"REST"},{"floor":122.0,"key":"DIG"},{"data":"Bash","floor":139.0,"key":"SMITH"},{"data":"Strike_R","floor":139.0,"key":"SMITH"},{"data":"Strike_R","floor":156,"key":"SMITH"},{"data":"Defend_R","floor":156,"key":"SMITH"}],"circlet_count":0,"master_deck":["Replay:Fractal Strike+1","Clash+1","Clash+1","Clash+1","Heavy Blade+1","Heavy Blade+1","Heavy Blade+1","Flex+1","Flex+1","Flex+1","Infernal Blade+1","Infernal Blade+1","Bash+1","Defend_R","Defend_R+1","Defend_R","Defend_R+1","Strike_R+1","Strike_R+1","Strike_R+1","Strike_R+1","Strike_R+1","Flex+1","Flex+1","Flex+1","AbeCurse","AbeCurse","AbeCurse","Flex+1","Flex+1","Flex+1","Whirlwind+1","Whirlwind+1","Whirlwind+1","Flex+1","Flex+1","Flex+1","Demon Form+1","Demon Form+1","Demon Form+1","Whirlwind+1","Whirlwind+1","Whirlwind+1"],"relics":["Burning Blood","Busted Crown","replay:Trail_Library","Pocketwatch","Ginger","conspire:DecoderRing","reliquary:Buckler","hubris:TenFootPole","trackpad:Mousetrap","Replay:Bottled Steam","infinitespire:CheckeredPen","infinitespire:Burning Sword","DeathKnight:PutricidesVial","halation:PromiseList","Blue Doll","Replay:Rubber Ducky","trackpad:AdjectivePendant","Incense Burner","Replay:Baseball","Lantern","hubris:TerracottaHorce","reliquary:Aerogel","Dream Catcher","Self Forming Clay","halation:BlackBeret","Replay:Bottled Eggs","Replay:Ringing Soul","halation:Diary","Chameleon Ring","trackpad:SappingStone","Replay:Bandana","Golden Idol","halation:AfternoonTea","trackpad:ZombieHeart","Medical Kit","Singing Bowl","hubris:EvacipatedBox","Centennial Puzzle","reliquary:PartyBalloon","ReplayTheSpireMod:Shallot","halation:Thesaurus","halation:SelfBoilingWater","reliquary:FingerTrap","infinitespire:FocusingShard","energizedSpire:MagnifyingGlass","reliquary:BoilingFlask","reliquary:TuningFork","hubris:Icosahedron","ClockworkSouvenir","trackpad:WindUpAutoDealer","Replay:Arrowhead","reliquary:Sideboard","Oddly Smooth Stone","aspiration:HatOfInfinitePower","Quantum Egg","Replay:Grab Bag","Abe\u0027s Treasure","Ooze Armor","trackpad:DemonHeart","Molten Egg 2","halation:EternalFortune","Du-Vu Doll","infinitespire:Satchel","ReplayTheSpireMod:Shallot","aspiration:AnachronicSnailShell","reliquary:Firecrackers","infinitespire:PuzzleCube","theCatGirl:Ambush","Gremlin Horn","Bronze Scales","Runic Pyramid","DeathKnight:SindragosasSkull","hubris:Towel","reliquary:Stiletto","Frozen Egg 2","Akabeko","Kunai","infinitespire:EmpoweringShard","infinitespire:Lucky Rock","reliquary:Sod","theCatGirl:DriedFish","Calipers","Du-Vu Doll","energizedSpire:NeverEndingSparkler","PreservedInsect","Blood Vial","Whetstone","aspiration:Lifesprig","Replay:Towering Pillar of Hats","CeramicFish","Anchor","Charon\u0027s Ashes","trackpad:WritersBlock","Blue Candle","Darkstone Periapt","conspire:Dentures","energizedSpire:DecayingSkull","hubris:CrystalStatue","Turnip","halation:Komachan","Replay:Kaleidoscope","Potion Belt","hubris:EmptyBottle","hubris:ChampionShield","Regal Pillow","hubris:MobiusCoin","Magic Flower","DollysMirror","Strawberry","aspiration:StickyExplosives_weak"],"acts_visited":["Exordium","TheCity","TheBeyond","Exordium","TheCity","TheBeyond","Exordium","TheCity","TheBeyond"],"potions_floor_usage":[157,157],"damage_taken":[{"damage":6.0,"enemies":"Cultist","floor":1.0,"turns":3.0},{"damage":0.0,"enemies":"Small Slimes","floor":5.0,"turns":2.0},{"damage":17.0,"enemies":"3 Sentries","floor":10.0,"turns":5.0},{"damage":13.0,"enemies":"Lagavulin","floor":11.0,"turns":3.0},{"damage":10.0,"enemies":"3 Sentries","floor":13.0,"turns":3.0},{"damage":0.0,"enemies":"Gremlin Nob","floor":14.0,"turns":1.0},{"damage":6.0,"enemies":"Slime Boss","floor":16.0,"turns":1.0},{"damage":12.0,"enemies":"2 Thieves","floor":18.0,"turns":1.0},{"damage":2.0,"enemies":"Shell Parasite","floor":22.0,"turns":1.0},{"damage":2.0,"enemies":"Cultist and Chosen","floor":25.0,"turns":3.0},{"damage":9.0,"enemies":"Slavers","floor":29.0,"turns":2.0},{"damage":0.0,"enemies":"Nightmare","floor":30.0,"turns":1.0},{"damage":4.0,"enemies":"Slavers","floor":31.0,"turns":2.0},{"damage":30.0,"enemies":"hubris:MusketHawk","floor":33.0,"turns":3.0},{"damage":0.0,"enemies":"3 Shapes","floor":35.0,"turns":2.0},{"damage":0.0,"enemies":"3 Darklings","floor":36.0,"turns":1.0},{"damage":1.0,"enemies":"Sphere and 2 Shapes","floor":38.0,"turns":3.0},{"damage":45.0,"enemies":"Nemesis","floor":41.0,"turns":3.0},{"damage":20.0,"enemies":"Giant Head","floor":46.0,"turns":2.0},{"damage":44.0,"enemies":"Awakened One","floor":50.0,"turns":5.0},{"damage":0.0,"enemies":"2 Louse","floor":52.0,"turns":1.0},{"damage":1.0,"enemies":"conspire:MimicChest","floor":53.0,"turns":2.0},{"damage":0.0,"enemies":"Small Slimes","floor":55.0,"turns":1.0},{"damage":0.0,"enemies":"Lagavulin","floor":61.0,"turns":1.0},{"damage":0.0,"enemies":"Slime Boss","floor":67.0,"turns":3.0},{"damage":0.0,"enemies":"Chosen","floor":69.0,"turns":1.0},{"damage":0.0,"enemies":"Chosen","floor":74.0,"turns":1.0},{"damage":0.0,"enemies":"2 Thieves","floor":75.0,"turns":2.0},{"damage":0.0,"enemies":"conspire:SneckoGhost","floor":80.0,"turns":2.0},{"damage":0.0,"enemies":"Slavers","floor":85.0,"turns":1.0},{"damage":0.0,"enemies":"bossMod:newChamp","floor":89.0,"turns":2.0},{"damage":0.0,"enemies":"3 Shapes","floor":91.0,"turns":1.0},{"damage":0.0,"enemies":"Reptomancer","floor":96.0,"turns":3.0},{"damage":0.0,"enemies":"R_Hoarder","floor":97.0,"turns":1.0},{"damage":0.0,"enemies":"Reptomancer","floor":98.0,"turns":1.0},{"damage":0.0,"enemies":"Orb Walker","floor":101.0,"turns":1.0},{"damage":0.0,"enemies":"infinitespire:MassOfShapes","floor":106.0,"turns":1.0},{"damage":0.0,"enemies":"Cultist","floor":108.0,"turns":1.0},{"damage":0.0,"enemies":"2 Louse","floor":112.0,"turns":1.0},{"damage":0.0,"enemies":"Lagavulin","floor":113.0,"turns":1.0},{"damage":0.0,"enemies":"Gremlin Nob","floor":114.0,"turns":2.0},{"damage":0.0,"enemies":"3 Sentries","floor":115.0,"turns":1.0},{"damage":0.0,"enemies":"Gremlin Nob","floor":117.0,"turns":1.0},{"damage":0.0,"enemies":"Small Slimes","floor":118.0,"turns":1.0},{"damage":0.0,"enemies":"3 Sentries","floor":119.0,"turns":2.0},{"damage":0.0,"enemies":"The Guardian","floor":123.0,"turns":1.0},{"damage":0.0,"enemies":"Spheric Guardian","floor":125.0,"turns":1.0},{"damage":0.0,"enemies":"Book of Stabbing","floor":130.0,"turns":1.0},{"damage":0.0,"enemies":"Slavers","floor":131.0,"turns":1.0},{"damage":0.0,"enemies":"Book of Stabbing","floor":132.0,"turns":1.0},{"damage":0.0,"enemies":"Gremlin Leader","floor":134.0,"turns":1.0},{"damage":0.0,"enemies":"Nightmare","floor":135.0,"turns":1.0},{"damage":0.0,"enemies":"Gremlin Leader","floor":136.0,"turns":1.0},{"damage":0.0,"enemies":"Book of Stabbing","floor":137.0,"turns":1.0},{"damage":0.0,"enemies":"Shell Parasite","floor":138.0,"turns":1.0},{"damage":20.0,"enemies":"hubris:MusketHawk","floor":140.0,"turns":2.0},{"damage":0.0,"enemies":"Orb Walker","floor":142.0,"turns":1.0},{"damage":0.0,"enemies":"3 Shapes","floor":145.0,"turns":1.0},{"damage":0.0,"enemies":"R_Hoarder","floor":147.0,"turns":1.0},{"damage":0.0,"enemies":"Sphere and 2 Shapes","floor":148.0,"turns":1.0},{"damage":0.0,"enemies":"Nightmare","floor":149.0,"turns":2.0},{"damage":0.0,"enemies":"R_Hoarder","floor":151.0,"turns":1.0},{"damage":0,"enemies":"Reptomancer","floor":154,"turns":1},{"damage":0,"enemies":"Maw","floor":155,"turns":1},{"damage":327,"enemies":"infinitespire:LordOfFortification","floor":157,"turns":5}],"seed_played":"5826256583555888168","potions_obtained":[{"floor":10.0,"key":"blueLaboratory:ExaltedPotion"},{"floor":11.0,"key":"blueLaboratory:BottledHope"},{"floor":13.0,"key":"blueLaboratory:PolymorphPotion"},{"floor":16.0,"key":"Toxic Potion"},{"floor":25.0,"key":"LiquidMemories"},{"floor":29.0,"key":"SteroidPotion"},{"floor":33.0,"key":"Explosive Potion"},{"floor":46.0,"key":"PowerPotion"},{"floor":50.0,"key":"blueLaboratory:PhilterOfMotion"},{"floor":55.0,"key":"blueLaboratory:NullPotion"},{"floor":61.0,"key":"LiquidMemories"},{"floor":80.0,"key":"Explosive Potion"},{"floor":89.0,"key":"blueLaboratory:SmithPotion"},{"floor":96.0,"key":"blueLaboratory:FruitPunch"},{"floor":97.0,"key":"SpeedPotion"},{"floor":98.0,"key":"SkillPotion"},{"floor":113.0,"key":"Weak Potion"},{"floor":114.0,"key":"Reflective Coating"},{"floor":118.0,"key":"LifebloodPotion"},{"floor":123.0,"key":"SteroidPotion"},{"floor":145.0,"key":"blueLaboratory:BottleOfRum"},{"floor":147.0,"key":"BloodPotion"},{"floor":149.0,"key":"SteroidPotion"}],"is_trial":true,"path_per_floor":["M","$","?","T","M","R","R","R","T","E","E","?","E","E","R_BF","B",null,"M","?","?","$","M","R","?","M","T","R","$","E","NM","E","R_BF","B",null,"M","M","?","M","AVR","?","E","?","T","R","?","E","R","$","R_BF","B",null,"M","?","?","M","$","R","R","R","T","E","?","AVR","$","$","R_BF","B",null,"M","?","?","AVR","$","M","M","?","$","AVR","R","E","?","T","R","?","E","?","$","R_BF","B",null,"M","?","?","?","?","E","E","E","T","R","M","AVR","$","$","R","B",null,"M","?","$","?","M","E","E","E","T","E","M","E","?","$","R_BF","B",null,"M","AVR","?","?","$","E","E","E","T","E","NM","E","E","M","R","B",null,"M","$","?","M","$","E","M","NM","T","E","?","AVR","E","M","R","B"],"character_chosen":"IRONCLAD","items_purchased":["Infernal Blade","halation:PromiseList","Clash","halation:Diary","AttackPotion","AttackPotion","Chameleon Ring","trackpad:ZombieHeart","Medical Kit","Singing Bowl","hubris:EvacipatedBox","halation:Thesaurus","reliquary:FingerTrap","halation:Convergence","Quantum Egg","reliquary:Firecrackers","infinitespire:PuzzleCube","theCatGirl:Ambush","Gremlin Horn","Bronze Scales","Calipers","Whetstone","Turnip","halation:Komachan","Demon Form+1","hubris:EmptyBottle","blueLaboratory:ForbiddenFruitJuice","Dexterity Potion"],"campfire_rested":5,"item_purchase_floors":[2,21,48,48,48,48,48,56,56,56,56,64,65,73,87,103,103,103,103,103,121,129,143,143,143,146,146,146],"current_hp_per_floor":[80,80,80,80,80,80,80,80,80,69,62,62,58,64,64,64,80,74,74,80,80,80,80,80,80,80,80,80,77,80,80,80,56,74,80,80,80,80,80,80,41,41,41,41,41,27,51,54,54,16,63,69,74,65,71,6,29,52,75,75,80,80,80,80,80,80,85,85,86,89,89,92,72,73,75,75,75,75,75,76,76,76,79,79,82,82,82,82,83,86,89,92,92,95,95,96,100,101,101,104,105,105,37,37,68,75,98,105,105,105,105,109,110,111,114,114,115,117,120,128,128,128,129,129,130,130,130,130,130,131,134,135,135,136,137,138,139,140,143,130,141,145,148,148,151,151,152,158,159,159,160,160,163,171,172,172,0,0],"gold":967,"neow_bonus":"","is_daily":false,"chose_seed":false,"campfire_upgraded":16,"win_rate":0.0,"timestamp":1613753788,"path_taken":["M","?","?","?","?","R","R","R","T","E","E","?","E","E","R_BF","BOSS","M","?","?","$","?","R","?","?","T","R","$","E","NM","E","R_BF","BOSS","M","M","?","?","AVR","?","E","?","T","R","?","E","R","$","R_BF","BOSS","M","?","?","?","?","R","R","R","T","E","?","AVR","$","$","R_BF","BOSS","M","?","?","AVR","$","M","M","?","$","AVR","R","E","?","T","R","?","E","?","$","R_BF","BOSS","M","?","?","?","?","E","E","E","T","R","?","AVR","?","$","R","BOSS","M","?","$","?","M","E","E","E","T","E","M","E","?","$","R_BF","BOSS","M","AVR","?","?","$","E","E","E","T","E","NM","E","E","M","R","BOSS","M","$","?","?","$","E","M","NM","T","E","?","AVR","E","M","R","BOSS"],"items_purchased_type":["Card","Relic","Card","Relic","Potion","Potion","Relic","Relic","Relic","Relic","Relic","Relic","Relic","Relic","Relic","Relic","Relic","Relic","Relic","Relic","Relic","Relic","Relic","Relic","Card","Relic","Potion","Potion"],"build_version":"2020-12-22","purchased_purges":3,"victory":false,"max_hp_per_floor":[80,80,80,80,80,80,80,80,80,80,80,80,80,80,80,80,80,80,80,80,80,80,80,80,80,80,80,80,80,80,80,80,80,80,80,80,80,80,80,80,80,80,80,80,80,80,80,83,79,79,79,79,79,79,79,79,79,79,79,79,80,80,80,80,80,80,85,85,86,89,89,92,72,73,75,75,75,75,75,76,76,76,79,79,82,82,82,82,83,86,89,92,92,95,95,96,100,101,101,104,105,105,105,105,105,106,106,107,107,107,107,109,110,111,114,114,115,117,120,128,128,128,129,129,130,130,130,130,130,131,134,135,135,136,137,138,139,140,143,144,144,145,148,148,151,151,152,158,159,159,160,160,163,171,172,172,172,172],"card_choices":[{"not_picked":["infinitespire:Starlight","infinitespire:SealOfDarkness+"],"picked":"Replay:Fractal Strike","floor":67.0}],"player_experience":476021,"relics_obtained":[{"floor":1.0,"key":"Ginger"},{"floor":4.0,"key":"conspire:DecoderRing"},{"floor":9.0,"key":"reliquary:Buckler"},{"floor":10.0,"key":"hubris:TenFootPole"},{"floor":11.0,"key":"trackpad:Mousetrap"},{"floor":13.0,"key":"Replay:Bottled Steam"},{"floor":14.0,"key":"infinitespire:CheckeredPen"},{"floor":18.0,"key":"DeathKnight:PutricidesVial"},{"floor":22.0,"key":"Blue Doll"},{"floor":25.0,"key":"Replay:Rubber Ducky"},{"floor":26.0,"key":"trackpad:AdjectivePendant"},{"floor":29.0,"key":"Incense Burner"},{"floor":30.0,"key":"Replay:Baseball"},{"floor":31.0,"key":"Lantern"},{"floor":35.0,"key":"reliquary:Aerogel"},{"floor":36.0,"key":"Dream Catcher"},{"floor":38.0,"key":"AntiCross"},{"floor":41.0,"key":"halation:BlackBeret"},{"floor":43.0,"key":"Replay:Bottled Eggs"},{"floor":46.0,"key":"Replay:Ringing Soul"},{"floor":52.0,"key":"trackpad:SappingStone"},{"floor":53.0,"key":"Replay:Bandana"},{"floor":55.0,"key":"halation:AfternoonTea"},{"floor":60.0,"key":"Centennial Puzzle"},{"floor":61.0,"key":"reliquary:PartyBalloon"},{"floor":66.0,"key":"infinitespire:FocusingShard"},{"floor":69.0,"key":"reliquary:HotPoker"},{"floor":74.0,"key":"reliquary:BoilingFlask"},{"floor":75.0,"key":"reliquary:TuningFork"},{"floor":80.0,"key":"trackpad:WindUpAutoDealer"},{"floor":82.0,"key":"Replay:Arrowhead"},{"floor":85.0,"key":"Oddly Smooth Stone"},{"floor":91.0,"key":"Molten Egg 2"},{"floor":96.0,"key":"Du-Vu Doll"},{"floor":97.0,"key":"infinitespire:Satchel"},{"floor":101.0,"key":"ReplayTheSpireMod:Shallot"},{"floor":108.0,"key":"DeathKnight:SindragosasSkull"},{"floor":112.0,"key":"reliquary:Stiletto"},{"floor":113.0,"key":"Frozen Egg 2"},{"floor":114.0,"key":"Akabeko"},{"floor":115.0,"key":"Kunai"},{"floor":116.0,"key":"infinitespire:EmpoweringShard"},{"floor":117.0,"key":"infinitespire:Lucky Rock"},{"floor":118.0,"key":"reliquary:Sod"},{"floor":119.0,"key":"theCatGirl:DriedFish"},{"floor":122.0,"key":"reliquary:SculptingSteel"},{"floor":125.0,"key":"PreservedInsect"},{"floor":130.0,"key":"aspiration:Lifesprig"},{"floor":131.0,"key":"Replay:Towering Pillar of Hats"},{"floor":132.0,"key":"CeramicFish"},{"floor":133.0,"key":"Anchor"},{"floor":134.0,"key":"Charon\u0027s Ashes"},{"floor":135.0,"key":"trackpad:WritersBlock"},{"floor":136.0,"key":"Blue Candle"},{"floor":137.0,"key":"Darkstone Periapt"},{"floor":138.0,"key":"conspire:Dentures"},{"floor":142.0,"key":"hubris:CrystalStatue"},{"floor":145.0,"key":"Potion Belt"},{"floor":147.0,"key":"hubris:ChampionShield"},{"floor":148.0,"key":"halation:EternalFortune"},{"floor":148.0,"key":"Regal Pillow"},{"floor":149.0,"key":"hubris:MobiusCoin"},{"floor":151.0,"key":"Magic Flower"},{"floor":154,"key":"Strawberry"},{"floor":155,"key":"aspiration:StickyExplosives_weak"}],"event_choices":[{"damage_healed":0.0,"max_hp_gain":0.0,"max_hp_loss":0.0,"gold_gain":0.0,"event_name":"Golden Wing","player_choice":"Ignored","floor":3.0,"gold_loss":0.0,"damage_taken":0.0},{"damage_healed":0.0,"max_hp_gain":0.0,"max_hp_loss":0.0,"gold_gain":0.0,"event_name":"conspire:Investor","player_choice":"Leave","floor":12.0,"gold_loss":0.0,"damage_taken":0.0},{"damage_healed":0.0,"max_hp_gain":0.0,"max_hp_loss":0.0,"gold_gain":0.0,"event_name":"Purifier","player_choice":"Ignored","floor":19.0,"gold_loss":0.0,"damage_taken":0.0},{"cards_removed":["Infernal Blade"],"damage_healed":6.0,"max_hp_gain":0.0,"max_hp_loss":0.0,"gold_gain":0.0,"event_name":"Bonfire Elementals","player_choice":"Offered Uncommon","floor":20.0,"gold_loss":0.0,"damage_taken":0.0},{"damage_healed":0.0,"max_hp_gain":0.0,"max_hp_loss":0.0,"gold_gain":0.0,"event_name":"betterNote:BetterNote","player_choice":"Ignored","floor":24.0,"gold_loss":0.0,"damage_taken":0.0,"cards_obtained":["Ultimatum"]},{"damage_healed":0.0,"max_hp_gain":0.0,"max_hp_loss":0.0,"gold_gain":100.0,"event_name":"Golden Shrine","player_choice":"Pray","floor":37.0,"gold_loss":0.0,"damage_taken":0.0},{"damage_healed":0.0,"max_hp_gain":0.0,"max_hp_loss":4.0,"gold_gain":0.0,"event_name":"Winding Halls","player_choice":"Max HP","floor":49.0,"gold_loss":0.0,"damage_taken":0.0},{"damage_healed":0.0,"max_hp_gain":0.0,"max_hp_loss":0.0,"gold_gain":0.0,"event_name":"Golden Idol","player_choice":"Take Damage","floor":54.0,"gold_loss":0.0,"damage_taken":19.0,"relics_obtained":["Golden Idol"]},{"cards_removed":["Infernal Blade"],"damage_healed":0.0,"max_hp_gain":0.0,"max_hp_loss":0.0,"gold_gain":0.0,"event_name":"The Cleric","player_choice":"Card Removal","floor":62.0,"gold_loss":50.0,"damage_taken":0.0},{"damage_healed":0.0,"max_hp_gain":0.0,"max_hp_loss":0.0,"gold_gain":0.0,"event_name":"The Cleric","player_choice":"Leave","floor":62.0,"gold_loss":0.0,"damage_taken":0.0},{"damage_healed":0.0,"max_hp_gain":0.0,"max_hp_loss":0.0,"gold_gain":0.0,"event_name":"Transmorgrifier","player_choice":"Ignored","floor":71.0,"gold_loss":0.0,"damage_taken":0.0},{"damage_healed":0.0,"max_hp_gain":0.0,"max_hp_loss":0.0,"gold_gain":99.0,"event_name":"betterThird:BetterNest","player_choice":"Steal","floor":81.0,"gold_loss":0.0,"damage_taken":0.0},{"damage_healed":0.0,"max_hp_gain":0.0,"max_hp_loss":0.0,"gold_gain":0.0,"event_name":"Tomb of Lord Red Mask","player_choice":"Ignored","floor":93.0,"gold_loss":0.0,"damage_taken":0.0},{"damage_healed":0.0,"max_hp_gain":0.0,"max_hp_loss":0.0,"gold_gain":0.0,"event_name":"The Moai Head","player_choice":"Ignored","floor":95.0,"gold_loss":0.0,"damage_taken":0.0},{"damage_healed":0.0,"max_hp_gain":0.0,"max_hp_loss":0.0,"gold_gain":79.0,"event_name":"Golden Wing","player_choice":"Gained Gold","floor":109.0,"gold_loss":0.0,"damage_taken":0.0},{"damage_healed":0.0,"max_hp_gain":5.0,"max_hp_loss":0.0,"gold_gain":0.0,"event_name":"Big Fish","player_choice":"Donut","floor":120.0,"gold_loss":0.0,"damage_taken":0.0},{"damage_healed":0.0,"max_hp_gain":0.0,"max_hp_loss":0.0,"gold_gain":0.0,"event_name":"The Mausoleum","player_choice":"Ignored","floor":127.0,"gold_loss":0.0,"damage_taken":0.0},{"damage_healed":0.0,"max_hp_gain":0.0,"max_hp_loss":0.0,"gold_gain":0.0,"event_name":"Ghosts","player_choice":"Ignored","floor":128.0,"gold_loss":0.0,"damage_taken":0.0},{"damage_healed":0.0,"max_hp_gain":0.0,"max_hp_loss":0.0,"gold_gain":0.0,"event_name":"WeMeetAgain","player_choice":"Paid Gold","floor":144.0,"gold_loss":94.0,"damage_taken":0.0,"relics_obtained":["Replay:Kaleidoscope"]}],"is_beta":false,"boss_relics":[{"not_picked":["energizedSpire:EnergizedDie","hubris:BlackHole"],"picked":"infinitespire:Burning Sword"},{"not_picked":["aspiration:ServantSkillbook","energizedSpire:HugeHouse"],"picked":"hubris:TerracottaHorce"},{"not_picked":["Kintsugi","Runic Pyramid","Cursed Key"]},{"not_picked":["aspiration:PoetsPen_weak","Replay:Drink Me","Runic Cube"],"picked":"energizedSpire:MagnifyingGlass"},{"not_picked":["conspire:SlowCooker","halation:ForbiddenBikini","Runic Dome"],"picked":"Replay:Grab Bag"},{"not_picked":["halation:SmartPhone","energizedSpire:EnergizedDie","halation:PinkAlligatorPlush"],"picked":"Abe\u0027s Treasure"},{"not_picked":["trackpad:Trackpad","trackpad:Coffee","Astrolabe"],"picked":"Ooze Armor"},{"not_picked":["aspiration:SecretTechniqueScroll","hubris:ScarierMask","energizedSpire:OgreHead"],"picked":"trackpad:DemonHeart"},{"not_picked":["hubris:GrandSneckoEye","hubris:HollowSoul","energizedSpire:DecayingSkull"],"picked":"Runic Pyramid"},{"not_picked":["SlaversCollar","Calling Bell","Replay:Ancient Bell"],"picked":"energizedSpire:NeverEndingSparkler"},{"not_picked":["Ring of Chaos","reliquary:RedCape","Empty Cage"],"picked":"energizedSpire:DecayingSkull"}],"items_purged_floors":[72,78,102],"is_endless":true,"potions_floor_spawned":[10,11,13,16,25,29,33,46,50,55,61,74,80,89,96,97,98,113,114,118,123,130,134,136,138,140,142,145,147,149,155],"killed_by":"infinitespire:LordOfFortification","ascension_level":0}}