{"host":"jlz4is0nf6zo9oab","time":1613762036,"event":{"mods":["AchievementEnabler","BaseMod","Colored Map","Colored Powertips","Highlight Path","Minty Spire (QoL Compilation)","StSLib"],"gold_per_floor":[111,111,111,111,131,131,161,178,178,109,109,121,138,70,70,143,143,161,0,0,16,32,60,60,60,83,93,93,106,106,116,116,195,195,215,63,78,78,93,93,104,104,104,104,104,124,136,150,150,150,150],"floor_reached":50,"language":"SPA","playtime":1542,"items_purged":[],"score":810,"play_id":"6f340e8e-5196-4b01-84a5-0786813abace","local_time":"20210219201356","is_ascension_mode":true,"campfire_choices":[{"data":"Bash","floor":6,"key":"SMITH"},{"data":"Inflame","floor":11,"key":"SMITH"},{"floor":15,"key":"REST"},{"floor":24,"key":"REST"},{"floor":28,"key":"REST"},{"floor":30,"key":"REST"},{"data":"Pummel","floor":32,"key":"SMITH"},{"floor":40,"key":"REST"},{"floor":42,"key":"REST"},{"floor":45,"key":"REST"},{"floor":49,"key":"REST"}],"circlet_count":0,"master_deck":["AscendersBane","Strike_R","Strike_R","Strike_R","Defend_R","Defend_R","Defend_R","Defend_R","Bash+1","Pummel+1","Inflame+1","Inflame","Inflame","Spot Weakness","Shrug It Off","Cleave+1","Demon Form","Uppercut+1"],"relics":["Burning Blood","NeowsBlessing","Paper Frog","CultistMask","Anchor","Tiny Chest","Velvet Choker","HornCleat","Matryoshka","Akabeko","Red Skull","Runic Cube","Omamori","Bag of Preparation","Letter Opener"],"acts_visited":["Exordium","TheCity","TheBeyond"],"potions_floor_usage":[13,16,16,21,22,31,33,39,50,50],"damage_taken":[{"damage":0,"enemies":"Cultist","floor":1,"turns":1},{"damage":0,"enemies":"2 Louse","floor":5,"turns":1},{"damage":0,"enemies":"Lagavulin","floor":7,"turns":1},{"damage":4,"enemies":"Jaw Worm","floor":8,"turns":6},{"damage":7,"enemies":"Red Slaver","floor":12,"turns":4},{"damage":16,"enemies":"Lots of Slimes","floor":13,"turns":4},{"damage":55,"enemies":"The Guardian","floor":16,"turns":10},{"damage":15,"enemies":"3 Byrds","floor":18,"turns":6},{"damage":19,"enemies":"2 Thieves","floor":21,"turns":4},{"damage":20,"enemies":"Centurion and Healer","floor":22,"turns":7},{"damage":19,"enemies":"Book of Stabbing","floor":23,"turns":3},{"damage":25,"enemies":"Cultist and Chosen","floor":27,"turns":5},{"damage":24,"enemies":"Snecko","floor":29,"turns":5},{"damage":7,"enemies":"Snake Plant","floor":31,"turns":3},{"damage":50,"enemies":"Collector","floor":33,"turns":7},{"damage":16,"enemies":"3 Shapes","floor":35,"turns":8},{"damage":26,"enemies":"3 Darklings","floor":37,"turns":3},{"damage":38,"enemies":"Jaw Worm Horde","floor":39,"turns":5},{"damage":16,"enemies":"Transient","floor":41,"turns":5},{"damage":26,"enemies":"Maw","floor":46,"turns":5},{"damage":31,"enemies":"Jaw Worm Horde","floor":47,"turns":5},{"damage":0,"enemies":"Transient","floor":48,"turns":5},{"damage":63,"enemies":"Awakened One","floor":50,"turns":4}],"seed_played":"-3688028569001964109","potions_obtained":[{"floor":7,"key":"PowerPotion"},{"floor":12,"key":"BloodPotion"},{"floor":13,"key":"Weak Potion"},{"floor":18,"key":"SkillPotion"},{"floor":21,"key":"PowerPotion"},{"floor":27,"key":"ColorlessPotion"},{"floor":31,"key":"DistilledChaos"},{"floor":37,"key":"Regen Potion"},{"floor":47,"key":"DuplicationPotion"},{"floor":48,"key":"Energy Potion"}],"is_trial":false,"path_per_floor":["M","?","?","?","M","R","E","M","T","$","R","M","M","$","R","B",null,"M","?","?","M","M","E","R","T","T","M","R","M","R","M","R","B",null,"M","$","M","?","M","R","M","R","T","?","R","M","M","M","R","B"],"character_chosen":"IRONCLAD","items_purchased":["Inflame","Inflame","Omamori"],"campfire_rested":8,"item_purchase_floors":[10,14,36],"current_hp_per_floor":[78,71,53,53,59,59,65,67,67,67,67,66,56,56,80,47,72,63,63,63,50,36,23,47,47,47,28,52,34,58,57,57,13,63,53,53,33,33,13,37,27,51,51,51,75,55,30,36,60,0,0],"gold":150,"neow_bonus":"THREE_ENEMY_KILL","is_daily":false,"chose_seed":false,"campfire_upgraded":3,"win_rate":0.0,"timestamp":1613762036,"path_taken":["M","?","?","?","?","R","E","M","T","$","R","M","M","?","R","BOSS","M","?","?","M","M","E","R","?","T","M","R","M","R","M","R","BOSS","M","?","M","?","M","R","M","R","T","?","R","M","M","M","R","BOSS"],"items_purchased_type":["Card","Card","Relic"],"build_version":"2020-12-22","purchased_purges":0,"victory":false,"max_hp_per_floor":[80,80,80,80,80,80,80,80,80,80,80,80,80,80,80,80,80,80,80,80,80,80,80,80,80,80,80,80,80,80,80,80,80,80,80,80,80,80,80,80,80,80,80,80,80,80,80,80,80,80,80],"card_choices":[{"not_picked":["Perfected Strike","Power Through","Infernal Blade"],"picked":"SKIP","floor":1},{"not_picked":["Pommel Strike","Clash"],"picked":"Disarm","floor":5},{"not_picked":["Entrench","Havoc","Dual Wield"],"picked":"SKIP","floor":7},{"not_picked":["Twin Strike","Perfected Strike"],"picked":"Pummel","floor":8},{"not_picked":["Body Slam","Disarm"],"picked":"Inflame","floor":12},{"not_picked":["Thunderclap","Power Through","Heavy Blade"],"picked":"SKIP","floor":13},{"not_picked":["Flame Barrier","Anger"],"picked":"Spot Weakness","floor":18},{"not_picked":["Havoc+1","Spot Weakness","Hemokinesis"],"picked":"SKIP","floor":21},{"not_picked":["Pommel Strike","Dual Wield"],"picked":"Shrug It Off","floor":22},{"not_picked":["Sword Boomerang","Rupture"],"picked":"Cleave+1","floor":23},{"not_picked":["Havoc","Sentinel","Headbutt+1"],"picked":"SKIP","floor":27},{"not_picked":["Havoc","Seeing Red","Flame Barrier+1"],"picked":"SKIP","floor":29},{"not_picked":["Reckless Charge","Wild Strike","Armaments+1"],"picked":"SKIP","floor":31},{"not_picked":["Double Tap","Barricade"],"picked":"Demon Form","floor":33},{"not_picked":["Shockwave","Sword Boomerang","Clash"],"picked":"SKIP","floor":35},{"not_picked":["Anger+1","Fire Breathing","Burning Pact"],"picked":"SKIP","floor":37},{"not_picked":["Perfected Strike","Sentinel","True Grit"],"picked":"SKIP","floor":39},{"not_picked":["Feel No Pain+1","Thunderclap","Sever Soul"],"picked":"SKIP","floor":41},{"not_picked":["Body Slam","Twin Strike"],"picked":"Uppercut+1","floor":46},{"not_picked":["Barricade","Pommel Strike","Flame Barrier"],"picked":"SKIP","floor":47},{"not_picked":["Warcry","Anger","Rupture+1"],"picked":"SKIP","floor":48}],"player_experience":978167,"relics_obtained":[{"floor":7,"key":"Anchor"},{"floor":9,"key":"Tiny Chest"},{"floor":23,"key":"HornCleat"},{"floor":25,"key":"Matryoshka"},{"floor":26,"key":"Akabeko"},{"floor":26,"key":"Red Skull"},{"floor":43,"key":"Bag of Preparation"},{"floor":43,"key":"Letter Opener"}],"event_choices":[{"cards_removed":["Strike_R"],"damage_healed":0,"gold_gain":0,"player_choice":"Card Removal","damage_taken":7,"max_hp_gain":0,"max_hp_loss":0,"event_name":"Golden Wing","floor":2,"gold_loss":0},{"damage_healed":0,"gold_gain":0,"player_choice":"Success","damage_taken":18,"relics_obtained":["Paper Frog"],"max_hp_gain":0,"max_hp_loss":0,"event_name":"Scrap Ooze","floor":3,"gold_loss":0},{"damage_healed":0,"gold_gain":0,"player_choice":"Trade","damage_taken":0,"relics_obtained":["CultistMask"],"max_hp_gain":0,"max_hp_loss":0,"event_name":"FaceTrader","floor":4,"gold_loss":0},{"damage_healed":0,"gold_gain":0,"player_choice":"Paid Fearfully","damage_taken":0,"max_hp_gain":0,"max_hp_loss":0,"event_name":"Masked Bandits","floor":19,"gold_loss":161},{"cards_removed":["Disarm"],"damage_healed":0,"gold_gain":0,"player_choice":"Purged","damage_taken":0,"max_hp_gain":0,"max_hp_loss":0,"event_name":"Purifier","floor":20,"gold_loss":0},{"damage_healed":0,"gold_gain":0,"player_choice":"Ignored","damage_taken":0,"max_hp_gain":0,"max_hp_loss":0,"event_name":"Mysterious Sphere","floor":38,"gold_loss":0},{"cards_removed":["Strike_R"],"damage_healed":0,"gold_gain":0,"player_choice":"Removed Attack","damage_taken":0,"max_hp_gain":0,"max_hp_loss":0,"event_name":"Falling","floor":44,"gold_loss":0}],"is_beta":false,"boss_relics":[{"not_picked":["Runic Pyramid","Coffee Dripper"],"picked":"Velvet Choker"},{"not_picked":["Mark of Pain","Cursed Key"],"picked":"Runic Cube"}],"items_purged_floors":[],"is_endless":false,"potions_floor_spawned":[7,12,13,18,21,27,31,37,47,48],"killed_by":"Awakened One","ascension_level":13}}