{"host":"5iakl8p52kfszi0s","time":1613773447,"event":{"mods":["AchievementEnabler","Aspiration","Bard","BaseMod","Beaked The Cultist","Better Altar","Better Match","Better Note","Better Sensory Stone","Better Skull","Better Third Choice","BetterRewards","CCEM2","Card Forge","Clawfect","Colored Map","Conspire","Downfall","GifTheSpireLib","Googly Eyes","Halation","Hermit","Highlight Path","Hubris","Hunter ??","Infinite Spire","Jedi Mod","Jorbs\u0027s Wanderer Trilogy","Mad Scientist","Marisa????????","Mimic Mod","Minty Spire (QoL Compilation)","Permanent Neow","Replay The Spire","Shade Mod","Shop Mod","Spicy Shops","Spikes Relics","StSLib","Stuff the Spire","The Administrix","The Blackbeard","The Bug Knight","The Construct","The Cursed","The Disciple","The Gatherer","The Hierophant","The IronCluck","The Jungle","The Mystic","The Necromancer","The Problem Sleuth","The Runesmith","The Servant 0.9.4","The Spell Scribe","The Witch","Unceasing Turn Reminder","UnlockEverythingMod","[IsaacMod]????","everything is the same but u backflip on backflip","slay the spire mod where everything is the same but ironclad has a cowboy hat"],"gold_per_floor":[112,135,40,57,76,106,106,137,174,174,189,189,221,240,240,337,337,357,50,62,75,75,110,110,120,144,144,144,177,177,77,77,182,182,201,251,269,286,301,334,345,360,360,373,383,383,71,99,99,199,199,204,205,205,210,214,225,225,224,224,249,251,259,84,84,84,0,0],"floor_reached":67,"language":"ENG","playtime":67903,"items_purged":["Writhe","Defend_B","Defend_B","Defend_B","jedi:locknload+1","Defend_B","Defend_B","Clawfect:ScrapingClaw"],"score":1356,"play_id":"cc97070d-373a-487a-bf45-ad1da2817c67","local_time":"20210219172407","is_ascension_mode":false,"campfire_choices":[{"floor":7,"key":"RECALL"},{"data":"Clawfect:ClawSnap","floor":12,"key":"SMITH"},{"floor":15,"key":"DIG"},{"data":"Gash","floor":24,"key":"SMITH"},{"floor":32,"key":"DIG"},{"floor":49,"key":"DIG"},{"floor":58,"key":"DIG"},{"floor":66,"key":"DIG"}],"circlet_count":0,"master_deck":["Gash+1","Gash","Gash","Gash","Gash","Clawfect:ClawLightning","Clawfect:ClawCell","Clawfect:Clawter","Clawfect:ClawSnap","Reboot","Clawfect:ClawSnap+1","Crow Ritual","Finesse","ReplayTheSpireMod:Private Reserves","hubris:Fate","Good Instincts","Redo+1","Clawfect:Clawrage","Steam","hubris:PowerSurge","Clawfect:ClawLightning+1","Clawfect:Clawrage","Gash","Clawfect:ClawSnap","Clawfect:ClawCell","Flash of Steel"],"relics":["Clawfect:DRClaw","Hammer of Thor","Seething Fire","Anvil of the Gods","HushsDoor","Chaos","Snack Pack","ToxicTincture","conspire:TreasureMap","Ginger","Unceasing Top","hubris:IronBody","hubris:CuriousFeather","CCEMRelics:StainlessSteel","Electric Blood","Shovel","SlaversCollar","BargainBundle","hubris:Towel","Replay:Ringing Soul","Strawberry","ReplayTheSpireMod:Ninjato","Replay:Mystery Machine","CCEMRelics:JestersCrown","infinitespire:SolderingIron","jedi:gremlinknob","hubris:RGBLights","CCEMRelics:OrganicArmor","Odd Mushroom","Mercury Hourglass","StuffTheSpire:GrapeVine","halation:SelfBoilingWater","hubris:SoftwareUpdate","CCEMRelics:ImbuedSpirit","CeramicFish","aspiration:BabyByrd","halation:PenCase"],"acts_visited":["Exordium","TheCity","TheBeyond","Exordium"],"potions_floor_usage":[13,16,67],"damage_taken":[{"damage":4,"enemies":"Cultist","floor":1,"turns":4},{"damage":3,"enemies":"Jaw Worm","floor":4,"turns":4},{"damage":16,"enemies":"2 Louse","floor":5,"turns":4},{"damage":7,"enemies":"Lagavulin","floor":6,"turns":6},{"damage":26,"enemies":"Gremlin Nob","floor":8,"turns":4},{"damage":2,"enemies":"Blue Slaver","floor":9,"turns":6},{"damage":3,"enemies":"Blue Slaver","floor":11,"turns":4},{"damage":14,"enemies":"3 Sentries","floor":13,"turns":7},{"damage":11,"enemies":"Exordium Thugs","floor":14,"turns":4},{"damage":0,"enemies":"Fading Forest","floor":16,"turns":10},{"damage":6,"enemies":"2 Thieves","floor":18,"turns":3},{"damage":0,"enemies":"Shell Parasite","floor":20,"turns":3},{"damage":0,"enemies":"3 Cultists","floor":21,"turns":4},{"damage":31,"enemies":"Nightmare","floor":23,"turns":5},{"damage":4,"enemies":"Shelled Parasite and Fungi","floor":25,"turns":2},{"damage":0,"enemies":"Slavers","floor":29,"turns":1},{"damage":1,"enemies":"Champ","floor":33,"turns":1},{"damage":2,"enemies":"3 Shapes","floor":35,"turns":1},{"damage":1,"enemies":"Hiden Room Battle","floor":36,"turns":1},{"damage":0,"enemies":"Orb Walker","floor":37,"turns":1},{"damage":1,"enemies":"Jaw Worm Horde","floor":38,"turns":1},{"damage":2,"enemies":"4 Shapes","floor":39,"turns":1},{"damage":1,"enemies":"HollowMod:StalkingDevout","floor":40,"turns":1},{"damage":1,"enemies":"Writhing Mass","floor":41,"turns":1},{"damage":3,"enemies":"Maw","floor":42,"turns":1},{"damage":2,"enemies":"Sphere and 2 Shapes","floor":44,"turns":1},{"damage":0,"enemies":"3 Darklings","floor":45,"turns":1},{"damage":2,"enemies":"R_Hoarder","floor":48,"turns":2},{"damage":0,"enemies":"Awakened One","floor":50,"turns":2},{"damage":0,"enemies":"2 Louse","floor":52,"turns":1},{"damage":3,"enemies":"The Mushroom Lair","floor":53,"turns":1},{"damage":0,"enemies":"Jaw Worm","floor":55,"turns":1},{"damage":0,"enemies":"Cultist","floor":56,"turns":1},{"damage":0,"enemies":"3 Sentries","floor":57,"turns":1},{"damage":0,"enemies":"Blue Slaver","floor":59,"turns":1},{"damage":0,"enemies":"Gremlin Nob","floor":61,"turns":1},{"damage":0,"enemies":"2 Fungi Beasts","floor":62,"turns":1},{"damage":0,"enemies":"Red Slaver","floor":63,"turns":1},{"damage":167,"enemies":"Delirium","floor":67,"turns":5}],"seed_played":"-4330324602281677999","potions_obtained":[{"floor":6,"key":"GamblersBrew"},{"floor":8,"key":"jedi:hoardpotion"},{"floor":13,"key":"CultistPotion"},{"floor":14,"key":"ColorlessPotion"},{"floor":16,"key":"hexamod:SoulburnPotion"},{"floor":21,"key":"Strength Potion"},{"floor":25,"key":"SpeedPotion"},{"floor":38,"key":"Swift Potion"}],"is_trial":false,"path_per_floor":["M","T","$","M","M","E","R","E","MIM","$","M","R","E","M","R_BF","B",null,"M","$","M","M","?","NM","R","M","T","AVR","?","E","?","$","R_BF","B",null,"M","?","M","M","M","E","M","M","T","M","M","$","$","E","R","B",null,"M","?","?","M","M","E","R","M","T","E","M","M","$","?","R","B"],"character_chosen":"DEFECT","items_purchased":["Clawfect:ClawLightning","Snack Pack","Crow Ritual","Finesse","hubris:CuriousFeather","ReplayTheSpireMod:Private Reserves","Good Instincts","jedi:gremlinknob","CeramicFish","Flash of Steel"],"campfire_rested":0,"item_purchase_floors":[0,3,17,17,19,19,34,47,64,64],"current_hp_per_floor":[71,71,71,72,60,59,59,37,39,39,42,42,32,25,25,55,68,66,66,68,68,68,39,39,43,43,43,43,43,43,43,43,52,71,71,65,74,77,75,80,80,81,81,86,89,57,57,61,61,75,89,89,88,63,70,72,80,80,89,89,89,96,101,104,104,104,0,0],"gold":0,"neow_bonus":"","is_daily":false,"chose_seed":false,"campfire_upgraded":2,"win_rate":0.0,"timestamp":1613773447,"path_taken":["M","?","?","M","?","E","R","E","MIM","?","M","R","E","M","R_BF","BOSS","M","$","M","M","?","NM","R","M","T","AVR","?","E","?","$","R_BF","BOSS","M","?","?","M","M","E","M","?","T","M","M","?","$","E","R","BOSS","M","?","?","?","M","E","R","M","T","E","M","?","?","?","R","BOSS"],"items_purchased_type":["Card","Relic","Card","Card","Relic","Card","Card","Relic","Relic","Card"],"build_version":"2020-12-22","purchased_purges":8,"victory":false,"max_hp_per_floor":[75,75,75,75,75,75,75,75,75,75,75,75,75,75,75,75,68,68,68,68,68,68,68,68,68,68,68,68,68,68,68,68,68,71,71,71,74,77,77,80,80,83,83,86,89,89,89,89,89,89,89,89,89,89,92,92,92,92,95,95,95,98,101,104,104,104,104,104],"card_choices":[{"not_picked":[],"picked":"Bomb","floor":0},{"not_picked":["Time Bomb","Loop"],"picked":"Clawfect:ClawCell","floor":1},{"not_picked":["Rebound","Cancel"],"picked":"Clawfect:Clawter","floor":4},{"not_picked":["Clawfect:ClawCell","Hologram"],"picked":"Clawfect:ClawSnap","floor":5},{"not_picked":["jedi:BurstFrost","Clawfect:Clawline"],"picked":"Reboot","floor":6},{"not_picked":["Steam","Heatsinks"],"picked":"Clawfect:ClawSnap","floor":8},{"not_picked":["jedi:BurstLightning","ReplayTheSpireMod:Calculation Training","Rebound"],"picked":"SKIP","floor":11},{"not_picked":["Buffer","Clawfect:Clawter","Gash"],"picked":"SKIP","floor":13},{"not_picked":["Turbo","Rebound","ReplayGash"],"picked":"SKIP","floor":14},{"not_picked":["Sunder+1","StuffTheSpire:Synthwave","Redo"],"picked":"SKIP","floor":18},{"not_picked":["Auto Shields","jedi:markofdeath","Clawfect:Clawline"],"picked":"SKIP","floor":20},{"not_picked":["FTL","Coolheaded"],"picked":"Clawfect:ScrapingClaw","floor":21},{"not_picked":["DiskWipe","Genetic Algorithm","StuffTheSpire:LoadUp"],"picked":"SKIP","floor":23},{"not_picked":["Skim","Clawfect:Clawline","Rebound"],"picked":"SKIP","floor":25},{"not_picked":["Pulse","conspire:SharedLibrary","White Noise"],"picked":"SKIP","floor":29},{"not_picked":["ReplayTheSpireMod:Repulse+1","Distribution+1","Panic Button+1"],"picked":"SKIP","floor":35},{"not_picked":["jedi:BurstFrost","Clawfect:ClawingBeam+1"],"picked":"Redo+1","floor":37},{"not_picked":["Clawfect:ClawingBeam","jedi:BurstLightning+1"],"picked":"Clawfect:Clawrage","floor":38},{"not_picked":["BasicCrystalCard","Thunder Strike","Steam"],"picked":"SKIP","floor":39},{"not_picked":["StuffTheSpire:Plugnplay+1","ReplaySolidLightProjector+1"],"picked":"jedi:locknload+1","floor":40},{"not_picked":["Tempest+1","Machine Learning","Reprogram+1"],"picked":"SKIP","floor":41},{"not_picked":["Redo","Clawfect:ClawCell"],"picked":"Steam","floor":42},{"not_picked":["Fusion+1","Clawfect:ScrapingClaw"],"picked":"hubris:PowerSurge","floor":44},{"not_picked":["Stack","Turbo+1"],"picked":"Clawfect:ClawLightning+1","floor":45},{"not_picked":["Skim+1","Leap","Coolheaded+1"],"picked":"SKIP","floor":48},{"not_picked":["jedi:BurstLightning","Coolheaded","Steam"],"picked":"SKIP","floor":52},{"not_picked":["Clawfect:ClawCell","Panic Button"],"picked":"Clawfect:Clawrage","floor":55},{"not_picked":["StuffTheSpire:Synthwave","Multi-Cast","Gash"],"picked":"SKIP","floor":56},{"not_picked":["Self Repair","aspiration:Polymerization","Clawfect:ScrapingClaw"],"picked":"SKIP","floor":57},{"not_picked":["Stack","Coolheaded"],"picked":"Gash","floor":59},{"not_picked":["jedi:darknesscall","StuffTheSpire:SnapShoot","Glacier"],"picked":"SKIP","floor":61},{"not_picked":["Time Bomb","FTL"],"picked":"Clawfect:ClawSnap","floor":62},{"not_picked":["Clawfect:ClawpileDriver","Skim"],"picked":"Clawfect:ClawCell","floor":63}],"player_experience":279530,"relics_obtained":[{"floor":6,"key":"ToxicTincture"},{"floor":9,"key":"conspire:TreasureMap"},{"floor":13,"key":"Ginger"},{"floor":15,"key":"Unceasing Top"},{"floor":23,"key":"Electric Blood"},{"floor":26,"key":"Shovel"},{"floor":29,"key":"BargainBundle"},{"floor":32,"key":"Replay:Ringing Soul"},{"floor":36,"key":"ReplayTheSpireMod:Ninjato"},{"floor":36,"key":"Replay:Mystery Machine"},{"floor":40,"key":"CCEMRelics:JestersCrown"},{"floor":43,"key":"infinitespire:SolderingIron"},{"floor":49,"key":"hubris:RGBLights"},{"floor":53,"key":"Odd Mushroom"},{"floor":57,"key":"StuffTheSpire:GrapeVine"},{"floor":58,"key":"halation:SelfBoilingWater"},{"floor":60,"key":"hubris:SoftwareUpdate"},{"floor":61,"key":"CCEMRelics:ImbuedSpirit"},{"floor":66,"key":"halation:PenCase"}],"event_choices":[{"damage_healed":0,"gold_gain":0,"player_choice":"Gave Potion","damage_taken":0,"relics_obtained":["CCEMRelics:StainlessSteel"],"max_hp_gain":0,"max_hp_loss":0,"event_name":"WeMeetAgain","floor":22,"gold_loss":0},{"cards_removed":["Clawfect:ScrapingClaw"],"damage_healed":0,"gold_gain":0,"player_choice":"Give","damage_taken":0,"max_hp_gain":0,"max_hp_loss":0,"event_name":"betterNote:BetterNote","floor":28,"gold_loss":0,"cards_obtained":["Strike_R"]},{"damage_healed":0,"gold_gain":0,"player_choice":"Fight","damage_taken":0,"max_hp_gain":0,"max_hp_loss":0,"event_name":"HidenRoomEvent","floor":36,"gold_loss":0},{"damage_healed":0,"gold_gain":0,"player_choice":"Fought Mushrooms","damage_taken":0,"max_hp_gain":0,"max_hp_loss":0,"event_name":"Mushrooms","floor":53,"gold_loss":0},{"damage_healed":0,"gold_gain":0,"player_choice":"Relic ","damage_taken":25,"max_hp_gain":0,"max_hp_loss":0,"event_name":"betterThird:BetterScrap","floor":54,"gold_loss":0,"cards_obtained":["jedi:poisonivy"]}],"is_beta":false,"boss_relics":[{"not_picked":["WingedGreaves","Darkstone Periapt"],"picked":"hubris:IronBody"},{"not_picked":[]},{"not_picked":["TheBattery","halation:Prosthetics"],"picked":"Strawberry"},{"not_picked":[]},{"not_picked":["Abe\u0027s Treasure","jedi:battlestandard"],"picked":"CCEMRelics:OrganicArmor"},{"not_picked":[]}],"items_purged_floors":[19,27,31,34,46,46,46,46],"is_endless":true,"potions_floor_spawned":[6,8,13,14,16,18,21,25,38,40,41,44,48,50,52,55,56,59,62,63],"killed_by":"Delirium","ascension_level":0}}