{"host":"cfv8orgc8997ql4r","time":1613764367,"event":{"mods":["AchievementEnabler","BaseMod","DeckTracker","Keyboard Shortcuts","Minty Spire (QoL Compilation)"],"gold_per_floor":[119,119,119,44,44,119,144,162,162,10,26,36,36,51,51,51,51],"floor_reached":16,"language":"KOR","playtime":289,"items_purged":["Strike_G"],"score":169,"play_id":"fdd0af59-6ae5-4609-88af-f959ce756bf7","local_time":"20210220045247","is_ascension_mode":true,"campfire_choices":[{"data":"Envenom","floor":13,"key":"SMITH"},{"data":"Cloak And Dagger","floor":15,"key":"SMITH"}],"circlet_count":0,"master_deck":["Strike_G","Strike_G","Strike_G","Strike_G","Defend_G","Defend_G","Defend_G","Defend_G","Defend_G","Survivor","Neutralize","Blade Dance+1","Envenom+1","Dagger Spray","Cloak And Dagger+1"],"relics":["Ring of the Snake","NeowsBlessing","Art of War","Bag of Marbles","Blue Candle","Nunchaku"],"acts_visited":["Exordium"],"potions_floor_usage":[],"damage_taken":[{"damage":0,"enemies":"Cultist","floor":1,"turns":1},{"damage":0,"enemies":"3 Sentries","floor":7,"turns":2},{"damage":0,"enemies":"Jaw Worm","floor":8,"turns":1},{"damage":2,"enemies":"Small Slimes","floor":11,"turns":3},{"damage":0,"enemies":"Looter","floor":12,"turns":2},{"damage":3,"enemies":"Large Slime","floor":14,"turns":4},{"damage":36,"enemies":"Slime Boss","floor":16,"turns":7}],"seed_played":"7848122943011181912","potions_obtained":[{"floor":7,"key":"SteroidPotion"},{"floor":12,"key":"Energy Potion"}],"is_trial":false,"path_per_floor":["M","?","?","$","?","?","E","M","T","$","M","M","R","M","R","B"],"character_chosen":"THE_SILENT","items_purchased":["Nunchaku"],"campfire_rested":0,"item_purchase_floors":[10],"current_hp_per_floor":[63,63,68,68,50,39,39,39,39,39,37,37,37,34,34,0,0],"gold":51,"neow_bonus":"THREE_ENEMY_KILL","is_daily":false,"chose_seed":false,"campfire_upgraded":2,"win_rate":0.0,"timestamp":1613764367,"path_taken":["M","?","?","$","?","?","E","M","T","$","M","M","R","M","R","BOSS"],"items_purchased_type":["Relic"],"build_version":"2020-12-22","purchased_purges":1,"victory":false,"max_hp_per_floor":[70,70,75,75,75,75,75,75,75,75,75,75,75,75,75,75,75],"card_choices":[{"not_picked":["Backflip","Infinite Blades"],"picked":"Blade Dance","floor":1},{"not_picked":["Dagger Spray","Heel Hook"],"picked":"Envenom","floor":7},{"not_picked":["Bouncing Flask","Bane","Concentrate"],"picked":"SKIP","floor":8},{"not_picked":["Deadly Poison","Deflect"],"picked":"Dagger Spray","floor":11},{"not_picked":["PiercingWail","Skewer","Underhanded Strike"],"picked":"SKIP","floor":12},{"not_picked":["Sucker Punch","After Image"],"picked":"Cloak And Dagger","floor":14}],"player_experience":201951,"relics_obtained":[{"floor":7,"key":"Bag of Marbles"},{"floor":9,"key":"Blue Candle"}],"event_choices":[{"damage_healed":0,"gold_gain":0,"player_choice":"Grow","damage_taken":0,"max_hp_gain":0,"max_hp_loss":0,"event_name":"Living Wall","floor":2,"gold_loss":0,"cards_upgraded":["Blade Dance"]},{"damage_healed":0,"gold_gain":0,"player_choice":"Donut","damage_taken":0,"max_hp_gain":5,"max_hp_loss":0,"event_name":"Big Fish","floor":3,"gold_loss":0},{"damage_healed":0,"gold_gain":0,"player_choice":"Success","damage_taken":18,"relics_obtained":["Art of War"],"max_hp_gain":0,"max_hp_loss":0,"event_name":"Scrap Ooze","floor":5,"gold_loss":0},{"damage_healed":0,"gold_gain":75,"player_choice":"Gather Gold","damage_taken":11,"max_hp_gain":0,"max_hp_loss":0,"event_name":"World of Goop","floor":6,"gold_loss":0}],"is_beta":false,"boss_relics":[],"items_purged_floors":[4],"is_endless":false,"potions_floor_spawned":[7,12],"killed_by":"Slime Boss","ascension_level":7}}