{"host":"bvc3bp2iol2n355r","time":1613719965,"event":{"mods":["AchievementEnabler","BaseMod","Dark Map","Downfall","Minty Spire (QoL Compilation)","Relic Stats","StSLib"],"gold_per_floor":[115,190,210,385,60,60,85,101,148,164,183,200,200,216,216,311,311,328,36,56,73,86,119,119,119,119],"floor_reached":25,"language":"ENG","playtime":1471,"items_purged":["Doubt","Strike_G"],"score":318,"play_id":"d1c70fc5-e253-486d-bc7f-d163a0c95c0b","local_time":"20210219023245","is_ascension_mode":true,"campfire_choices":[{"data":"Neutralize","floor":6,"key":"SMITH"},{"floor":13,"key":"REST"},{"data":"Doppelganger","floor":15,"key":"SMITH"},{"data":"Cloak And Dagger","floor":24,"key":"SMITH"}],"circlet_count":0,"master_deck":["Strike_G","Strike_G","Strike_G","Strike_G","Defend_G","Defend_G","Defend_G","Defend_G","Defend_G","Survivor","Neutralize+1","Flying Knee","Quick Slash","Predator","PiercingWail","Well Laid Plans","Dodge and Roll","Doppelganger+1","Adrenaline","Noxious Fumes","Cloak And Dagger+1","All Out Attack+1","Dagger Throw"],"relics":["Ring of the Snake","Kunai","Oddly Smooth Stone","Regal Pillow","Coffee Dripper","Letter Opener"],"acts_visited":["Exordium","TheCity"],"potions_floor_usage":[12,16,18,22,23,23],"damage_taken":[{"damage":4,"enemies":"Jaw Worm","floor":1,"turns":4},{"damage":0,"enemies":"Cultist","floor":3,"turns":4},{"damage":30,"enemies":"Lagavulin","floor":7,"turns":8},{"damage":0,"enemies":"Small Slimes","floor":8,"turns":3},{"damage":7,"enemies":"Blue Slaver","floor":10,"turns":3},{"damage":0,"enemies":"2 Fungi Beasts","floor":11,"turns":3},{"damage":0,"enemies":"Gremlin Gang","floor":12,"turns":3},{"damage":3,"enemies":"3 Louse","floor":14,"turns":4},{"damage":32,"enemies":"Hexaghost","floor":16,"turns":16},{"damage":12,"enemies":"2 Thieves","floor":18,"turns":4},{"damage":0,"enemies":"Chosen","floor":20,"turns":6},{"damage":12,"enemies":"Snake Plant","floor":21,"turns":7},{"damage":18,"enemies":"3 Cultists","floor":22,"turns":7},{"damage":9,"enemies":"Gremlin Leader","floor":23,"turns":9},{"damage":27,"enemies":"Slavers","floor":25,"turns":5}],"seed_played":"-5015293454286244828","potions_obtained":[{"floor":3,"key":"Explosive Potion"},{"floor":7,"key":"Fire Potion"},{"floor":16,"key":"CunningPotion"},{"floor":20,"key":"Swift Potion"},{"floor":21,"key":"AttackPotion"}],"is_trial":false,"path_per_floor":["M","?","M","?","$","R","E","M","T","M","M","M","R","M","R","B",null,"M","$","M","M","M","E","R","E"],"character_chosen":"THE_SILENT","items_purchased":["Kunai","Noxious Fumes","Regen Potion","Strength Potion"],"campfire_rested":1,"item_purchase_floors":[5,19,19,19],"current_hp_per_floor":[66,55,55,55,55,55,25,25,25,18,18,18,56,53,53,21,63,51,51,51,39,36,27,27,0,0],"gold":119,"neow_bonus":"TEN_PERCENT_HP_BONUS","is_daily":false,"chose_seed":false,"campfire_upgraded":3,"win_rate":0.0,"timestamp":1613719965,"path_taken":["M","?","M","?","$","R","E","M","T","M","M","M","R","M","R","BOSS","M","$","M","M","M","E","R","E"],"items_purchased_type":["Relic","Card","Potion","Potion"],"build_version":"2020-12-22","purchased_purges":2,"victory":false,"max_hp_per_floor":[77,77,77,77,77,77,77,77,77,77,77,77,77,77,77,77,77,77,77,77,77,77,77,77,77,77],"relic_stats":{"Regal Pillow":15,"counters":[15,86],"Kunai":[42],"Letter Opener":[20],"obtain_stats":[{"Regal Pillow":9,"Oddly Smooth Stone":7,"Coffee Dripper":17,"Kunai":5,"Letter Opener":23,"Ring of the Snake":0},{"Regal Pillow":4,"Oddly Smooth Stone":3,"Coffee Dripper":9,"Kunai":2,"Letter Opener":14,"Ring of the Snake":0},{"Regal Pillow":19,"Oddly Smooth Stone":16,"Coffee Dripper":48,"Kunai":8,"Letter Opener":81,"Ring of the Snake":0}],"Ring of the Snake":[30]},"card_choices":[{"not_picked":["Deflect","Cloak And Dagger"],"picked":"Flying Knee","floor":1},{"not_picked":["Backflip","Concentrate"],"picked":"Quick Slash","floor":3},{"not_picked":["Prepared","Flying Knee","Concentrate"],"picked":"SKIP","floor":7},{"not_picked":["Dodge and Roll","Quick Slash"],"picked":"Predator","floor":8},{"not_picked":["Dagger Spray","Expertise"],"picked":"PiercingWail","floor":10},{"not_picked":["Acrobatics","Poisoned Stab"],"picked":"Well Laid Plans","floor":11},{"not_picked":["Dagger Spray","Slice"],"picked":"Dodge and Roll","floor":12},{"not_picked":["Prepared","All Out Attack"],"picked":"Doppelganger","floor":14},{"not_picked":["Tools of the Trade","After Image"],"picked":"Adrenaline","floor":16},{"not_picked":["Outmaneuver","Underhanded Strike","Setup"],"picked":"SKIP","floor":18},{"not_picked":["Dagger Spray","Sucker Punch"],"picked":"Cloak And Dagger","floor":20},{"not_picked":["Deadly Poison+1","Grand Finale","Masterful Stab+1"],"picked":"SKIP","floor":21},{"not_picked":["Prepared","Dagger Spray"],"picked":"All Out Attack+1","floor":22},{"not_picked":["Well Laid Plans","Catalyst"],"picked":"Dagger Throw","floor":23}],"player_experience":598949,"relics_obtained":[{"floor":7,"key":"Oddly Smooth Stone"},{"floor":9,"key":"Regal Pillow"},{"floor":23,"key":"Letter Opener"}],"event_choices":[{"damage_healed":0,"gold_gain":75,"player_choice":"Gather Gold","damage_taken":11,"max_hp_gain":0,"max_hp_loss":0,"event_name":"World of Goop","floor":2,"gold_loss":0},{"damage_healed":0,"gold_gain":175,"player_choice":"AGREE","damage_taken":0,"max_hp_gain":0,"max_hp_loss":0,"event_name":"Liars Game","floor":4,"gold_loss":0,"cards_obtained":["Doubt"]}],"is_beta":false,"boss_relics":[{"not_picked":["Velvet Choker","Fusion Hammer"],"picked":"Coffee Dripper"}],"items_purged_floors":[5,19],"is_endless":false,"potions_floor_spawned":[3,7,16,20,21],"killed_by":"Slavers","ascension_level":8}}