{"host":"sxnl403xm2xmiyj1","time":1613761455,"event":{"mods":["BaseMod","Colored Map","Keyboard Shortcuts","Koishi","Minty Spire (QoL Compilation)","Quick Restart","StSLib","SuperFastMode"],"gold_per_floor":[114,39,52,52,62,96,16,16,16],"floor_reached":8,"language":"KOR","playtime":139,"items_purged":["Normality"],"score":104,"play_id":"72dda259-bb59-4ef2-912b-344d256f2b07","local_time":"20210220040415","is_ascension_mode":true,"campfire_choices":[],"circlet_count":0,"master_deck":["AscendersBane","Koishi:BasicStrike","Koishi:BasicStrike","Koishi:BasicStrike","Koishi:BasicStrike","Koishi:BasicDefend","Koishi:BasicDefend","Koishi:BasicDefend","Koishi:BasicDefend","Koishi:Provoke","Koishi:HauntingSlash","Panache","Koishi:ParalyzingFear","Koishi:RacingHeart","Koishi:SilentAndRestless"],"relics":["Koishi:ImaginaryFriend","Boot","InkBottle"],"acts_visited":["Exordium"],"potions_floor_usage":[],"damage_taken":[{"damage":11.0,"enemies":"Jaw Worm","floor":1.0,"turns":5.0},{"damage":7.0,"enemies":"Small Slimes","floor":3.0,"turns":4.0},{"damage":5.0,"enemies":"2 Louse","floor":5.0,"turns":3.0},{"damage":9.0,"enemies":"Lagavulin","floor":6.0,"turns":8.0},{"damage":0,"enemies":"Gremlin Nob","floor":8,"turns":2}],"seed_played":"-1753783743565945618","potions_obtained":[{"floor":1.0,"key":"DistilledChaos"},{"floor":5.0,"key":"SteroidPotion"}],"is_trial":false,"path_per_floor":["M","$","M","?","M","E","$","E"],"character_chosen":"KOISHI","items_purchased":["Koishi:SilentAndRestless"],"campfire_rested":0,"item_purchase_floors":[7],"current_hp_per_floor":[43,43,37,19,15,16,16,16,16],"gold":16,"neow_bonus":"RANDOM_COLORLESS_2","is_daily":false,"chose_seed":false,"campfire_upgraded":0,"win_rate":0.0,"timestamp":1613761455,"path_taken":["M","$","M","?","M","E","$","E"],"items_purchased_type":["Card"],"build_version":"2020-12-22","purchased_purges":1,"victory":false,"max_hp_per_floor":[57,57,57,57,57,57,57,57,57],"card_choices":[{"not_picked":["Violence","Secret Weapon"],"picked":"Panache","floor":0.0},{"not_picked":["Koishi:UnconsciousUrges","Koishi:GeneticsOfTheUnconscious"],"picked":"Koishi:ParalyzingFear","floor":1.0},{"not_picked":["Koishi:ReflexRadar","Koishi:CatchAndRose","Koishi:HeartfeltFancy"],"picked":"SKIP","floor":3.0},{"not_picked":["Koishi:HeartfeltFancy","Koishi:FourthEye"],"picked":"Koishi:RacingHeart","floor":5.0},{"not_picked":["Koishi:ReflexRadar","Koishi:ReleaseOfTheId","Koishi:Bloodlust"],"picked":"SKIP","floor":6.0}],"player_experience":277805,"relics_obtained":[{"floor":6.0,"key":"InkBottle"}],"event_choices":[{"damage_healed":0.0,"max_hp_gain":0.0,"max_hp_loss":0.0,"gold_gain":0.0,"event_name":"Scrap Ooze","player_choice":"Success","floor":4.0,"gold_loss":0.0,"damage_taken":18.0,"relics_obtained":["Boot"]}],"is_beta":false,"boss_relics":[],"items_purged_floors":[2],"is_endless":false,"potions_floor_spawned":[1,5],"killed_by":"Gremlin Nob","ascension_level":17}}