{"host":"uhnh33uh34qot0et","time":1613770212,"event":{"mods":["Act Like it!","BaseMod","Colored Map","Downfall","GungeonMod","Hallownest","Hermit","Marisa????????","Minty Spire (QoL Compilation)","Relic Stats","Replay The Spire","Ruina","StSLib","The Bug Knight","The Construct","The Cursed","The Hierophant","The Marked","The Servant 0.9.4"],"gold_per_floor":[99,111,62,162,173,192,192,192,367,378,378,378,397,416,429,429,429],"floor_reached":16,"language":"ENG","playtime":643,"items_purged":[],"score":96,"play_id":"31690507-4147-445e-bcc3-ea237798c39c","local_time":"20210219223012","is_ascension_mode":false,"campfire_choices":[{"floor":1,"key":"DIG"},{"floor":11,"key":"REST"}],"circlet_count":0,"master_deck":["hierophant:Strike_Hierophant","hierophant:Strike_Hierophant","hierophant:Strike_Hierophant","hierophant:Strike_Hierophant","hierophant:Punish","hierophant:Defend_Hierophant","hierophant:Defend_Hierophant","hierophant:Defend_Hierophant","hierophant:Defend_Hierophant","hierophant:ChurchCoffers","hierophant:Chorus","hierophant:PassingBell","hierophant:HammerAndAnvil+1","hierophant:ThreeLashes","hierophant:ThreeLashes","hierophant:FieryStrike","Doubt","hierophant:SealAway","hierophant:DisplayOfPower","hierophant:SealAway"],"relics":["hierophant:PropheticMaskRelic","DemoMod:ResourcefulSack","Replay:Mystery Machine"],"acts_visited":["Exordium"],"potions_floor_usage":[15,16,16],"damage_taken":[{"damage":12,"enemies":"Jaw Worm","floor":2,"turns":6},{"damage":0,"enemies":"downfall:FleeingMerchant","floor":3,"turns":4},{"damage":0,"enemies":"2 Louse","floor":5,"turns":2},{"damage":0,"enemies":"Cultist","floor":6,"turns":3},{"damage":15,"enemies":"Exordium Wildlife","floor":8,"turns":2},{"damage":11,"enemies":"Exordium Thugs","floor":10,"turns":3},{"damage":10,"enemies":"downfall:LooterAlt","floor":13,"turns":2},{"damage":1,"enemies":"Large Slime","floor":14,"turns":4},{"damage":1,"enemies":"Blue Slaver","floor":15,"turns":2},{"damage":63,"enemies":"WA_ARCHETYPE_RETAIN","floor":16,"turns":6}],"seed_played":"-9037190104973173273","potions_obtained":[{"floor":5,"key":"hexamod:SoulburnPotion"},{"floor":8,"key":"LiquidBronze"},{"floor":13,"key":"DemoMod:LeadSkinPotion"}],"is_trial":false,"path_per_floor":["R_BF","M","$","?","M","M","T","M","?","M","R","?","M","M","M","B"],"character_chosen":"HIEROPHANT","items_purchased":["hierophant:HammerAndAnvil+1"],"campfire_rested":1,"item_purchase_floors":[3],"current_hp_per_floor":[82,70,70,70,70,70,70,55,55,44,68,68,58,57,56,0,0],"gold":429,"neow_bonus":"TEN_PERCENT_HP_BONUS","is_daily":false,"chose_seed":false,"campfire_upgraded":0,"win_rate":0.0,"timestamp":1613770212,"path_taken":["R_BF","M","$","?","M","M","T","M","?","M","R","?","?","M","M","BOSS"],"items_purchased_type":["Card"],"build_version":"2020-12-22","purchased_purges":0,"victory":false,"max_hp_per_floor":[82,82,82,82,82,82,82,82,82,82,82,82,82,82,82,82,82],"relic_stats":{"counters":[10,34],"obtain_stats":[{"hierophant:PropheticMaskRelic":0,"DemoMod:GlassGuonStoneRelic":3,"DemoMod:ResourcefulSack":1,"Replay:Mystery Machine":7},{"hierophant:PropheticMaskRelic":0,"DemoMod:GlassGuonStoneRelic":2,"DemoMod:ResourcefulSack":0,"Replay:Mystery Machine":4},{"hierophant:PropheticMaskRelic":0,"DemoMod:GlassGuonStoneRelic":10,"DemoMod:ResourcefulSack":0,"Replay:Mystery Machine":15}]},"card_choices":[{"not_picked":["hierophant:Purify","hierophant:Remorse"],"picked":"hierophant:Chorus","floor":2},{"not_picked":["hierophant:Cornucopia","hierophant:DisplayOfPower"],"picked":"hierophant:PassingBell","floor":3},{"not_picked":["hierophant:Smite","hierophant:Sermon"],"picked":"hierophant:ThreeLashes","floor":5},{"not_picked":["hierophant:Charity","hierophant:HammerAndAnvil"],"picked":"hierophant:ThreeLashes","floor":6},{"not_picked":["hierophant:DisplayOfPower","hierophant:Rebuild"],"picked":"hierophant:FieryStrike","floor":8},{"not_picked":["hierophant:HolyVerse","hierophant:FieryStrike"],"picked":"hierophant:SealAway","floor":10},{"not_picked":["hierophant:AuricShield","hierophant:RustyCrate"],"picked":"hierophant:DisplayOfPower","floor":13},{"not_picked":["hierophant:BulkyChest","hierophant:Alms","hierophant:RustyCrate"],"picked":"SKIP","floor":14},{"not_picked":["hierophant:Shelter","hierophant:Remorse"],"picked":"hierophant:SealAway","floor":15}],"player_experience":48494,"relics_obtained":[{"floor":1,"key":"DemoMod:ResourcefulSack"},{"floor":7,"key":"Replay:Mystery Machine"}],"event_choices":[],"is_beta":false,"boss_relics":[],"items_purged_floors":[],"is_endless":false,"potions_floor_spawned":[5,8,13],"killed_by":"WA_ARCHETYPE_RETAIN","ascension_level":0}}