{"host":"zxkjcgzis4pm3za5","time":1613764479,"event":{"mods":["2.2 Compatiblity","AchievementEnabler","BaseMod","Colored Map","Colored Powertips","Minty Spire (QoL Compilation)","Quick Restart","Random Character Button","Relic Filter Mod","Relic Sorter","Relic Stats","StSLib"],"gold_per_floor":[363,431,71,71,86,86,104,132,202,202,102,102,102,133,145,236,248,274,70,70,70,86,86,111,111,135,169,219,244,244,258,258,331,331,346,364,364,200,215,250,250,277,330,52,52,77,94,120,120,120,120],"floor_reached":50,"language":"ENG","playtime":1500,"items_purged":["Strike_R","Pain","Strike_R"],"score":1145,"play_id":"a473eeed-8808-4c7c-a58b-c7dc06aec249","local_time":"20210220012439","is_ascension_mode":true,"campfire_choices":[{"data":"Bash","floor":6.0,"key":"SMITH"},{"floor":10.0,"key":"REST"},{"floor":13.0,"key":"REST"},{"floor":15.0,"key":"REST"},{"floor":23.0,"key":"REST"},{"floor":25.0,"key":"REST"},{"floor":30.0,"key":"RECALL"},{"floor":32.0,"key":"REST"},{"floor":41.0,"key":"REST"},{"floor":45.0,"key":"REST"},{"floor":49.0,"key":"REST"}],"circlet_count":0,"master_deck":["AscendersBane","Strike_R+1","Strike_R+1","Strike_R","Defend_R","Defend_R","Defend_R","Defend_R","Bash+1","Hemokinesis+1","Sever Soul","Bloodletting+1","Inflame+1","Reaper","Sword Boomerang","Feel No Pain+1","Clothesline","Twin Strike+1","Seeing Red+1","Barricade+1","Demon Form+1","Shrug It Off","Feel No Pain+1","Metallicize+1","Entrench+1","Dark Shackles","PanicButton","PanicButton"],"relics":["Burning Blood","Matryoshka","WarpedTongs","Pen Nib","Lantern","Frozen Egg 2","MawBank","Fusion Hammer","Toolbox","Kunai","Eternal Feather","Regal Pillow","PreservedInsect","Oddly Smooth Stone","Sozu","CeramicFish","Whetstone","Pantograph","Torii","Bottled Tornado"],"acts_visited":["Exordium","TheCity","TheBeyond"],"potions_floor_usage":[],"damage_taken":[{"damage":11.0,"enemies":"2 Louse","floor":1.0,"turns":4.0},{"damage":3.0,"enemies":"Small Slimes","floor":5.0,"turns":4.0},{"damage":2.0,"enemies":"Cultist","floor":7.0,"turns":2.0},{"damage":38.0,"enemies":"3 Sentries","floor":8.0,"turns":9.0},{"damage":10.0,"enemies":"Gremlin Nob","floor":14.0,"turns":3.0},{"damage":42.0,"enemies":"The Guardian","floor":16.0,"turns":7.0},{"damage":25.0,"enemies":"Spheric Guardian","floor":18.0,"turns":4.0},{"damage":30.0,"enemies":"Shell Parasite","floor":22.0,"turns":3.0},{"damage":24.0,"enemies":"Gremlin Leader","floor":24.0,"turns":4.0},{"damage":21.0,"enemies":"Slavers","floor":27.0,"turns":4.0},{"damage":11.0,"enemies":"Book of Stabbing","floor":29.0,"turns":3.0},{"damage":26.0,"enemies":"Centurion and Healer","floor":31.0,"turns":4.0},{"damage":72.0,"enemies":"Champ","floor":33.0,"turns":13.0},{"damage":63.0,"enemies":"3 Darklings","floor":35.0,"turns":4.0},{"damage":25.0,"enemies":"3 Shapes","floor":36.0,"turns":9.0},{"damage":26.0,"enemies":"Maw","floor":39.0,"turns":7.0},{"damage":16.0,"enemies":"Nemesis","floor":40.0,"turns":5.0},{"damage":18.0,"enemies":"Mind Bloom Boss Battle","floor":46.0,"turns":8.0},{"damage":4.0,"enemies":"Transient","floor":47.0,"turns":6.0},{"damage":62.0,"enemies":"Reptomancer","floor":48.0,"turns":6.0},{"damage":121,"enemies":"Awakened One","floor":50,"turns":5}],"seed_played":"-5616767091180909030","potions_obtained":[{"floor":1.0,"key":"Block Potion"},{"floor":5.0,"key":"Energy Potion"},{"floor":8.0,"key":"FairyPotion"},{"floor":20.0,"key":"Fruit Juice"},{"floor":20.0,"key":"Fruit Juice"},{"floor":27.0,"key":"EssenceOfSteel"}],"is_trial":false,"path_per_floor":["M","?","$","?","M","R","M","E","T","R","$","?","R","E","R","B",null,"M","$","?","$","M","R","E","R","T","E","?","E","R","M","R","B",null,"M","M","T","$","M","E","R","?","T","$","R","?","M","E","R","B"],"character_chosen":"IRONCLAD","items_purchased":["Matryoshka","Toolbox","Feel No Pain+1","Feel No Pain+1","Pantograph"],"campfire_rested":9,"item_purchase_floors":[3,19,19,38,44],"current_hp_per_floor":[45,45,45,45,48,48,52,20,20,42,42,19,41,37,59,23,62,48,48,53,53,41,65,47,71,71,67,67,62,74,85,85,43,75,66,75,75,75,83,73,85,75,75,75,85,73,75,67,85,0,0],"gold":120,"neow_bonus":"TWO_FIFTY_GOLD","is_daily":false,"chose_seed":false,"campfire_upgraded":1,"win_rate":0.0,"timestamp":1613764479,"path_taken":["M","?","$","?","M","R","?","E","T","R","?","?","R","E","R","BOSS","M","$","?","$","?","R","E","R","T","E","?","E","R","M","R","BOSS","M","M","?","$","M","E","R","?","T","$","R","?","M","E","R","BOSS"],"items_purchased_type":["Relic","Relic","Card","Card","Relic"],"build_version":"2020-12-22","purchased_purges":3,"victory":false,"max_hp_per_floor":[75,75,75,75,75,75,75,75,75,75,75,75,75,75,75,75,75,75,75,80,80,80,80,80,80,80,85,85,85,85,85,85,85,85,85,85,85,85,85,85,85,85,85,85,85,85,85,85,85,85,85],"relic_stats":{"Regal Pillow":0,"Torii":11,"counters":[21,114],"CeramicFish":36,"Eternal Feather":49,"Pen Nib":[18],"PreservedInsect":151,"Whetstone":["Strike_R","Hemokinesis"],"MawBank":60,"Burning Blood":114,"WarpedTongs":[105],"Sozu":3,"Pantograph":0,"Kunai":[22],"obtain_stats":[{"Lantern":9,"Regal Pillow":26,"Torii":46,"CeramicFish":40,"Oddly Smooth Stone":29,"Eternal Feather":26,"Pen Nib":8,"PreservedInsect":27,"Whetstone":43,"Frozen Egg 2":9,"Bottled Tornado":48,"MawBank":14,"Burning Blood":0,"WarpedTongs":4,"Sozu":34,"Matryoshka":3,"Pantograph":44,"Toolbox":19,"Fusion Hammer":17,"Kunai":24},{"Lantern":4,"Regal Pillow":9,"Torii":18,"CeramicFish":17,"Oddly Smooth Stone":11,"Eternal Feather":9,"Pen Nib":4,"PreservedInsect":10,"Whetstone":17,"Frozen Egg 2":4,"Bottled Tornado":20,"MawBank":5,"Burning Blood":0,"WarpedTongs":1,"Sozu":13,"Matryoshka":1,"Pantograph":17,"Toolbox":7,"Fusion Hammer":6,"Kunai":9},{"Lantern":19,"Regal Pillow":40,"Torii":97,"CeramicFish":89,"Oddly Smooth Stone":47,"Eternal Feather":40,"Pen Nib":19,"PreservedInsect":44,"Whetstone":89,"Frozen Egg 2":19,"Bottled Tornado":109,"MawBank":22,"Burning Blood":0,"WarpedTongs":4,"Sozu":64,"Matryoshka":4,"Pantograph":89,"Toolbox":33,"Fusion Hammer":29,"Kunai":40}]},"card_choices":[{"not_picked":["Burning Pact","Havoc"],"picked":"Hemokinesis","floor":1.0},{"not_picked":["Clash","Flex"],"picked":"Sever Soul","floor":5.0},{"not_picked":["Pummel","Anger"],"picked":"Bloodletting","floor":7.0},{"not_picked":["Headbutt","Thunderclap","Havoc"],"picked":"SKIP","floor":8.0},{"not_picked":["Warcry","Clothesline"],"picked":"Inflame+1","floor":14.0},{"not_picked":["Berserk+1","Fiend Fire"],"picked":"Reaper","floor":16.0},{"not_picked":["Body Slam","Infernal Blade"],"picked":"Sword Boomerang","floor":18.0},{"not_picked":["Anger","Cleave"],"picked":"Clothesline","floor":22.0},{"not_picked":["Clothesline","Body Slam"],"picked":"Twin Strike+1","floor":24.0},{"not_picked":["True Grit","Shockwave"],"picked":"Seeing Red+1","floor":27.0},{"not_picked":["Wild Strike","Power Through","Seeing Red"],"picked":"SKIP","floor":29.0},{"not_picked":["Clash","Headbutt"],"picked":"Barricade+1","floor":31.0},{"not_picked":["Exhume","Offering"],"picked":"Demon Form+1","floor":33.0},{"not_picked":["Flex","Clothesline","Cleave"],"picked":"SKIP","floor":35.0},{"not_picked":["Dropkick","Wild Strike"],"picked":"Shrug It Off","floor":36.0},{"not_picked":["Twin Strike","Intimidate"],"picked":"Metallicize+1","floor":39.0},{"not_picked":["Intimidate","Cleave"],"picked":"Entrench+1","floor":40.0},{"not_picked":["Trip","Transmutation"],"picked":"Dark Shackles","floor":42.0},{"not_picked":["Finesse","Blind"],"picked":"PanicButton","floor":42.0},{"not_picked":["Bandage Up","Dramatic Entrance"],"picked":"PanicButton","floor":42.0},{"not_picked":["Whirlwind","Headbutt","Rage"],"picked":"SKIP","floor":47.0},{"not_picked":["Reckless Charge","Sever Soul+1","Cleave"],"picked":"SKIP","floor":48.0}],"player_experience":403634,"relics_obtained":[{"floor":8.0,"key":"Pen Nib"},{"floor":9.0,"key":"Lantern"},{"floor":9.0,"key":"Frozen Egg 2"},{"floor":14.0,"key":"MawBank"},{"floor":24.0,"key":"Kunai"},{"floor":26.0,"key":"Eternal Feather"},{"floor":26.0,"key":"Regal Pillow"},{"floor":27.0,"key":"PreservedInsect"},{"floor":29.0,"key":"Oddly Smooth Stone"},{"floor":40.0,"key":"CeramicFish"},{"floor":43.0,"key":"Whetstone"},{"floor":46.0,"key":"Torii"},{"floor":48.0,"key":"Bottled Tornado"}],"event_choices":[{"damage_healed":0.0,"max_hp_gain":0.0,"max_hp_loss":0.0,"gold_gain":68.0,"event_name":"Golden Wing","player_choice":"Gained Gold","floor":2.0,"gold_loss":0.0,"damage_taken":0.0},{"damage_healed":0.0,"max_hp_gain":0.0,"max_hp_loss":0.0,"gold_gain":0.0,"event_name":"Accursed Blacksmith","player_choice":"Rummage","floor":4.0,"gold_loss":0.0,"damage_taken":0.0,"relics_obtained":["WarpedTongs"],"cards_obtained":["Pain"]},{"damage_healed":0.0,"max_hp_gain":0.0,"max_hp_loss":0.0,"gold_gain":0.0,"event_name":"Shining Light","player_choice":"Entered Light","floor":12.0,"gold_loss":0.0,"damage_taken":23.0,"cards_upgraded":["Bloodletting","Strike_R"]},{"damage_healed":0.0,"max_hp_gain":0.0,"max_hp_loss":0.0,"gold_gain":0.0,"event_name":"Lab","player_choice":"Got Potions","floor":20.0,"gold_loss":0.0,"damage_taken":0.0},{"damage_healed":0.0,"max_hp_gain":0.0,"max_hp_loss":0.0,"gold_gain":100.0,"event_name":"The Joust","player_choice":"Bet on Murderer","floor":28.0,"gold_loss":50.0,"damage_taken":0.0},{"damage_healed":0.0,"max_hp_gain":0.0,"max_hp_loss":0.0,"gold_gain":0.0,"event_name":"SensoryStone","player_choice":"Memory 3","floor":42.0,"gold_loss":0.0,"damage_taken":10.0},{"damage_healed":0.0,"max_hp_gain":0.0,"max_hp_loss":0.0,"gold_gain":0.0,"event_name":"MindBloom","player_choice":"Fight","floor":46.0,"gold_loss":0.0,"damage_taken":0.0}],"is_beta":false,"boss_relics":[{"not_picked":["SacredBark","Mark of Pain"],"picked":"Fusion Hammer"},{"not_picked":["Cursed Key","Black Star"],"picked":"Sozu"}],"items_purged_floors":[3,11,38],"is_endless":false,"potions_floor_spawned":[1,5,8,27,29,31,33,35,36,47],"killed_by":"Awakened One","ascension_level":20}}