{"host":"ffqn1azj9urswy62","time":1613749635,"event":{"mods":["BaseMod","Better Third Choice","Conspire","Googly Eyes","Hubris","Minty Spire (QoL Compilation)","Replay The Spire","StSLib","Wandering Minibosses","slay the spire mod where everything is the same but ironclad has a cowboy hat"],"gold_per_floor":[117,137,7,7,7,47,47,82,134,134,134,150,64,89,89,208,208,228,251,166,66,196,236,236,236,236],"floor_reached":25,"language":"ENG","playtime":2520,"items_purged":["Strike_P","Strike_P"],"score":290,"play_id":"4763fd3c-6235-42d7-bd30-66104ed7234d","local_time":"20210219104715","is_ascension_mode":true,"campfire_choices":[{"data":"Eruption","floor":7,"key":"SMITH"},{"data":"LikeWater","floor":15,"key":"SMITH"},{"data":"Vigilance","floor":24,"key":"SMITH"}],"circlet_count":0,"master_deck":["Strike_P","Strike_P","Defend_P","Defend_P","Defend_P","Defend_P","Eruption+1","Vigilance+1","CutThroughFate","PathToVictory","MentalFortress+1","LikeWater+1","Flash of Steel","EmptyFist","Vault","EmptyBody","PathToVictory"],"relics":["PureWater","NeowsBlessing","Golden Idol","Gremlin Food","Akabeko","Simple Rune","Philosopher\u0027s Stone","Shovel","GoldenEye"],"acts_visited":["Exordium","TheCity"],"potions_floor_usage":[16,16],"damage_taken":[{"damage":0,"enemies":"2 Louse","floor":1,"turns":1},{"damage":0,"enemies":"Small Slimes","floor":2,"turns":1},{"damage":0,"enemies":"Lagavulin","floor":6,"turns":1},{"damage":20,"enemies":"3 Sentries","floor":8,"turns":10},{"damage":0,"enemies":"Cultist","floor":12,"turns":2},{"damage":6,"enemies":"Blue Slaver","floor":14,"turns":4},{"damage":32,"enemies":"Fading Forest","floor":16,"turns":11},{"damage":3,"enemies":"3 Byrds","floor":18,"turns":5},{"damage":9,"enemies":"2 Thieves","floor":19,"turns":5},{"damage":50,"enemies":"Slavers","floor":23,"turns":9}],"seed_played":"4351196257786979087","potions_obtained":[{"floor":2,"key":"SpeedPotion"},{"floor":12,"key":"BottledMiracle"},{"floor":14,"key":"BlessingOfTheForge"},{"floor":16,"key":"SmokeBomb"},{"floor":23,"key":"Block Potion"}],"is_trial":false,"path_per_floor":["M","M","$","?","$","E","R","E","T","?","?","M","$","M","R","B",null,"M","M","?","$","?","E","R","?"],"character_chosen":"WATCHER","items_purchased":["MentalFortress+1","Flash of Steel"],"campfire_rested":0,"item_purchase_floors":[3,13],"current_hp_per_floor":[72,72,72,54,54,54,54,34,34,22,72,72,72,66,66,34,72,69,60,60,60,60,10,10,0,0],"gold":236,"neow_bonus":"THREE_ENEMY_KILL","is_daily":false,"chose_seed":false,"campfire_upgraded":3,"win_rate":0.0,"timestamp":1613749635,"path_taken":["M","M","$","?","$","E","R","E","T","?","?","?","$","M","R","BOSS","M","M","?","$","?","E","R","?"],"items_purchased_type":["Card","Card"],"build_version":"2020-12-22","purchased_purges":2,"victory":false,"max_hp_per_floor":[72,72,72,72,72,72,72,72,72,72,72,72,72,72,72,72,72,72,72,72,72,72,72,72,72,72],"card_choices":[{"not_picked":["EmptyFist","Crescendo"],"picked":"CutThroughFate","floor":1},{"not_picked":["Prostrate","Perseverance"],"picked":"PathToVictory","floor":2},{"not_picked":["BattleHymn","Replay:ManipulateFuture"],"picked":"SandsOfTime","floor":6},{"not_picked":["Blasphemy","Consecrate"],"picked":"LikeWater","floor":8},{"not_picked":["WheelKick","FlyingSleeves","Evaluate"],"picked":"SKIP","floor":12},{"not_picked":["FlyingSleeves","BattleHymn"],"picked":"EmptyFist","floor":14},{"not_picked":["SpiritShield","Omniscience"],"picked":"Vault","floor":16},{"not_picked":["Vengeance","Consecrate","BattleHymn+1"],"picked":"SKIP","floor":18},{"not_picked":["Protect","BowlingBash+1","Halt"],"picked":"SKIP","floor":19},{"not_picked":["BowlingBash","FlyingSleeves"],"picked":"EmptyBody","floor":22},{"not_picked":["InnerPeace","CrushJoints"],"picked":"PathToVictory","floor":22},{"not_picked":["SandsOfTime+1","Replay:AtTheReady","FollowUp+1"],"picked":"SKIP","floor":23}],"player_experience":699709,"relics_obtained":[{"floor":6,"key":"Gremlin Food"},{"floor":8,"key":"Akabeko"},{"floor":23,"key":"GoldenEye"}],"event_choices":[{"damage_healed":0,"gold_gain":0,"player_choice":"Take Damage","damage_taken":18,"relics_obtained":["Golden Idol"],"max_hp_gain":0,"max_hp_loss":0,"event_name":"Golden Idol","floor":4,"gold_loss":0},{"damage_healed":0,"gold_gain":0,"player_choice":"Relic ","damage_taken":12,"max_hp_gain":0,"max_hp_loss":0,"event_name":"betterThird:BetterScrap","floor":10,"gold_loss":0,"cards_obtained":["Fiend Fire"]},{"cards_removed":["SandsOfTime"],"damage_healed":50,"gold_gain":0,"player_choice":"Offered Uncommon","damage_taken":0,"max_hp_gain":0,"max_hp_loss":0,"event_name":"Bonfire Elementals","floor":11,"gold_loss":0},{"damage_healed":0,"gold_gain":0,"player_choice":"Obtained Relic","damage_taken":0,"relics_obtained":["Shovel"],"max_hp_gain":0,"max_hp_loss":0,"event_name":"Addict","floor":20,"gold_loss":85}],"is_beta":false,"boss_relics":[{"not_picked":["Ectoplasm","Fusion Hammer"],"picked":"Philosopher\u0027s Stone"}],"items_purged_floors":[3,21],"is_endless":false,"potions_floor_spawned":[2,12,14,16,23],"ascension_level":3}}