{"host":"tcdxiwht2vajk3tk","time":1613744047,"event":{"mods":["AchievementEnabler","BaseMod","Beaked The Cultist","Colored Powertips","Conspire","Defuse TimeMaze Blight","Downfall","Halation","Hermit","Hubris","Infinite Spire","Lobotomy","LobotomyExtend","Minty Spire (QoL Compilation)","Replay The Spire","Shop Mod","StSLib","The Cursed","The Disciple"],"gold_per_floor":[117,117,117,36,111,11,23,57,133,133,133,148,148,13,13,108,108,108,108],"floor_reached":18,"language":"ENG","playtime":873,"items_purged":[],"score":156,"play_id":"bdc27f28-abae-430d-b77b-00544137cfe2","local_time":"20210219091407","is_ascension_mode":false,"campfire_choices":[],"circlet_count":0,"master_deck":["TheCursedMod:SoulReap+1","SpecialBullet","SpecialBullet","SpecialBullet","SpecialBullet","SpecialBullet","SpecialBullet","SpecialBullet","SpecialBullet","InformationCode","ControlCode","SecurityCode","Scorched","FrostShard+1","Ecstasy","Ghostly","OSAHOGD","SoundOfStar","BeautyBeast","Loneliness","Murderer","MagicBullet","ParadiseLost","LittleHelper","Mimicry"],"relics":["CogitoBucket","RabbitCall","LetterFromLob","Replay:PocketPolymizer","hubris:SphereOfDissonance","infinitespire:CheckeredPen","conspire:SpecialSausage"],"acts_visited":["Exordium","TheCity"],"potions_floor_usage":[8],"damage_taken":[{"damage":11,"enemies":"Jaw Worm","floor":1,"turns":2},{"damage":7,"enemies":"conspire:RoseBush","floor":7,"turns":2},{"damage":10,"enemies":"Lagavulin","floor":8,"turns":5},{"damage":5,"enemies":"2 Louse","floor":12,"turns":2},{"damage":46,"enemies":"Slime Boss","floor":16,"turns":8},{"damage":93,"enemies":"Chosen","floor":18,"turns":10}],"seed_played":"-3472298366411390452","potions_obtained":[{"floor":1,"key":"Block Potion"},{"floor":16,"key":"LiquidBronze"}],"is_trial":false,"path_per_floor":["M","?","?","$","?","?","M","E","T","R","?","M","R","$","R","B",null,"M"],"character_chosen":"Angela","items_purchased":["Ecstasy","ParadiseLost"],"campfire_rested":0,"item_purchase_floors":[4,14],"current_hp_per_floor":[74,74,59,59,48,48,51,56,56,56,56,59,59,59,59,26,81,0,0],"gold":108,"neow_bonus":"TEN_PERCENT_HP_BONUS","is_daily":false,"chose_seed":false,"campfire_upgraded":0,"win_rate":0.0,"timestamp":1613744047,"path_taken":["M","?","?","$","?","?","M","E","T","R","?","M","R","$","R","BOSS","M"],"items_purchased_type":["Card","Card"],"build_version":"2020-12-22","purchased_purges":0,"victory":false,"max_hp_per_floor":[77,77,77,77,77,77,77,77,77,77,77,77,77,77,77,81,81,81,81],"card_choices":[{"not_picked":["MeatLantern","Funeral"],"picked":"Scorched","floor":1},{"not_picked":["Amita"],"picked":"FrostShard","floor":1},{"not_picked":["CrumblingArmor","Bloodbath"],"picked":"OSAHOGD","floor":7},{"not_picked":["GrinderMk4"],"picked":"SoundOfStar","floor":7},{"not_picked":["FairyFestival","UniverseFragment"],"picked":"BeautyBeast","floor":8},{"not_picked":["Amita"],"picked":"Loneliness","floor":8},{"not_picked":["Bloodbath","FairyFestival"],"picked":"Murderer","floor":12},{"not_picked":["CherryBlossom"],"picked":"MagicBullet","floor":12},{"not_picked":["LittlePrince","CherryBlossoms"],"picked":"LittleHelper","floor":16},{"not_picked":["Twilight"],"picked":"Mimicry","floor":16}],"player_experience":1807347,"relics_obtained":[{"floor":1,"key":"LetterFromLob"},{"floor":8,"key":"Replay:PocketPolymizer"},{"floor":9,"key":"hubris:SphereOfDissonance"},{"floor":11,"key":"infinitespire:CheckeredPen"}],"event_choices":[{"damage_healed":0,"gold_gain":0,"player_choice":"Entered Light","damage_taken":15,"max_hp_gain":0,"max_hp_loss":0,"event_name":"Shining Light","floor":3,"gold_loss":0,"cards_upgraded":["FrostShard"]},{"damage_healed":0,"gold_gain":75,"player_choice":"Gather Gold","damage_taken":11,"max_hp_gain":0,"max_hp_loss":0,"event_name":"World of Goop","floor":5,"gold_loss":0},{"damage_healed":0,"gold_gain":0,"player_choice":"Argue","damage_taken":0,"max_hp_gain":0,"max_hp_loss":0,"event_name":"conspire:LoneGhost","floor":6,"gold_loss":0}],"is_beta":false,"boss_relics":[{"not_picked":["Philosopher\u0027s Stone","Runic Dome"],"picked":"conspire:SpecialSausage"}],"items_purged_floors":[],"is_endless":false,"potions_floor_spawned":[1,16],"killed_by":"Chosen","ascension_level":0}}