{"host":"g7uq9uzahx9e0kti","time":1613741118,"event":{"mods":["100% Spire Juice","AchievementEnabler","Act Like it!","Arknights","BaseMod","CapriCore","Hermit","Koishi","Minty Spire (QoL Compilation)","Prisma Mod","Quick Restart","StSLib","SuperFastMode","The Bug Knight","The Cursed","The Hierophant","Together in Spire","WarShipGirlsR/??á´Ò³R mod"],"gold_per_floor":[112,37,55,72,72,72,72],"floor_reached":6,"language":"KOR","playtime":583,"items_purged":["HollowMod:QuickDashStart"],"score":36,"play_id":"62cfd40c-9e70-4a7e-bb24-34e8574e946a","local_time":"20210219222518","is_ascension_mode":false,"campfire_choices":[],"circlet_count":0,"master_deck":["HollowMod:NailStrikeStart","HollowMod:NailStrikeStart","HollowMod:NailStrikeStart","HollowMod:NailStrikeStart","HollowMod:QuickDashStart","HollowMod:QuickDashStart","HollowMod:QuickDashStart","HollowMod:FocusHealStart","HollowMod:PogoStrike","HollowMod:PerfectDash","HollowMod:PureNailStrike","HollowMod:HeavyBlow"],"relics":["HollowMod:VesselMask","NeowsBlessing"],"acts_visited":["Exordium"],"potions_floor_usage":[],"damage_taken":[{"damage":0,"enemies":"Cultist","floor":1,"turns":1},{"damage":0,"enemies":"Jaw Worm","floor":3,"turns":1},{"damage":0,"enemies":"Small Slimes","floor":4,"turns":1},{"damage":0,"enemies":"Gremlin Nob","floor":6,"turns":1}],"seed_played":"-4544709926220303908","potions_obtained":[{"floor":1,"key":"EssenceOfSteel"},{"floor":4,"key":"GamblersBrew"}],"is_trial":false,"path_per_floor":["M","$","M","M","?","E"],"character_chosen":"THE_BUGKNIGHT","items_purchased":[],"campfire_rested":0,"item_purchase_floors":[],"current_hp_per_floor":[75,75,75,75,75,75,75],"gold":72,"neow_bonus":"THREE_ENEMY_KILL","is_daily":false,"chose_seed":false,"campfire_upgraded":0,"win_rate":0.0,"timestamp":1613741118,"path_taken":["M","?","M","?","?","E"],"items_purchased_type":[],"build_version":"2020-12-22","purchased_purges":1,"victory":false,"max_hp_per_floor":[75,75,75,75,75,75,75],"card_choices":[{"not_picked":["HollowMod:CornifersMapStart","HollowMod:SiblingsSouls"],"picked":"HollowMod:PerfectDash","floor":1},{"not_picked":["HollowMod:TaintedHusks","HollowMod:SoulStrike"],"picked":"HollowMod:PureNailStrike","floor":3},{"not_picked":["HollowMod:SharpenedNail","HollowMod:LifebloodCocoon"],"picked":"HollowMod:HeavyBlow","floor":4}],"player_experience":129689,"relics_obtained":[],"event_choices":[],"is_beta":false,"boss_relics":[],"items_purged_floors":[2],"is_endless":false,"potions_floor_spawned":[1,4],"killed_by":"Gremlin Nob","ascension_level":0}}