{"host":"ie50qk0ts9eskyyo","time":1613750714,"event":{"mods":["BaseMod","BetterRewards","Colored Map","Curses Come First","Downfall","Friendly Minions","Highlight Path","Hubris","Infinite Spire","Minty Spire (QoL Compilation)","Quick Restart","Reliquary","Replay The Spire","Robot Space Explorer","Shop Mod","StSLib","SuperFastMode","The Jungle"],"gold_per_floor":[99,99,99,99,99,99,181,100,0,20,5,22,22,34,52,52,52,52],"floor_reached":16,"language":"ENG","playtime":599,"items_purged":[],"score":90,"play_id":"c4db595b-32c1-4fb8-91bb-3cf4c04d457b","local_time":"20210219110514","is_ascension_mode":false,"campfire_choices":[],"circlet_count":0,"master_deck":["sneckomod:Defend","sneckomod:Defend","sneckomod:Defend","sneckomod:TailWhip","sneckomod:SnekBite","sneckomod:Unknown","Reaper","sneckomod:UnknownBlock","sneckomod:WideSting","sneckomod:UnknownRarePower","Limit Break","sneckomod:UnknownUncommonPower","sneckomod:UnknownDraw","sneckomod:UnknownX"],"relics":["sneckomod:SneckoSoul","downfall:HeartsMalice","NeowsBlessing","downfall:BrokenWingStatue","downfall:HeartBlessingBlue","Mercury Hourglass"],"acts_visited":["Exordium"],"potions_floor_usage":[16],"damage_taken":[{"damage":0,"enemies":"Small Slimes","floor":2,"turns":1},{"damage":0,"enemies":"Cultist","floor":3,"turns":1},{"damage":0,"enemies":"Jaw Worm","floor":5,"turns":1},{"damage":7,"enemies":"2 Fungi Beasts","floor":8,"turns":3},{"damage":11,"enemies":"downfall:LooterAlt","floor":10,"turns":3},{"damage":0,"enemies":"downfall:FleeingMerchant","floor":11,"turns":4},{"damage":21,"enemies":"Large Slime","floor":12,"turns":6},{"damage":2,"enemies":"3 Louse","floor":14,"turns":3},{"damage":7,"enemies":"Blue Slaver","floor":15,"turns":4},{"damage":89,"enemies":"DF_ARCHETYPE_STREAMLINE","floor":16,"turns":9}],"seed_played":"-6752474747485713491","potions_obtained":[{"floor":8,"key":"hexamod:SoulburnPotion"},{"floor":10,"key":"LiquidBronze"},{"floor":14,"key":"Dexterity Potion"}],"is_trial":false,"path_per_floor":["R","M","M","?","M","?","T","M","R","M","$","M","T","M","M","B"],"character_chosen":"THE_SNECKO","items_purchased":[],"campfire_rested":0,"item_purchase_floors":[],"current_hp_per_floor":[90,90,90,90,90,90,90,89,99,88,88,70,70,80,80,0,0,0],"gold":52,"neow_bonus":"THREE_ENEMY_KILL","is_daily":false,"chose_seed":false,"campfire_upgraded":0,"win_rate":0.0,"timestamp":1613750714,"path_taken":["R","M","M","?","?","?","T","M","R","M","$","M","?","M","M","BOSS"],"items_purchased_type":[],"build_version":"2020-12-22","purchased_purges":0,"victory":false,"max_hp_per_floor":[90,90,90,90,90,90,90,90,100,100,100,100,100,100,100,100,100,100],"card_choices":[{"not_picked":["sneckomod:DiceCrush","sneckomod:DefensiveFlair"],"picked":"sneckomod:UnknownBlock","floor":2},{"not_picked":["sneckomod:SoulDraw","sneckomod:WideSting"],"picked":"sneckomod:UnknownExhaust","floor":3},{"not_picked":["sneckomod:RainOfDice","sneckomod:SnekBeam"],"picked":"sneckomod:WideSting","floor":5},{"not_picked":["sneckomod:RainOfDice","sneckomod:Unknown1Cost"],"picked":"sneckomod:UnknownRarePower","floor":8},{"not_picked":["sneckomod:SoulDraw","sneckomod:Nope"],"picked":"sneckomod:UnknownUncommonPower","floor":10},{"not_picked":["sneckomod:SoulRoll","sneckomod:UnlimitedRolls"],"picked":"sneckomod:UnknownDraw","floor":11},{"not_picked":["sneckomod:QuickMove","sneckomod:Unknown1Cost","sneckomod:IronFang"],"picked":"SKIP","floor":12},{"not_picked":["sneckomod:DiceBlock","sneckomod:UnknownStrike"],"picked":"sneckomod:UnknownX","floor":14},{"not_picked":["sneckomod:QuickMove","sneckomod:UnknownCommonAttack","sneckomod:IronFang"],"picked":"SKIP","floor":15}],"player_experience":58795,"relics_obtained":[{"floor":13,"key":"Mercury Hourglass"}],"event_choices":[],"is_beta":false,"boss_relics":[],"items_purged_floors":[],"is_endless":false,"potions_floor_spawned":[8,10,14,15],"killed_by":"DF_ARCHETYPE_STREAMLINE","ascension_level":0}}