{"host":"rb2p2z6v6vieend5","time":1613755392,"event":{"mods":["BaseMod","Block Reminder","Colored Map","DeckTracker","Highlight Path","Minty Spire (QoL Compilation)","Random Character Button","Relic Stats"],"gold_per_floor":[19,38,38,3,3,3,20,39,39,39,39],"floor_reached":10,"language":"ENG","playtime":384,"items_purged":[],"score":113,"play_id":"34d67662-2fa0-4fea-a687-60626c8931b0","local_time":"20210219182312","is_ascension_mode":true,"campfire_choices":[{"data":"Bash","floor":6,"key":"SMITH"}],"circlet_count":0,"master_deck":["AscendersBane","Strike_R","Strike_R","Strike_R","Strike_R","Strike_R","Defend_R","Defend_R","Bash+1","Inflame","Perfected Strike+1","Dual Wield","Pommel Strike"],"relics":["Burning Blood","Paper Frog","Nunchaku"],"acts_visited":["Exordium"],"potions_floor_usage":[],"damage_taken":[{"damage":4,"enemies":"Jaw Worm","floor":1,"turns":5},{"damage":10,"enemies":"Small Slimes","floor":2,"turns":3},{"damage":0,"enemies":"Cultist","floor":7,"turns":2},{"damage":25,"enemies":"Lots of Slimes","floor":8,"turns":5},{"damage":45,"enemies":"3 Sentries","floor":10,"turns":4}],"seed_played":"2217809073455310150","potions_obtained":[{"floor":1,"key":"SmokeBomb"},{"floor":2,"key":"Ancient Potion"}],"is_trial":false,"path_per_floor":["M","M","?","?","?","R","M","M","T","E"],"character_chosen":"IRONCLAD","items_purchased":[],"campfire_rested":0,"item_purchase_floors":[],"current_hp_per_floor":[70,66,31,49,49,49,55,36,36,0,0],"gold":39,"neow_bonus":"REMOVE_TWO","is_daily":false,"chose_seed":false,"campfire_upgraded":1,"win_rate":0.0,"timestamp":1613755392,"path_taken":["M","M","?","?","?","R","M","M","T","E"],"items_purchased_type":[],"build_version":"2020-12-22","purchased_purges":0,"victory":false,"max_hp_per_floor":[75,75,75,75,75,75,75,75,75,75,75],"relic_stats":{"Nunchaku":[0],"counters":[5,19],"obtain_stats":[{"Nunchaku":9,"Burning Blood":0,"Paper Frog":3},{"Nunchaku":4,"Burning Blood":0,"Paper Frog":2},{"Nunchaku":15,"Burning Blood":0,"Paper Frog":8}],"Burning Blood":24},"card_choices":[{"not_picked":["Infernal Blade","Battle Trance"],"picked":"Inflame","floor":1},{"not_picked":["Body Slam","Shrug It Off"],"picked":"Perfected Strike","floor":2},{"not_picked":["Cleave","True Grit"],"picked":"Dual Wield","floor":7},{"not_picked":["Flex","Spot Weakness"],"picked":"Pommel Strike","floor":8}],"player_experience":780116,"relics_obtained":[{"floor":9,"key":"Nunchaku"}],"event_choices":[{"damage_healed":0,"gold_gain":0,"player_choice":"Success","damage_taken":35,"relics_obtained":["Paper Frog"],"max_hp_gain":0,"max_hp_loss":0,"event_name":"Scrap Ooze","floor":3,"gold_loss":0},{"damage_healed":18,"gold_gain":0,"player_choice":"Healed","damage_taken":0,"max_hp_gain":0,"max_hp_loss":0,"event_name":"The Cleric","floor":4,"gold_loss":35},{"damage_healed":0,"gold_gain":0,"player_choice":"Upgraded","damage_taken":0,"max_hp_gain":0,"max_hp_loss":0,"event_name":"Upgrade Shrine","floor":5,"gold_loss":0,"cards_upgraded":["Perfected Strike"]}],"is_beta":false,"boss_relics":[],"items_purged_floors":[],"is_endless":false,"potions_floor_spawned":[1,2],"killed_by":"3 Sentries","ascension_level":19}}