{"host":"zs3tguvuxkh90jf4","time":1613755312,"event":{"mods":["AchievementEnabler","BaseMod","Better Silent Start","Better-Laid Plans","BetterRewards","Block Reminder","Colored Map","Colored Powertips","Gold Saver","Minty Spire (QoL Compilation)","Shop Mod","StSLib","Transform Curses"],"gold_per_floor":[773,792,757,757,777,777,777],"floor_reached":6,"language":"ENG","playtime":242,"items_purged":["Normality"],"score":72,"play_id":"dcf4d327-126f-4368-956a-8e439a1ece40","local_time":"20210219092152","is_ascension_mode":true,"campfire_choices":[],"circlet_count":0,"master_deck":["AscendersBane","Strike_G","Strike_G","Strike_G","Strike_G","Defend_G","Defend_G","Defend_G","Defend_G","Survivor","Neutralize","Distraction","Caltrops","Dramatic Entrance","Noxious Fumes","Cloak And Dagger","Crippling Poison","Blade Dance","Injury","Blade Dance"],"relics":["Ring of the Snake","Bag of Preparation","Toy Ornithopter","Frozen Eye","MerchantsRug","Calipers","Juzu Bracelet","Chemical X","Golden Idol"],"acts_visited":["Exordium"],"potions_floor_usage":[],"damage_taken":[{"damage":7,"enemies":"Small Slimes","floor":1,"turns":4},{"damage":0,"enemies":"2 Louse","floor":2,"turns":2},{"damage":0,"enemies":"Cultist","floor":5,"turns":3},{"damage":73,"enemies":"Gremlin Nob","floor":6,"turns":4}],"seed_played":"4782277586971075203","potions_obtained":[],"is_trial":false,"path_per_floor":["M","M","?","?","M","E"],"character_chosen":"THE_SILENT","items_purchased":["Bag of Preparation","Toy Ornithopter","Distraction","Caltrops","Frozen Eye","MerchantsRug","Dramatic Entrance","Calipers","Juzu Bracelet","Chemical X","Noxious Fumes","Cloak And Dagger"],"campfire_rested":0,"item_purchase_floors":[0,0,0,0,0,0,0,0,0,0,0,0],"current_hp_per_floor":[38,38,54,54,54,0,0],"gold":777,"neow_bonus":"","is_daily":false,"chose_seed":false,"campfire_upgraded":0,"win_rate":0.0,"timestamp":1613755312,"path_taken":["M","M","?","?","M","E"],"items_purchased_type":["Relic","Relic","Card","Card","Relic","Relic","Card","Relic","Relic","Relic","Card","Card"],"build_version":"2020-12-22","purchased_purges":1,"victory":false,"max_hp_per_floor":[66,66,66,66,66,66,66],"card_choices":[{"not_picked":["Finisher","Backflip"],"picked":"Crippling Poison","floor":1},{"not_picked":["Acrobatics","Sucker Punch"],"picked":"Blade Dance","floor":2},{"not_picked":["Flechettes","Blur"],"picked":"Blade Dance","floor":5}],"player_experience":595363,"relics_obtained":[],"event_choices":[{"damage_healed":16,"gold_gain":0,"player_choice":"Healed","damage_taken":0,"max_hp_gain":0,"max_hp_loss":0,"event_name":"The Cleric","floor":3,"gold_loss":35},{"damage_healed":0,"gold_gain":0,"player_choice":"Take Wound","damage_taken":0,"relics_obtained":["Golden Idol"],"max_hp_gain":0,"max_hp_loss":0,"event_name":"Golden Idol","floor":4,"gold_loss":0,"cards_obtained":["Injury"]}],"is_beta":false,"boss_relics":[],"items_purged_floors":[0],"is_endless":false,"potions_floor_spawned":[],"killed_by":"Gremlin Nob","ascension_level":20}}