{"host":"l2dnabsh5e0fsksb","time":1613728058,"event":{"mods":["2.2 Compatiblity","BaseMod","Downfall","Minty Spire (QoL Compilation)","Quick Restart","StSLib"],"gold_per_floor":[99,99,99,99,199,216,216,216,278,312,212,5,39,1,11,113,113,113,131,150,150,75,407,486,137,137,156,175,75,101,119,132,234,234,134,149,149,197,209,219,219,16,44,44,44,44,44,70,89,89,89,119,119,119,119,119,119],"floor_reached":55,"language":"ENG","playtime":2830,"items_purged":["downfall:Bewildered","hexamod:Strike"],"score":1204,"play_id":"ed12ff18-6a29-4d92-ace9-c9596bca8636","local_time":"20210219201738","is_ascension_mode":true,"campfire_choices":[{"floor":1.0,"key":"RECALL"},{"floor":11.0,"key":"REST"},{"floor":18.0,"key":"DIG"},{"floor":29.0,"key":"DIG"},{"floor":35.0,"key":"DIG"},{"floor":47.0,"key":"REST"},{"floor":54,"key":"REST"}],"circlet_count":0,"master_deck":["hexamod:Strike","hexamod:Strike","hexamod:Strike","hexamod:Defend","hexamod:Defend","hexamod:Defend","hexamod:Defend","hexamod:Sear","hexamod:Float","hexamod:PhantomCloak","hexamod:SwordOfDarkness","hexamod:ThermalTransfer","hexamod:SpectersWail","hexamod:NightmareStrike","hexamod:PowerFromBeyond","hexamod:EmpoweredFlame+1","hexamod:EmpoweredFlame+1","hexamod:Firestarter","hexamod:SwordOfDarkness","hexamod:GiftsFromTheDead+1","hexamod:VolcanoVisage+1","CurseOfTheBell","hexamod:SoulSteal+1","hexamod:HauntingEcho","hexamod:Firestarter+1","hexamod:ApocalypticArmor+1","hexamod:SpectersWail","hexamod:GhostOfSpireFuture+1","hexamod:ExtraCrispy+1","hexamod:ShieldOfDarkness+1","hexamod:BurningTouch+1","hexamod:HexaLevel+1","hexamod:EmpoweredFlame+1","hexamod:SpectralAdrenaline","hexamod:BurningTouch","hexamod:BurningTouch+1","hexamod:FlamesFromBeyond+1","expansioncontent:PrepareCrush","expansioncontent:YouAreMine","expansioncontent:AwakenDeath+1","hexamod:ThermalTransfer+1","hexamod:InspiringFlames+1","hexamod:RecurringNightmare+1"],"relics":["hexamod:SpiritBrand","downfall:HeartsMalice","Frozen Egg 2","downfall:ShatteredFragment","bronze:DecasWashers","Bird Faced Urn","downfall:HeartBlessingRed","Bag of Marbles","Boot","Calling Bell","Blood Vial","Letter Opener","Shovel","The Courier","sneckomod:BabySnecko","Old Coin","Vajra","Oddly Smooth Stone","Lantern","Matryoshka","hexamod:JarOfFuel","downfall:HeartBlessingBlue","Akabeko","Art of War","expansioncontent:StudyCardRelic","downfall:HeartBlessingGreen","Mercury Hourglass","Peace Pipe","Ancient Tea Set","StoneCalendar","Lee\u0027s Waffle","Torii","PreservedInsect","HornCleat"],"acts_visited":["Exordium","TheCity","TheBeyond","TheEnding"],"potions_floor_usage":[50,50],"damage_taken":[{"damage":0.0,"enemies":"Cultist","floor":2.0,"turns":1.0},{"damage":0.0,"enemies":"Jaw Worm","floor":3.0,"turns":1.0},{"damage":0.0,"enemies":"2 Louse","floor":4.0,"turns":1.0},{"damage":15.0,"enemies":"Large Slime","floor":6.0,"turns":7.0},{"damage":20.0,"enemies":"Gremlin Nob","floor":9.0,"turns":4.0},{"damage":3.0,"enemies":"3 Sentries","floor":10.0,"turns":6.0},{"damage":0.0,"enemies":"downfall:FleeingMerchant","floor":12.0,"turns":4.0},{"damage":3.0,"enemies":"Gremlin Nob","floor":13.0,"turns":3.0},{"damage":3.0,"enemies":"downfall:FleeingMerchant","floor":14.0,"turns":4.0},{"damage":2.0,"enemies":"2 Fungi Beasts","floor":15.0,"turns":4.0},{"damage":6.0,"enemies":"IC_STATUS_ARCHETYPE","floor":16.0,"turns":5.0},{"damage":8.0,"enemies":"downfall:LooterAlt2","floor":19.0,"turns":4.0},{"damage":7.0,"enemies":"Spheric Guardian","floor":20.0,"turns":4.0},{"damage":0.0,"enemies":"downfall:FleeingMerchant","floor":22.0,"turns":4.0},{"damage":18.0,"enemies":"Gremlin Leader","floor":23.0,"turns":5.0},{"damage":0.0,"enemies":"downfall:FleeingMerchant","floor":25.0,"turns":1.0},{"damage":7.0,"enemies":"3 Cultists","floor":27.0,"turns":4.0},{"damage":17.0,"enemies":"Centurion and Healer","floor":28.0,"turns":4.0},{"damage":7.0,"enemies":"Slavers","floor":30.0,"turns":4.0},{"damage":0.0,"enemies":"Cultist and Chosen","floor":31.0,"turns":4.0},{"damage":15.0,"enemies":"Snake Plant","floor":32.0,"turns":3.0},{"damage":37.0,"enemies":"SI_MIRROR_ARCHETYPE","floor":33.0,"turns":8.0},{"damage":8.0,"enemies":"3 Shapes","floor":36.0,"turns":3.0},{"damage":17.0,"enemies":"2 Orb Walkers","floor":38.0,"turns":3.0},{"damage":0.0,"enemies":"Orb Walker","floor":39.0,"turns":2.0},{"damage":15.0,"enemies":"3 Darklings","floor":40.0,"turns":4.0},{"damage":35.0,"enemies":"Reptomancer","floor":43.0,"turns":5.0},{"damage":33.0,"enemies":"Giant Head","floor":48.0,"turns":7.0},{"damage":10.0,"enemies":"Maw","floor":49.0,"turns":6.0},{"damage":58,"enemies":"WA_ARCHETYPE_DIVINITY","floor":50,"turns":7},{"damage":86,"enemies":"downfall:CharBossMerchant","floor":52,"turns":7},{"damage":60,"enemies":"downfall:NeowBoss","floor":55,"turns":13}],"seed_played":"8883652760594330896","potions_obtained":[{"floor":6.0,"key":"Dexterity Potion"},{"floor":9.0,"key":"hexamod:EctoCoolerPotion"},{"floor":10.0,"key":"SneckoOil"},{"floor":15.0,"key":"Dexterity Potion"},{"floor":16.0,"key":"Explosive Potion"},{"floor":23.0,"key":"DistilledChaos"},{"floor":31.0,"key":"AttackPotion"},{"floor":36.0,"key":"FearPotion"},{"floor":39.0,"key":"hexamod:EctoCoolerPotion"}],"is_trial":false,"path_per_floor":["R","M","M","M","?","M","T","?","?","E","R","$","E","$","M","B",null,"R","M","M","?","$","E","T","$","?","M","M","R","E","M","M","B",null,"R","M","?","?","M","M","T","$","E","?","$","?","R","E","M","B",null,"E","$","R","B"],"character_chosen":"THE_SPIRIT","items_purchased":["hexamod:EmpoweredFlame+1","Bag of Marbles","hexamod:SwordOfDarkness","Vajra","Oddly Smooth Stone","Lantern","Matryoshka","hexamod:JarOfFuel","Lee\u0027s Waffle"],"campfire_rested":3,"item_purchase_floors":[12,12,14,25,25,25,25,25,42],"current_hp_per_floor":[63,63,63,63,63,48,48,27,7,4,25,27,30,35,39,41,63,63,63,63,63,70,54,54,60,70,67,55,65,70,80,69,48,72,72,72,72,69,77,69,69,87,58,48,48,48,74,58,74,36,74,8,8,34,0,0,0],"gold":119,"neow_bonus":"THREE_ENEMY_KILL","is_daily":false,"chose_seed":false,"campfire_upgraded":0,"win_rate":0.0,"timestamp":1613728058,"path_taken":["R","M","M","?","?","M","T","?","?","E","R","$","E","$","M","BOSS","R","M","M","?","$","E","T","$","?","?","M","R","E","M","M","BOSS","R","M","?","?","M","M","T","?","E","?","$","?","R","E","M","BOSS","E","$","R","BOSS"],"items_purchased_type":["Card","Relic","Card","Relic","Relic","Relic","Relic","Relic","Relic"],"build_version":"2020-12-22","purchased_purges":2,"victory":false,"max_hp_per_floor":[70,70,70,70,70,70,70,70,70,70,70,70,70,70,70,70,70,70,70,70,70,70,70,70,70,70,70,70,80,80,80,80,80,80,80,80,80,80,80,80,80,87,87,87,87,87,87,87,87,87,87,87,87,87,87,87,87],"card_choices":[{"not_picked":["hexamod:ShieldOfDarkness","hexamod:FourthSeal"],"picked":"hexamod:PhantomCloak","floor":2.0},{"not_picked":["hexamod:SkipABeat","hexamod:ThirdSeal"],"picked":"hexamod:SwordOfDarkness","floor":3.0},{"not_picked":["hexamod:HauntingEcho","hexamod:SuperheatedStrike"],"picked":"hexamod:ThermalTransfer","floor":4.0},{"not_picked":["hexamod:BurningTouch","hexamod:DynamicBlow"],"picked":"hexamod:SpectersWail","floor":6.0},{"not_picked":["hexamod:SpectersWail","hexamod:SuperheatedStrike"],"picked":"hexamod:NightmareStrike","floor":9.0},{"not_picked":["hexamod:Hexaguard","hexamod:BacktrackSmack"],"picked":"hexamod:PowerFromBeyond","floor":10.0},{"not_picked":["hexamod:ExtraCrispy+1","hexamod:BurningTouch"],"picked":"hexamod:EmpoweredFlame+1","floor":12.0},{"not_picked":["hexamod:SpectralAdrenaline","hexamod:NightmareStrike"],"picked":"hexamod:GhostOfSpirePast+1","floor":13.0},{"not_picked":["hexamod:HeatMetal","hexamod:DynamicBlow"],"picked":"hexamod:Firestarter","floor":14.0},{"not_picked":["hexamod:SpectralAdrenaline","hexamod:Firestarter"],"picked":"hexamod:GiftsFromTheDead+1","floor":15.0},{"not_picked":["hexamod:ApocalypticArmor+1","hexamod:GhostOfSpirePresent+1"],"picked":"hexamod:VolcanoVisage+1","floor":16.0},{"not_picked":["hexamod:GhostLash","hexamod:NightmareStrike"],"picked":"hexamod:SoulSteal+1","floor":19.0},{"not_picked":["hexamod:GhostShield","hexamod:HeatShield"],"picked":"hexamod:HauntingEcho","floor":20.0},{"not_picked":["hexamod:Hexaguard","hexamod:SuperheatedStrike"],"picked":"hexamod:Firestarter+1","floor":22.0},{"not_picked":["hexamod:ThirdSeal","hexamod:BurningTouch+1"],"picked":"hexamod:ApocalypticArmor+1","floor":23.0},{"not_picked":["hexamod:SuperheatedStrike+1","hexamod:BacktrackSmack"],"picked":"hexamod:SpectersWail","floor":27.0},{"not_picked":["hexamod:AdvancingGuard+1","hexamod:NightmareGuise+1"],"picked":"hexamod:GhostOfSpireFuture+1","floor":28.0},{"not_picked":["hexamod:FlameSwitch","hexamod:GhostOfSpirePast+1"],"picked":"hexamod:ExtraCrispy+1","floor":30.0},{"not_picked":["hexamod:ThermalTransfer+1","hexamod:SuperheatedStrike"],"picked":"hexamod:ShieldOfDarkness+1","floor":31.0},{"not_picked":["hexamod:NightmareGuise","hexamod:Hexaguard"],"picked":"hexamod:BurningTouch+1","floor":32.0},{"not_picked":["hexamod:ApocalypticArmor+1","hexamod:FlameSwitch"],"picked":"hexamod:HexaLevel+1","floor":33.0},{"not_picked":["hexamod:ChargedBarrage+1","hexamod:HauntingEcho"],"picked":"hexamod:EmpoweredFlame+1","floor":36.0},{"not_picked":["hexamod:CatchUp","hexamod:EtherealExpedition"],"picked":"hexamod:SpectralAdrenaline","floor":38.0},{"not_picked":["hexamod:SpectersWail","hexamod:FourthSeal"],"picked":"hexamod:BurningTouch","floor":39.0},{"not_picked":["hexamod:SuperheatedStrike+1","hexamod:Firestarter"],"picked":"hexamod:BurningTouch+1","floor":40.0},{"not_picked":["hexamod:GhostflameInferno","hexamod:HeatCrush+1"],"picked":"hexamod:FlamesFromBeyond+1","floor":43.0},{"not_picked":["expansioncontent:LastStand","expansioncontent:AwakenDeath"],"picked":"expansioncontent:PrepareCrush","floor":44.0},{"not_picked":["expansioncontent:AwakenDeath","expansioncontent:PolyBeam"],"picked":"expansioncontent:YouAreMine","floor":44.0},{"not_picked":["expansioncontent:PolyBeam","expansioncontent:InvincibleStrength"],"picked":"expansioncontent:AwakenDeath","floor":44.0},{"not_picked":["hexamod:EtherealExpedition+1","hexamod:HauntingEcho"],"picked":"hexamod:ThermalTransfer+1","floor":48.0},{"not_picked":["hexamod:FastForward+1","hexamod:SoulSteal+1"],"picked":"hexamod:InspiringFlames+1","floor":49.0},{"not_picked":["hexamod:FourthSeal","hexamod:SpectersWail+1"],"picked":"hexamod:RecurringNightmare+1","floor":52}],"player_experience":1950314,"relics_obtained":[{"floor":7.0,"key":"Frozen Egg 2"},{"floor":9.0,"key":"bronze:DecasWashers"},{"floor":10.0,"key":"Bird Faced Urn"},{"floor":13.0,"key":"Boot"},{"floor":17.0,"key":"Blood Vial"},{"floor":17.0,"key":"Letter Opener"},{"floor":17.0,"key":"Shovel"},{"floor":18.0,"key":"The Courier"},{"floor":23.0,"key":"Old Coin"},{"floor":29.0,"key":"Akabeko"},{"floor":30.0,"key":"Art of War"},{"floor":35.0,"key":"Mercury Hourglass"},{"floor":38.0,"key":"Peace Pipe"},{"floor":41.0,"key":"Ancient Tea Set"},{"floor":41.0,"key":"StoneCalendar"},{"floor":43.0,"key":"Torii"},{"floor":48.0,"key":"PreservedInsect"},{"floor":52,"key":"HornCleat"}],"event_choices":[{"cards_removed":["hexamod:GhostOfSpirePast"],"damage_healed":10.0,"max_hp_gain":0.0,"max_hp_loss":0.0,"gold_gain":0.0,"event_name":"Bonfire Elementals","player_choice":"Offered Uncommon","floor":26.0,"gold_loss":0.0,"damage_taken":0.0},{"damage_healed":0.0,"max_hp_gain":0.0,"max_hp_loss":0.0,"gold_gain":0.0,"event_name":"Mysterious Sphere","player_choice":"Fight","floor":38.0,"gold_loss":0.0,"damage_taken":0.0}],"is_beta":false,"boss_relics":[{"not_picked":["Coffee Dripper","hexamod:UnbrokenSoul"],"picked":"Calling Bell"},{"not_picked":["Black Star","Runic Pyramid"],"picked":"expansioncontent:StudyCardRelic"}],"items_purged_floors":[22,42],"is_endless":false,"potions_floor_spawned":[6,9,10,15,16,23,28,31,32,36,39,40],"killed_by":"downfall:NeowBoss","ascension_level":9}}