{"host":"72n3jwtrlpjobydj","time":1613727316,"event":{"mods":["AchievementEnabler","BaseMod","CapriCore","DeckTracker","Hermit","Koishi","KomeijiMod","Lobotomy","Marisa£¨Ùöéë¡¡Øª×âÞÞ£©","Minty Spire (QoL Compilation)","Permanent Neow","StSLib","SuperFastMode","The Cursed","The Hierophant","The Immortal"],"gold_per_floor":[119,172,173,181,194,194,210,119,166,114,103,103,122,122,122,112,112],"floor_reached":16,"language":"KOR","playtime":795,"items_purged":[],"score":102,"play_id":"f0c4f429-e8bf-457b-9548-75050cfbc612","local_time":"20210219183516","is_ascension_mode":false,"campfire_choices":[{"floor":6,"key":"REST"},{"floor":12,"key":"REST"},{"floor":15,"key":"REST"}],"circlet_count":0,"master_deck":["hierophant:Strike_Hierophant","hierophant:Strike_Hierophant","hierophant:Strike_Hierophant","hierophant:Strike_Hierophant","hierophant:Punish","hierophant:Defend_Hierophant","hierophant:Defend_Hierophant","hierophant:Defend_Hierophant","hierophant:Defend_Hierophant","hierophant:ChurchCoffers","hierophant:Sermon","hierophant:FaithHealing","hierophant:FieryStrike","Dark Shackles","hierophant:Smite","hierophant:PassingBell","hierophant:Smite","Parasite"],"relics":["hierophant:PropheticMaskRelic","Regal Pillow","Singing Bowl","Oddly Smooth Stone"],"acts_visited":["Exordium"],"potions_floor_usage":[7,13,16],"damage_taken":[{"damage":7,"enemies":"Cultist","floor":1,"turns":5},{"damage":5,"enemies":"Small Slimes","floor":3,"turns":3},{"damage":0,"enemies":"2 Louse","floor":4,"turns":2},{"damage":10,"enemies":"Gremlin Gang","floor":5,"turns":4},{"damage":70,"enemies":"Lagavulin","floor":7,"turns":11},{"damage":4,"enemies":"Looter","floor":11,"turns":3},{"damage":35,"enemies":"Exordium Thugs","floor":13,"turns":5},{"damage":72,"enemies":"Hexaghost","floor":16,"turns":11}],"seed_played":"-6524143293031876531","potions_obtained":[{"floor":4,"key":"LiquidBronze"},{"floor":5,"key":"Swift Potion"},{"floor":11,"key":"Swift Potion"}],"is_trial":false,"path_per_floor":["M","T","M","M","M","R","E","$","T","$","M","R","M","?","R","B"],"character_chosen":"HIEROPHANT","items_purchased":["Dark Shackles","hierophant:Smite"],"campfire_rested":3,"item_purchase_floors":[8,10],"current_hp_per_floor":[75,75,70,70,60,82,12,12,12,12,8,47,12,32,71,0,0],"gold":112,"neow_bonus":"TEN_PERCENT_HP_BONUS","is_daily":false,"chose_seed":false,"campfire_upgraded":0,"win_rate":0.0,"timestamp":1613727316,"path_taken":["M","?","M","M","M","R","E","$","T","$","M","R","M","?","R","BOSS"],"items_purchased_type":["Card","Card"],"build_version":"2020-12-22","purchased_purges":0,"victory":false,"max_hp_per_floor":[82,82,82,82,82,82,82,82,82,82,82,82,82,82,82,82,82],"card_choices":[{"not_picked":["hierophant:Encroach","hierophant:Prophecy"],"picked":"hierophant:Sermon","floor":1},{"not_picked":["hierophant:SolarFlare","hierophant:Exaltation","hierophant:MorningPrayer"],"picked":"SKIP","floor":3},{"not_picked":["hierophant:AuricBeam","hierophant:AuricShield","hierophant:Rebuild"],"picked":"SKIP","floor":4},{"not_picked":["hierophant:Sermon","hierophant:Upheaval"],"picked":"hierophant:FaithHealing","floor":5},{"not_picked":["hierophant:Upheaval","hierophant:Invocation"],"picked":"hierophant:FieryStrike","floor":7},{"not_picked":["hierophant:ThreeLashes","hierophant:FieryStrike"],"picked":"hierophant:PassingBell","floor":11},{"not_picked":["hierophant:TollTheBells","hierophant:Encroach"],"picked":"hierophant:Smite","floor":13}],"player_experience":88856,"relics_obtained":[{"floor":2,"key":"Regal Pillow"},{"floor":7,"key":"Singing Bowl"},{"floor":9,"key":"Oddly Smooth Stone"}],"event_choices":[{"damage_healed":20,"gold_gain":0,"player_choice":"Healed and dodged fight","damage_taken":0,"max_hp_gain":0,"max_hp_loss":0,"event_name":"Mushrooms","floor":14,"gold_loss":0,"cards_obtained":["Parasite"]}],"is_beta":false,"boss_relics":[],"items_purged_floors":[],"is_endless":false,"potions_floor_spawned":[4,5,11],"killed_by":"Hexaghost","ascension_level":0}}