{"host":"fuszjwm6fqgjjp4d","time":1613710555,"event":{"mods":["BaseMod","Colored Map","Minty Spire (QoL Compilation)","Permanent Neow","Relic Sorter","Relic Stats","StSLib"],"gold_per_floor":[113,113,182,182,194,227,241,241,241,268,156,156,174,231,231,307,307,322,336,336,336,48,48,61,61,108,135,135,145,145,156,156,156,156],"floor_reached":33,"language":"ENG","playtime":871,"items_purged":[],"score":546,"play_id":"8d7fd767-d368-480c-ae7b-e8007f433886","local_time":"20210218225555","is_ascension_mode":true,"campfire_choices":[{"data":"Flex","floor":8,"key":"SMITH"},{"data":"Combust","floor":12,"key":"SMITH"},{"floor":15,"key":"REST"},{"data":"Limit Break","floor":23,"key":"SMITH"},{"floor":25,"key":"REST"},{"data":"Rupture","floor":28,"key":"SMITH"},{"floor":32,"key":"REST"}],"circlet_count":0,"master_deck":["AscendersBane","Strike_R","Strike_R","Strike_R","Defend_R","Defend_R","Defend_R","Bash","Clash+1","Feel No Pain+1","Rupture+1","Flex+1","Twin Strike+1","Shrug It Off","Twin Strike+1","Combust+1","Rupture+1","Pommel Strike+1","Limit Break+1","Battle Trance","Shrug It Off","Pommel Strike+1"],"relics":["Astrolabe","Molten Egg 2","CaptainsWheel","HornCleat","Gremlin Horn","Self Forming Clay","StoneCalendar","Sozu","MutagenicStrength","Eternal Feather","Ice Cream"],"acts_visited":["Exordium","TheCity"],"potions_floor_usage":[6],"damage_taken":[{"damage":4,"enemies":"Small Slimes","floor":1,"turns":4},{"damage":7,"enemies":"Jaw Worm","floor":5,"turns":3},{"damage":21,"enemies":"3 Sentries","floor":6,"turns":14},{"damage":0,"enemies":"Cultist","floor":7,"turns":4},{"damage":8,"enemies":"Lagavulin","floor":10,"turns":5},{"damage":2,"enemies":"Large Slime","floor":13,"turns":4},{"damage":8,"enemies":"Lagavulin Event","floor":14,"turns":5},{"damage":22,"enemies":"The Guardian","floor":16,"turns":8},{"damage":20,"enemies":"3 Byrds","floor":18,"turns":4},{"damage":15,"enemies":"2 Thieves","floor":19,"turns":4},{"damage":0,"enemies":"Centurion and Healer","floor":24,"turns":6},{"damage":46,"enemies":"Book of Stabbing","floor":27,"turns":6},{"damage":18,"enemies":"Shelled Parasite and Fungi","floor":29,"turns":3},{"damage":22,"enemies":"Colosseum Slavers","floor":30,"turns":3},{"damage":2,"enemies":"3 Cultists","floor":31,"turns":3},{"damage":66,"enemies":"Automaton","floor":33,"turns":6}],"seed_played":"589223354276414411","potions_obtained":[{"floor":1,"key":"ColorlessPotion"},{"floor":13,"key":"FairyPotion"},{"floor":14,"key":"FearPotion"}],"is_trial":false,"path_per_floor":["M","?","?","?","M","E","M","R","T","E","?","R","M","?","R","B",null,"M","M","?","?","$","R","M","R","T","E","R","M","?","M","R","B"],"character_chosen":"IRONCLAD","items_purchased":["Eternal Feather"],"campfire_rested":3,"item_purchase_floors":[22],"current_hp_per_floor":[64,46,46,71,64,43,43,43,43,35,35,35,33,25,47,25,63,43,28,7,7,7,19,19,55,55,9,21,3,10,8,44,0,0],"gold":156,"neow_bonus":"BOSS_RELIC","is_daily":false,"chose_seed":false,"campfire_upgraded":4,"win_rate":0.0,"timestamp":1613710555,"path_taken":["M","?","?","?","M","E","M","R","T","E","?","R","?","?","R","BOSS","M","M","?","?","$","R","M","R","T","E","R","M","?","M","R","BOSS"],"items_purchased_type":["Relic"],"build_version":"2020-12-22","purchased_purges":0,"victory":false,"max_hp_per_floor":[75,75,75,75,75,75,75,75,75,75,75,75,75,75,75,75,75,75,75,80,80,80,80,80,80,80,80,80,80,80,80,80,80,80],"relic_stats":{"Sozu":2,"Gremlin Horn":[10,10],"counters":[16,82],"Self Forming Clay":[171],"Astrolabe":["Clash","Feel No Pain","Rupture"],"StoneCalendar":[52],"Eternal Feather":48,"obtain_stats":[{"Sozu":17,"Ice Cream":27,"CaptainsWheel":6,"HornCleat":9,"Gremlin Horn":10,"Self Forming Clay":11,"Astrolabe":0,"MutagenicStrength":21,"Molten Egg 2":2,"StoneCalendar":14,"Eternal Feather":22,"Burning Blood":0},{"Sozu":8,"Ice Cream":12,"CaptainsWheel":3,"HornCleat":4,"Gremlin Horn":5,"Self Forming Clay":5,"Astrolabe":0,"MutagenicStrength":10,"Molten Egg 2":1,"StoneCalendar":7,"Eternal Feather":10,"Burning Blood":0},{"Sozu":47,"Ice Cream":67,"CaptainsWheel":21,"HornCleat":25,"Gremlin Horn":30,"Self Forming Clay":30,"Astrolabe":0,"MutagenicStrength":55,"Molten Egg 2":4,"StoneCalendar":39,"Eternal Feather":55,"Burning Blood":0}]},"card_choices":[{"not_picked":["Blood for Blood","Havoc"],"picked":"Flex","floor":1},{"not_picked":["Wild Strike+1","Pommel Strike+1"],"picked":"Twin Strike+1","floor":5},{"not_picked":["Ghostly Armor","Dropkick+1"],"picked":"Shrug It Off","floor":6},{"not_picked":["Reckless Charge+1","Warcry"],"picked":"Twin Strike+1","floor":7},{"not_picked":["Warcry","Clash+1"],"picked":"Combust","floor":10},{"not_picked":["Twin Strike+1","Offering"],"picked":"Rupture","floor":13},{"not_picked":["Body Slam+1","Sword Boomerang+1"],"picked":"Pommel Strike+1","floor":14},{"not_picked":["Brutality","Exhume"],"picked":"Limit Break","floor":16},{"not_picked":["Rampage+1","Armaments"],"picked":"Battle Trance","floor":18},{"not_picked":["Warcry","Flame Barrier"],"picked":"Shrug It Off","floor":19},{"not_picked":["Pommel Strike+1","Flame Barrier","Entrench"],"picked":"SKIP","floor":24},{"not_picked":["Cleave+1","Shockwave","Perfected Strike+1"],"picked":"SKIP","floor":27},{"not_picked":["Demon Form","Clash+1"],"picked":"Pommel Strike+1","floor":29},{"not_picked":["Infernal Blade","Battle Trance","Wild Strike+1"],"picked":"SKIP","floor":31}],"player_experience":1502311,"relics_obtained":[{"floor":6,"key":"CaptainsWheel"},{"floor":9,"key":"HornCleat"},{"floor":10,"key":"Gremlin Horn"},{"floor":14,"key":"StoneCalendar"},{"floor":27,"key":"Ice Cream"}],"event_choices":[{"damage_healed":0,"gold_gain":0,"player_choice":"Success","damage_taken":18,"relics_obtained":["Molten Egg 2"],"max_hp_gain":0,"max_hp_loss":0,"event_name":"Scrap Ooze","floor":2,"gold_loss":0},{"damage_healed":0,"gold_gain":69,"player_choice":"Gained Gold","damage_taken":0,"max_hp_gain":0,"max_hp_loss":0,"event_name":"Golden Wing","floor":3,"gold_loss":0},{"damage_healed":25,"gold_gain":0,"player_choice":"Banana","damage_taken":0,"max_hp_gain":0,"max_hp_loss":0,"event_name":"Big Fish","floor":4,"gold_loss":0},{"damage_healed":0,"gold_gain":0,"player_choice":"Paid Gold","damage_taken":0,"relics_obtained":["Self Forming Clay"],"max_hp_gain":0,"max_hp_loss":0,"event_name":"WeMeetAgain","floor":11,"gold_loss":112},{"damage_healed":0,"gold_gain":0,"player_choice":"Searched \u00271\u0027 times","damage_taken":0,"max_hp_gain":0,"max_hp_loss":0,"event_name":"Dead Adventurer","floor":14,"gold_loss":0},{"damage_healed":0,"gold_gain":0,"player_choice":"Shed Blood","damage_taken":26,"max_hp_gain":5,"max_hp_loss":0,"event_name":"Forgotten Altar","floor":20,"gold_loss":0},{"damage_healed":0,"gold_gain":0,"player_choice":"Inject Mutagens","damage_taken":0,"relics_obtained":["MutagenicStrength"],"max_hp_gain":0,"max_hp_loss":0,"event_name":"Drug Dealer","floor":21,"gold_loss":0},{"damage_healed":0,"gold_gain":0,"player_choice":"Fight","damage_taken":0,"max_hp_gain":0,"max_hp_loss":0,"event_name":"Colosseum","floor":30,"gold_loss":0},{"damage_healed":0,"gold_gain":0,"player_choice":"Fled From Nobs","damage_taken":0,"max_hp_gain":0,"max_hp_loss":0,"event_name":"Colosseum","floor":30,"gold_loss":0}],"is_beta":false,"boss_relics":[{"not_picked":["Velvet Choker","Tiny House"],"picked":"Sozu"}],"items_purged_floors":[],"is_endless":false,"potions_floor_spawned":[1,13,14,16,18,19],"killed_by":"Automaton","ascension_level":20}}