{"host":"onk0sru1v5nf4gev","time":1613740110,"event":{"mods":["AchievementEnabler","BaseMod","Downfall","Googly Eyes","Hermit","Minty Spire (QoL Compilation)","Quick Restart","Replay The Spire","StSLib","SuperFastMode","The Cursed"],"gold_per_floor":[212,212,15,15,27,27,55,55,55,55,73,73,93,16,16,16,16],"floor_reached":16,"language":"FRA","playtime":419,"items_purged":[],"score":106,"play_id":"4f77cd96-6aad-49b4-b21b-4058bf1fbf48","local_time":"20210219140830","is_ascension_mode":true,"campfire_choices":[{"data":"Armaments","floor":6.0,"key":"SMITH"},{"data":"Flex","floor":10.0,"key":"SMITH"},{"data":"Limit Break","floor":15.0,"key":"SMITH"}],"circlet_count":0,"master_deck":["Strike_R","Strike_R","Strike_R+1","Strike_R","Strike_R","Defend_R","Defend_R","Defend_R","Defend_R","Bash","Berserk+1","Flex+1","Armaments+1","Clash","Flex","Limit Break+1"],"relics":["Burning Blood","Strange Spoon","Odd Mushroom","Mercury Hourglass","Garlic"],"acts_visited":[],"potions_floor_usage":[],"damage_taken":[{"damage":6.0,"enemies":"2 Louse","floor":1.0,"turns":3.0},{"damage":2.0,"enemies":"Jaw Worm","floor":5.0,"turns":3.0},{"damage":26.0,"enemies":"The Mushroom Lair","floor":7.0,"turns":6.0},{"damage":3.0,"enemies":"Small Slimes","floor":11.0,"turns":2.0},{"damage":3.0,"enemies":"3 Louse","floor":13.0,"turns":2.0},{"damage":64,"enemies":"The Guardian","floor":16,"turns":9}],"seed_played":"6656467850595353310","potions_obtained":[{"floor":7.0,"key":"Dexterity Potion"},{"floor":13.0,"key":"SmokeBomb"}],"is_trial":false,"path_per_floor":["M","?","$","?","M","R","?","?","T","R","M","?","M","$","R","B"],"character_chosen":"IRONCLAD","items_purchased":["Flex","Strange Spoon","Limit Break"],"campfire_rested":0,"item_purchase_floors":[3,3,14],"current_hp_per_floor":[80,80,80,80,80,80,60,60,60,60,63,60,63,63,63,0,0],"gold":16,"neow_bonus":"HUNDRED_GOLD","is_daily":false,"chose_seed":false,"campfire_upgraded":3,"win_rate":0.0,"timestamp":1613740110,"path_taken":["M","?","$","?","M","R","?","?","T","R","M","?","?","$","R","BOSS"],"items_purchased_type":["Card","Relic","Card"],"build_version":"2020-12-22","purchased_purges":0,"victory":false,"max_hp_per_floor":[80,80,80,80,80,80,80,80,80,80,80,80,80,80,80,80,80],"card_choices":[{"not_picked":["Evolve","Clash"],"picked":"Heavy Blade","floor":1.0},{"not_picked":["Replay:Undeath\u0027s Touch","Carnage"],"picked":"Armaments","floor":5.0},{"not_picked":["Dropkick","Exhume"],"picked":"Clash","floor":7.0},{"not_picked":["Perfected Strike","Run Through"],"picked":"Flex","floor":11.0},{"not_picked":["True Grit","Hemokinesis","Second Wind"],"picked":"SKIP","floor":13.0}],"player_experience":290806,"relics_obtained":[{"floor":7.0,"key":"Odd Mushroom"},{"floor":9.0,"key":"Mercury Hourglass"}],"event_choices":[{"damage_healed":0.0,"max_hp_gain":0.0,"max_hp_loss":0.0,"gold_gain":0.0,"event_name":"Golden Wing","player_choice":"Ignored","floor":4.0,"gold_loss":0.0,"damage_taken":0.0},{"damage_healed":0.0,"max_hp_gain":0.0,"max_hp_loss":0.0,"gold_gain":0.0,"event_name":"Mushrooms","player_choice":"Fought Mushrooms","floor":7.0,"gold_loss":0.0,"damage_taken":0.0},{"damage_healed":0.0,"max_hp_gain":0.0,"max_hp_loss":0.0,"gold_gain":0.0,"event_name":"Scrap Ooze","player_choice":"Success","floor":12.0,"gold_loss":0.0,"damage_taken":3.0,"relics_obtained":["Garlic"]}],"is_beta":false,"boss_relics":[],"items_purged_floors":[],"is_endless":false,"potions_floor_spawned":[7,13],"killed_by":"The Guardian","ascension_level":4}}