{"host":"htqwg582tjjtn9p7","time":1613750659,"event":{"mods":["2.2 Compatiblity","AchievementEnabler","Act Like it!","Aspiration","BaseMod","Better Third Choice","Colored Map","Conspire","Curses Come First","Displayed Cursed Tome","Energized Spire","Force Act Four","Fox Events","GifTheSpireLib","Hermit","Highlight Path","JesterMod","Mad Scientist","Minty Spire (QoL Compilation)","Pale of the Ancients","Permanent Neow","Random Character Button","Relic Stats","Reliquary","Replay The Spire","Robot Space Explorer","Somnambulant","Spicy Shops","Spikes Relics","StSLib","Stuff the Spire","The Blue Laboratory","The Bug Knight","The Forsaken","The Gatherer","The Judge","The Jungle","The Marked","The Runesmith","The Servant 0.9.4","Uncapped"],"gold_per_floor":[109,109,109,122,74,74,96,96,120,133,144,190,190,205,205,302,302,316,335,347,359,371,371,405,405,428,460,460,491,504,532,532,627,627,640,659,152,170,170,201,211,240,265,275,306,306,306],"floor_reached":46,"language":"ENG","playtime":3584,"items_purged":[],"score":1036,"play_id":"38545e15-5819-4cb9-b8b3-1bc76e4a2659","local_time":"20210219170419","is_ascension_mode":true,"campfire_choices":[{"floor":6,"key":"REST"},{"data":"Ragnarok","floor":8,"key":"SMITH"},{"floor":13,"key":"REST"},{"floor":15,"key":"REST"},{"floor":23,"key":"REST"},{"data":"RobotSpaceExplorer:TrailblazerForm","floor":32,"key":"SMITH"}],"circlet_count":0,"master_deck":["AscendersBane","RobotSpaceExplorer:Defend","RobotSpaceExplorer:Defend+1","RobotSpaceExplorer:Defend","RobotSpaceExplorer:Defend","RobotSpaceExplorer:Scan","RobotSpaceExplorer:MiniLasers","RobotSpaceExplorer:SelfCleaning+1","Ragnarok+1","RobotSpaceExplorer:Pulsar","RobotSpaceExplorer:StunGrenade","RobotSpaceExplorer:DoubleFind","RobotSpaceExplorer:ToxicBomb","RobotSpaceExplorer:ShockMissile+1","RobotSpaceExplorer:DoubleBlock","RobotSpaceExplorer:LaserBurst","RobotSpaceExplorer:ToxicBomb+1","StuffTheSpire:Ambrosia","RobotSpaceExplorer:Multitool","Bite","Bite","Bite","Bite","Bite","RobotSpaceExplorer:PowerCollector","RobotSpaceExplorer:TrailblazerForm+1","RobotSpaceExplorer:ChargingLaser+1","RobotSpaceExplorer:DoubleFind+1","RobotSpaceExplorer:Blitz","RobotSpaceExplorer:PlasmaMissile","RobotSpaceExplorer:Pulsar+1","RobotSpaceExplorer:Pulsar","RobotSpaceExplorer:TurboDodge","Pride","RobotSpaceExplorer:StarDust+1"],"relics":["ChewingGum","StuffTheSpire:Experiment12","Odd Mushroom","Gremlin Food","Snecko Eye","Ginger","reliquary:TatteredRug","ReplayTheSpireMod:Lightbulb","theForsaken:Lifeblossom","reliquary:Firecrackers","conspire:SeveredTorchhead","CherryCoatedStake","StuffTheSpire:BottledEssence","Guide Book","reliquary:Stiletto","War Paint","StuffTheSpire:HeavyRock","Akabeko"],"acts_visited":["Exordium","TheCity","TheBeyond"],"potions_floor_usage":[16,21,24,31,31,31,40,45,45,45,45],"damage_taken":[{"damage":13,"enemies":"2 Louse","floor":1,"turns":6},{"damage":10,"enemies":"Jaw Worm","floor":4,"turns":4},{"damage":9,"enemies":"The Mushroom Lair","floor":7,"turns":4},{"damage":0,"enemies":"conspire:RoseBush","floor":10,"turns":5},{"damage":12,"enemies":"conspire:2 RoseBushes","floor":11,"turns":8},{"damage":4,"enemies":"Blue Slaver","floor":14,"turns":3},{"damage":35,"enemies":"Slime Boss","floor":16,"turns":12},{"damage":0,"enemies":"Shell Parasite","floor":18,"turns":4},{"damage":0,"enemies":"Chosen and Byrds","floor":19,"turns":3},{"damage":0,"enemies":"conspire:HollyBat","floor":20,"turns":7},{"damage":8,"enemies":"Snake Plant","floor":21,"turns":7},{"damage":6,"enemies":"3 Cultists","floor":22,"turns":6},{"damage":0,"enemies":"Gremlin Leader","floor":24,"turns":8},{"damage":1,"enemies":"conspire:Head Lice","floor":27,"turns":9},{"damage":0,"enemies":"conspire:SneckoGhost","floor":29,"turns":9},{"damage":30,"enemies":"Sentry and Sphere","floor":30,"turns":7},{"damage":7,"enemies":"Book of Stabbing","floor":31,"turns":5},{"damage":3,"enemies":"Champ","floor":33,"turns":28},{"damage":7,"enemies":"3 Shapes","floor":35,"turns":9},{"damage":16,"enemies":"3 Darklings","floor":36,"turns":4},{"damage":20,"enemies":"Sphere and 2 Shapes","floor":38,"turns":4},{"damage":57,"enemies":"Reptomancer","floor":40,"turns":7},{"damage":0,"enemies":"Writhing Mass","floor":41,"turns":12},{"damage":0,"enemies":"Nemesis","floor":42,"turns":7},{"damage":3,"enemies":"4 Shapes","floor":44,"turns":5},{"damage":33,"enemies":"Giant Head","floor":45,"turns":9},{"damage":8,"enemies":"Jaw Worm Horde","floor":46,"turns":2}],"seed_played":"-8620295553943790991","potions_obtained":[{"floor":7,"key":"Languid Potion"},{"floor":11,"key":"blueLaboratory:LouseDecoction"},{"floor":14,"key":"blueLaboratory:BottleOfRum"},{"floor":18,"key":"PowerPotion"},{"floor":27,"key":"blueLaboratory:AbyssPotion"},{"floor":29,"key":"blueLaboratory:BottleOfRum"},{"floor":30,"key":"RobotSpaceExplorer:RecyclePotion"},{"floor":39,"key":"blueLaboratory:ExaltedPotion"},{"floor":40,"key":"RobotSpaceExplorer:RecyclePotion"},{"floor":44,"key":"EntropicBrew"}],"is_trial":false,"path_per_floor":["M","?","?","M","$","R","?","R","T","M","M","T","R","M","R","B",null,"M","M","M","M","M","R","E","?","T","E","?","E","M","E","R","B",null,"M","M","$","M","?","E","M","E","T","M","E","M"],"character_chosen":"RobotSpaceExplorer","items_purchased":["RobotSpaceExplorer:StunGrenade","RobotSpaceExplorer:PlasmaMissile","CherryCoatedStake","StuffTheSpire:BottledEssence","Guide Book","Dexterity Potion"],"campfire_rested":4,"item_purchase_floors":[5,37,37,37,37,37],"current_hp_per_floor":[55,43,43,33,33,55,46,46,46,46,34,34,56,52,74,39,66,66,66,66,58,52,74,74,74,74,74,53,54,33,40,40,57,57,58,56,56,57,57,43,57,63,63,64,34,34,34],"gold":306,"neow_bonus":"BOSS_RELIC","is_daily":false,"chose_seed":false,"campfire_upgraded":2,"win_rate":0.0,"timestamp":1613750659,"path_taken":["M","?","?","?","$","R","?","R","T","M","M","?","R","M","R","BOSS","M","M","M","?","M","R","E","?","T","E","?","E","M","E","R","BOSS","M","M","$","M","?","E","?","E","T","M","E","M"],"items_purchased_type":["Card","Card","Relic","Relic","Relic","Potion"],"build_version":"2020-12-22","purchased_purges":0,"victory":false,"max_hp_per_floor":[75,75,75,75,75,75,75,75,75,75,75,75,75,75,75,75,75,75,75,75,75,75,75,75,75,75,76,53,54,55,56,56,57,57,58,59,59,60,60,61,62,63,63,64,65,66,66],"relic_stats":{"counters":[27,194],"Snecko Eye":[267,272,275,281],"Ginger":[14],"War Paint":["RobotSpaceExplorer:Pulsar","RobotSpaceExplorer:Defend"],"obtain_stats":[{"Gremlin Food":9,"aspiration:Lifesprig":12,"CherryCoatedStake":37,"reliquary:Firecrackers":31,"Guide Book":37,"RobotSpaceExplorer:RoboCore":0,"theForsaken:Lifeblossom":29,"reliquary:TatteredRug":26,"StuffTheSpire:BottledEssence":37,"Ginger":24,"Odd Mushroom":7,"War Paint":42,"Akabeko":45,"conspire:SeveredTorchhead":34,"StuffTheSpire:Experiment12":2,"StuffTheSpire:HeavyRock":43,"Snecko Eye":17,"ChewingGum":0,"reliquary:Stiletto":40,"ReplayTheSpireMod:Lightbulb":27},{"Gremlin Food":3,"aspiration:Lifesprig":5,"CherryCoatedStake":20,"reliquary:Firecrackers":17,"Guide Book":20,"RobotSpaceExplorer:RoboCore":0,"theForsaken:Lifeblossom":15,"reliquary:TatteredRug":13,"StuffTheSpire:BottledEssence":20,"Ginger":13,"Odd Mushroom":3,"War Paint":24,"Akabeko":26,"conspire:SeveredTorchhead":18,"StuffTheSpire:Experiment12":1,"StuffTheSpire:HeavyRock":24,"Snecko Eye":7,"ChewingGum":0,"reliquary:Stiletto":22,"ReplayTheSpireMod:Lightbulb":14},{"Gremlin Food":14,"aspiration:Lifesprig":27,"CherryCoatedStake":148,"reliquary:Firecrackers":107,"Guide Book":148,"RobotSpaceExplorer:RoboCore":0,"theForsaken:Lifeblossom":95,"reliquary:TatteredRug":77,"StuffTheSpire:BottledEssence":148,"Ginger":77,"Odd Mushroom":14,"War Paint":178,"Akabeko":192,"conspire:SeveredTorchhead":135,"StuffTheSpire:Experiment12":6,"StuffTheSpire:HeavyRock":178,"Snecko Eye":42,"ChewingGum":0,"reliquary:Stiletto":159,"ReplayTheSpireMod:Lightbulb":86}]},"card_choices":[{"not_picked":["RobotSpaceExplorer:MakeshiftVolley","RobotSpaceExplorer:ShockKick"],"picked":"RobotSpaceExplorer:SelfCleaning","floor":1},{"not_picked":["RobotSpaceExplorer:SurgingShield","RobotSpaceExplorer:IronShell"],"picked":"RobotSpaceExplorer:Pulsar","floor":4},{"not_picked":["RobotSpaceExplorer:DualCore","RobotSpaceExplorer:Reload"],"picked":"RobotSpaceExplorer:DoubleFind","floor":7},{"not_picked":["RobotSpaceExplorer:GlueShot","RobotSpaceExplorer:ShockKick","RobotSpaceExplorer:MiniBoosters"],"picked":"SKIP","floor":10},{"not_picked":["RobotSpaceExplorer:SurgingShield","RobotSpaceExplorer:SlimeMissile","RobotSpaceExplorer:Ammunition"],"picked":"SKIP","floor":11},{"not_picked":["RobotSpaceExplorer:FreezeRay","RobotSpaceExplorer:StunGrenade"],"picked":"RobotSpaceExplorer:ToxicBomb","floor":14},{"not_picked":["RobotSpaceExplorer:Autoloader","RobotSpaceExplorer:Comet"],"picked":"RobotSpaceExplorer:ShockMissile","floor":16},{"not_picked":["RobotSpaceExplorer:FranticSearch","RobotSpaceExplorer:Jetpack+1","RobotSpaceExplorer:SlimeMissile"],"picked":"SKIP","floor":18},{"not_picked":["RobotSpaceExplorer:ScrapMissile","RobotSpaceExplorer:IronShell"],"picked":"RobotSpaceExplorer:DoubleBlock","floor":19},{"not_picked":["RobotSpaceExplorer:MetalStrike","RobotSpaceExplorer:ScrapMissile","RobotSpaceExplorer:SlimeMissile"],"picked":"SKIP","floor":20},{"not_picked":["RobotSpaceExplorer:Comet","RobotSpaceExplorer:FreezingShield"],"picked":"RobotSpaceExplorer:LaserBurst","floor":21},{"not_picked":["RobotSpaceExplorer:SurgingStrike","RobotSpaceExplorer:ImprovisedAttack","RobotSpaceExplorer:GlueShot"],"picked":"SKIP","floor":22},{"not_picked":["RobotSpaceExplorer:MakeshiftVolley","RobotSpaceExplorer:FrostMissile"],"picked":"RobotSpaceExplorer:ToxicBomb+1","floor":24},{"not_picked":["StuffTheSpire:Harmony","StuffTheSpire:Brawn"],"picked":"StuffTheSpire:Ambrosia","floor":25},{"not_picked":["RobotSpaceExplorer:FranticSearch","RobotSpaceExplorer:IronShell"],"picked":"RobotSpaceExplorer:Multitool","floor":27},{"not_picked":["RobotSpaceExplorer:SwiftStep+1","RobotSpaceExplorer:IronShell","RobotSpaceExplorer:SlimeMissile"],"picked":"SKIP","floor":29},{"not_picked":["RobotSpaceExplorer:FranticSearch","RobotSpaceExplorer:ShockKick"],"picked":"RobotSpaceExplorer:PowerCollector","floor":30},{"not_picked":["RobotSpaceExplorer:Pulsar+1","RobotSpaceExplorer:Counterblock"],"picked":"RobotSpaceExplorer:TrailblazerForm","floor":31},{"not_picked":["RobotSpaceExplorer:Scanner","RobotSpaceExplorer:Autoloader"],"picked":"RobotSpaceExplorer:ChargingLaser","floor":33},{"not_picked":["RobotSpaceExplorer:SurgingShield","RobotSpaceExplorer:ImprovisedAttack+1"],"picked":"RobotSpaceExplorer:DoubleFind+1","floor":35},{"not_picked":["RobotSpaceExplorer:StunGrenade","RobotSpaceExplorer:GlueSpray"],"picked":"RobotSpaceExplorer:Blitz","floor":36},{"not_picked":["RobotSpaceExplorer:Counterblock+1","RobotSpaceExplorer:FranticSearch+1"],"picked":"RobotSpaceExplorer:Pulsar","floor":38},{"not_picked":["RobotSpaceExplorer:SelfCleaning","RobotSpaceExplorer:Arsenal","RobotSpaceExplorer:MiniDrones+1"],"picked":"SKIP","floor":40},{"not_picked":["RobotSpaceExplorer:MetalStrike+1","RobotSpaceExplorer:DualCore+1"],"picked":"RobotSpaceExplorer:Pulsar","floor":41},{"not_picked":["RobotSpaceExplorer:BigMissile","RobotSpaceExplorer:ScrapShield","RobotSpaceExplorer:Ammunition+1"],"picked":"SKIP","floor":42},{"not_picked":["RobotSpaceExplorer:TurboDodge","RobotSpaceExplorer:ImprovisedAttack+1","RobotSpaceExplorer:Electroshield"],"picked":"SKIP","floor":44},{"not_picked":["RobotSpaceExplorer:ImprovisedAttack+1","RobotSpaceExplorer:Electroshield"],"picked":"RobotSpaceExplorer:TurboDodge","floor":44},{"not_picked":["RobotSpaceExplorer:BigMissile+1","RobotSpaceExplorer:SurgingStrike"],"picked":"RobotSpaceExplorer:StarDust+1","floor":45}],"player_experience":2037516,"relics_obtained":[{"floor":7,"key":"Odd Mushroom"},{"floor":9,"key":"Gremlin Food"},{"floor":12,"key":"aspiration:Lifesprig"},{"floor":24,"key":"Ginger"},{"floor":26,"key":"reliquary:TatteredRug"},{"floor":27,"key":"ReplayTheSpireMod:Lightbulb"},{"floor":29,"key":"theForsaken:Lifeblossom"},{"floor":31,"key":"reliquary:Firecrackers"},{"floor":40,"key":"reliquary:Stiletto"},{"floor":42,"key":"War Paint"},{"floor":43,"key":"StuffTheSpire:HeavyRock"},{"floor":45,"key":"Akabeko"}],"event_choices":[{"damage_healed":0,"gold_gain":0,"player_choice":"Leave","damage_taken":0,"max_hp_gain":0,"max_hp_loss":0,"event_name":"conspire:Investor","floor":3,"gold_loss":0},{"damage_healed":0,"gold_gain":0,"player_choice":"Fought Mushrooms","damage_taken":0,"max_hp_gain":0,"max_hp_loss":0,"event_name":"Mushrooms","floor":7,"gold_loss":0},{"damage_healed":0,"gold_gain":0,"player_choice":"Became a vampire","damage_taken":0,"max_hp_gain":0,"max_hp_loss":23,"event_name":"Vampires","floor":28,"gold_loss":0,"cards_obtained":["Bite","Bite","Bite","Bite","Bite"]},{"damage_healed":0,"gold_gain":0,"player_choice":"Got Potions","damage_taken":0,"max_hp_gain":0,"max_hp_loss":0,"event_name":"Lab","floor":39,"gold_loss":0}],"is_beta":false,"boss_relics":[{"not_picked":["Kintsugi","Replay:Drink Me"],"picked":"Snecko Eye"},{"not_picked":["aspiration:PoetsPen_weak","energizedSpire:OgreHead"],"picked":"conspire:SeveredTorchhead"}],"items_purged_floors":[],"is_endless":false,"potions_floor_spawned":[7,11,14,18,20,27,29,30,40,41,44],"killed_by":"Jaw Worm Horde","ascension_level":10}}