{"host":"eaiphzh066bwqdh7","time":1613768992,"event":{"mods":["AchievementEnabler","Aspiration","BaseMod","Better Note","Colored Powertips","Halation","Highlight Path","Hubris","Infinite Spire","Minty Spire (QoL Compilation)","Quick Restart","Reliquary","Replay The Spire","StSLib"],"gold_per_floor":[368,387,387,70,84,84,98,98,98,98,114,114,132,132,132,235,235,235,254,254,7,25,25,25,25,79,79,79,90,109,109,109,109,109],"floor_reached":33,"language":"ENG","playtime":945,"items_purged":["Eruption","Strike_P"],"score":312,"play_id":"22caf0a6-2c86-4803-9a88-6f180298781e","local_time":"20210219160952","is_ascension_mode":true,"campfire_choices":[{"floor":6,"key":"REST"},{"floor":8,"key":"REST"},{"data":"WindmillStrike","floor":12,"key":"SMITH"},{"data":"PathToVictory","floor":15,"key":"SMITH"},{"floor":23,"key":"REST"},{"data":"Brilliance","floor":25,"key":"SMITH"},{"data":"DeusExMachina","floor":27,"key":"SMITH"},{"floor":32,"key":"REST"}],"circlet_count":0,"master_deck":["Strike_P","Strike_P","Strike_P","Defend_P","Defend_P","Defend_P","Defend_P","Vigilance","PathToVictory+1","Judgement+1","WindmillStrike+1","Brilliance+1","DeusExMachina+1","WindmillStrike","PathToVictory+1","Protect+1","PathToVictory"],"relics":["PureWater","Pear","reliquary:PurpleTingedLeaf","halation:EternalFortune","hubris:Backtick","Replay:Purple Gloves","Strange Spoon","hubris:ToyBattleship"],"acts_visited":["Exordium","TheCity"],"potions_floor_usage":[16,16,18,24,30,33,33],"damage_taken":[{"damage":0,"enemies":"Cultist","floor":1,"turns":2},{"damage":1,"enemies":"2 Louse","floor":2,"turns":2},{"damage":4,"enemies":"Small Slimes","floor":5,"turns":6},{"damage":33,"enemies":"Exordium Thugs","floor":7,"turns":9},{"damage":1,"enemies":"Red Slaver","floor":11,"turns":2},{"damage":0,"enemies":"2 Fungi Beasts","floor":13,"turns":2},{"damage":50,"enemies":"Slime Boss","floor":16,"turns":10},{"damage":0,"enemies":"2 Thieves","floor":18,"turns":1},{"damage":0,"enemies":"Chosen","floor":19,"turns":4},{"damage":33,"enemies":"Shelled Parasite and Fungi","floor":22,"turns":5},{"damage":0,"enemies":"Snecko","floor":24,"turns":1},{"damage":38,"enemies":"Snake Plant","floor":29,"turns":3},{"damage":38,"enemies":"Centurion and Healer","floor":30,"turns":5},{"damage":59,"enemies":"Collector","floor":33,"turns":6}],"seed_played":"284491307125940239","potions_obtained":[{"floor":3,"key":"LiquidBronze"},{"floor":3,"key":"DistilledChaos"},{"floor":3,"key":"SmokeBomb"},{"floor":16,"key":"SmokeBomb"},{"floor":19,"key":"Ancient Potion"},{"floor":29,"key":"Strength Potion"},{"floor":30,"key":"Venom Potion"}],"is_trial":false,"path_per_floor":["M","M","?","$","M","R","M","R","T","?","M","R","M","?","R","B",null,"M","M","?","$","M","R","M","R","T","R","$","M","M","?","R","B"],"character_chosen":"WATCHER","items_purchased":["Pear","Strange Spoon"],"campfire_rested":4,"item_purchase_floors":[4,21],"current_hp_per_floor":[51,50,50,60,56,80,47,71,71,71,70,70,70,73,73,29,88,88,88,88,88,55,81,81,81,81,81,81,46,10,10,37,0,0],"gold":109,"neow_bonus":"TWO_FIFTY_GOLD","is_daily":false,"chose_seed":false,"campfire_upgraded":4,"win_rate":0.0,"timestamp":1613768992,"path_taken":["M","M","?","$","M","R","?","R","T","?","M","R","M","?","R","BOSS","M","M","?","$","?","R","M","R","T","R","?","M","M","?","R","BOSS"],"items_purchased_type":["Relic","Relic"],"build_version":"2020-12-22","purchased_purges":2,"victory":false,"max_hp_per_floor":[72,72,72,82,82,82,82,82,82,82,82,82,82,85,85,88,88,88,88,88,88,88,88,88,88,88,88,88,91,91,91,91,91,91],"card_choices":[{"not_picked":["JustLucky","Crescendo","WheelKick"],"picked":"SKIP","floor":1},{"not_picked":["Halt","SashWhip","Conclude"],"picked":"SKIP","floor":2},{"not_picked":["Vengeance","Replay:Battleflow"],"picked":"PathToVictory","floor":5},{"not_picked":["EmptyBody","SashWhip"],"picked":"Judgement","floor":7},{"not_picked":["Replay:BluntJabs","Evaluate"],"picked":"WindmillStrike","floor":11},{"not_picked":["ReachHeaven","InnerPeace","Replay:ManipulateFuture"],"picked":"SKIP","floor":13},{"not_picked":["Blasphemy","Ragnarok"],"picked":"Brilliance","floor":16},{"not_picked":["BattleHymn","Replay:ManipulateFuture","Replay:Hum"],"picked":"SKIP","floor":19},{"not_picked":["CrushJoints","FlyingSleeves+1"],"picked":"PathToVictory+1","floor":22},{"not_picked":["Adaptation","ForeignInfluence"],"picked":"Protect+1","floor":29},{"not_picked":["Consecrate","Indignation+1"],"picked":"PathToVictory","floor":30}],"player_experience":325794,"relics_obtained":[{"floor":9,"key":"reliquary:PurpleTingedLeaf"},{"floor":16,"key":"halation:EternalFortune"},{"floor":26,"key":"hubris:ToyBattleship"},{"floor":29,"key":"halation:EternalFortune"}],"event_choices":[{"damage_healed":0,"gold_gain":0,"player_choice":"Got Potions","damage_taken":0,"max_hp_gain":0,"max_hp_loss":0,"event_name":"Lab","floor":3,"gold_loss":0},{"damage_healed":0,"gold_gain":0,"player_choice":"2 cards matched","damage_taken":0,"max_hp_gain":0,"max_hp_loss":0,"event_name":"Match and Keep!","floor":20,"gold_loss":0,"cards_obtained":["DeusExMachina","WindmillStrike"]}],"is_beta":false,"boss_relics":[{"not_picked":["Replay:Bronze Core","Ectoplasm"],"picked":"hubris:Backtick"}],"items_purged_floors":[4,21],"is_endless":false,"potions_floor_spawned":[5,16,19,24,29,30],"killed_by":"Collector","ascension_level":4}}