{"host":"vx488ommchhibo3k","time":1613714320,"event":{"mods":["BaseMod","BetterRewards","Minty Spire (QoL Compilation)","Shop Mod","StSLib"],"gold_per_floor":[109,120,87,87,102,102,102,102,102,102,102],"floor_reached":10,"language":"JPN","playtime":392,"items_purged":[],"score":56,"play_id":"a11ed473-d6c1-4e9b-9420-2202eb34c293","local_time":"20210219145840","is_ascension_mode":false,"campfire_choices":[{"floor":6,"key":"RECALL"},{"data":"Inflame","floor":8,"key":"SMITH"}],"circlet_count":0,"master_deck":["Strike_R","Strike_R","Strike_R","Strike_R","Strike_R","Defend_R","Defend_R","Defend_R","Bash","Combust","Flex","Shrug It Off","Carnage","Twin Strike","Armaments+1","Inflame+1","Evolve"],"relics":["Burning Blood","Shuriken","Singing Bowl"],"acts_visited":["Exordium"],"potions_floor_usage":[],"damage_taken":[{"damage":0,"enemies":"Cultist","floor":1,"turns":3},{"damage":2,"enemies":"Small Slimes","floor":2,"turns":3},{"damage":0,"enemies":"2 Louse","floor":5,"turns":3},{"damage":6,"enemies":"3 Sentries","floor":10,"turns":2}],"seed_played":"-314205947428316597","potions_obtained":[{"floor":1,"key":"PowerPotion"},{"floor":2,"key":"DuplicationPotion"}],"is_trial":false,"path_per_floor":["M","M","$","?","M","R","?","R","T","E"],"character_chosen":"IRONCLAD","items_purchased":["Shuriken","Combust","Flex","Shrug It Off","Twin Strike","Evolve"],"campfire_rested":0,"item_purchase_floors":[0,0,0,0,0,3],"current_hp_per_floor":[80,80,80,77,82,82,82,82,82,76,76],"gold":102,"neow_bonus":"","is_daily":false,"chose_seed":false,"campfire_upgraded":1,"win_rate":0.0,"timestamp":1613714320,"path_taken":["M","?","$","?","M","R","?","R","T","E"],"items_purchased_type":["Relic","Card","Card","Card","Card","Card"],"build_version":"2020-12-22","purchased_purges":0,"victory":false,"max_hp_per_floor":[80,80,80,80,82,82,82,82,82,82,82],"card_choices":[{"not_picked":["Body Slam","Twin Strike"],"picked":"Armaments","floor":1},{"not_picked":["Spot Weakness","Flex"],"picked":"Inflame","floor":2},{"not_picked":["True Grit","Clash","Thunderclap"],"picked":"Singing Bowl","floor":5}],"player_experience":111668,"relics_obtained":[],"event_choices":[{"damage_healed":0,"gold_gain":0,"player_choice":"Success","damage_taken":3,"relics_obtained":["Singing Bowl"],"max_hp_gain":0,"max_hp_loss":0,"event_name":"Scrap Ooze","floor":4,"gold_loss":0},{"damage_healed":0,"gold_gain":0,"player_choice":"Grow","damage_taken":0,"max_hp_gain":0,"max_hp_loss":0,"event_name":"Living Wall","floor":7,"gold_loss":0,"cards_upgraded":["Armaments"]}],"is_beta":false,"boss_relics":[],"items_purged_floors":[],"is_endless":false,"potions_floor_spawned":[1,2],"killed_by":"3 Sentries","ascension_level":0}}