{"host":"6ulps5ednfgqn0to","time":1613700000,"event":{"mods":["AchievementEnabler","BaseMod","Colored Map","Highlight Path","Minty Spire (QoL Compilation)","Relic Sorter","Relic Stats","StSLib"],"gold_per_floor":[112,132,132,14,14,41,41,41,41,41,58,89,8,35,35,130,130,140,55,86,100,120,151,164,164,241,241,270,289,63,80,80,184,184,199,215,71,83,93,127,141,176,176,201,201,251,279,41,41,41,41,41,41,66,66],"floor_reached":56,"language":"ENG","playtime":3485,"items_purged":["Sweeping Beam"],"score":1613,"play_id":"7e3e1dd1-e93a-4d7f-aaed-3be9b6e05489","local_time":"20210219040000","is_ascension_mode":true,"campfire_choices":[{"data":"Zap","floor":7,"key":"SMITH"},{"data":"Defragment","floor":15,"key":"SMITH"},{"data":"Genetic Algorithm","floor":25,"key":"SMITH"},{"data":"Biased Cognition","floor":27,"key":"SMITH"},{"data":"Loop","floor":32,"key":"SMITH"},{"floor":49,"key":"RECALL"},{"data":"Defragment","floor":52,"key":"SMITH"}],"circlet_count":0,"master_deck":["Strike_B+1","Strike_B","Strike_B","Defend_B","Defend_B","Defend_B+1","Defend_B","Zap+1","Dualcast","Coolheaded","Reinforced Body","Compile Driver","Cold Snap","Biased Cognition+1","Defragment+1","Loop+1","Electrodynamics","Doom and Gloom+1","Go for the Eyes","Genetic Algorithm+1","Chill","Static Discharge+1","Machine Learning","Glacier","Core Surge","CurseOfTheBell","Hologram+1","Self Repair+1","Lockon","Defragment+1","Conserve Battery+1","Undo+1","Ball Lightning+1","Tempest","Core Surge","Panacea","Defragment+1"],"relics":["Cracked Core","NeowsBlessing","White Beast Statue","Bag of Preparation","Matryoshka","Bag of Marbles","Question Card","Shuriken","Sozu","Orichalcum","Red Mask","Lizard Tail","Happy Flower","HornCleat","Boot","ClockworkSouvenir","Calling Bell","Omamori","Singing Bowl","TungstenRod","Anchor","Nunchaku","Letter Opener","Bronze Scales","Calipers","Oddly Smooth Stone","Lantern"],"acts_visited":["Exordium","TheCity","TheBeyond","TheEnding"],"potions_floor_usage":[12,55,55,55],"damage_taken":[{"damage":0,"enemies":"2 Louse","floor":1,"turns":1},{"damage":0,"enemies":"Jaw Worm","floor":2,"turns":1},{"damage":0,"enemies":"3 Sentries","floor":6,"turns":1},{"damage":0,"enemies":"Small Slimes","floor":11,"turns":1},{"damage":12,"enemies":"Gremlin Nob","floor":12,"turns":3},{"damage":19,"enemies":"Lagavulin","floor":14,"turns":5},{"damage":17,"enemies":"The Guardian","floor":16,"turns":11},{"damage":0,"enemies":"Chosen","floor":18,"turns":3},{"damage":10,"enemies":"Masked Bandits","floor":20,"turns":3},{"damage":3,"enemies":"Shell Parasite","floor":21,"turns":4},{"damage":0,"enemies":"Snecko","floor":22,"turns":3},{"damage":2,"enemies":"Gremlin Leader","floor":23,"turns":6},{"damage":0,"enemies":"Centurion and Healer","floor":24,"turns":5},{"damage":9,"enemies":"Book of Stabbing","floor":28,"turns":4},{"damage":14,"enemies":"Shelled Parasite and Fungi","floor":29,"turns":3},{"damage":0,"enemies":"Snake Plant","floor":31,"turns":2},{"damage":0,"enemies":"Champ","floor":33,"turns":9},{"damage":0,"enemies":"3 Shapes","floor":35,"turns":3},{"damage":8,"enemies":"3 Darklings","floor":36,"turns":3},{"damage":6,"enemies":"Sphere and 2 Shapes","floor":38,"turns":3},{"damage":12,"enemies":"Spire Growth","floor":39,"turns":5},{"damage":12,"enemies":"Nemesis","floor":40,"turns":7},{"damage":0,"enemies":"Maw","floor":41,"turns":9},{"damage":33,"enemies":"Giant Head","floor":42,"turns":9},{"damage":18,"enemies":"Nemesis","floor":44,"turns":5},{"damage":0,"enemies":"Mind Bloom Boss Battle","floor":46,"turns":5},{"damage":3,"enemies":"Reptomancer","floor":47,"turns":6},{"damage":1,"enemies":"Donu and Deca","floor":50,"turns":8},{"damage":10,"enemies":"Shield and Spear","floor":54,"turns":6},{"damage":42,"enemies":"The Heart","floor":55,"turns":8}],"seed_played":"4575201845652617211","potions_obtained":[{"floor":1,"key":"EssenceOfDarkness"},{"floor":2,"key":"DuplicationPotion"},{"floor":6,"key":"Explosive Potion"},{"floor":11,"key":"Weak Potion"},{"floor":12,"key":"Fruit Juice"},{"floor":14,"key":"Explosive Potion"},{"floor":16,"key":"FocusPotion"}],"is_trial":false,"path_per_floor":["M","M","?","$","?","E","R","?","T","?","M","E","$","E","R","B",null,"M","?","?","M","M","E","M","R","T","R","E","M","$","M","R","B",null,"M","M","$","M","M","E","M","E","T","E","?","?","E","$","R","B",null,"R","$","E","B",null],"character_chosen":"DEFECT","items_purchased":["FTL","Reinforced Body","Defragment","ClockworkSouvenir","Lockon","Defragment","Core Surge","Panacea"],"campfire_rested":0,"item_purchase_floors":[4,4,13,30,37,37,48,48],"current_hp_per_floor":[75,75,60,60,48,48,48,48,48,48,48,41,41,22,22,5,80,80,80,70,67,67,65,65,65,65,65,56,42,42,42,42,42,80,80,72,72,68,66,66,78,55,55,49,49,59,66,66,66,65,88,88,88,88,56],"gold":66,"neow_bonus":"THREE_ENEMY_KILL","is_daily":false,"chose_seed":false,"campfire_upgraded":6,"win_rate":0.0,"timestamp":1613700000,"path_taken":["M","M","?","$","?","E","R","?","T","?","?","E","$","E","R","BOSS","M","?","?","M","M","E","M","R","T","R","E","M","$","?","R","BOSS","M","M","$","M","M","E","M","E","T","E","?","?","E","$","R","BOSS","R","$","E","BOSS"],"items_purchased_type":["Card","Card","Card","Relic","Card","Card","Card","Card"],"build_version":"2020-12-22","purchased_purges":1,"victory":true,"max_hp_per_floor":[75,75,75,75,75,75,75,75,75,75,75,80,80,80,80,80,80,80,80,80,80,80,80,80,80,80,80,80,80,80,80,80,80,80,80,80,80,82,82,84,86,86,86,88,88,88,88,88,88,88,88,88,88,88,88],"relic_stats":{"Happy Flower":[31],"Singing Bowl":8,"counters":[30,141],"Bag of Preparation":[54],"Letter Opener":[40],"Orichalcum":[84],"Question Card":24,"Boot":[63],"Sozu":15,"Lizard Tail":0,"Nunchaku":[4],"Shuriken":[26],"Bronze Scales":[168],"obtain_stats":[{"Lantern":54,"Calipers":46,"Singing Bowl":34,"Bag of Preparation":6,"Boot":28,"ClockworkSouvenir":30,"Sozu":17,"Lizard Tail":23,"Nunchaku":42,"Matryoshka":8,"HornCleat":26,"Red Mask":20,"Cracked Core":0,"NeowsBlessing":0,"Happy Flower":26,"Oddly Smooth Stone":47,"Omamori":34,"Letter Opener":43,"Orichalcum":19,"Question Card":12,"White Beast Statue":5,"Calling Bell":34,"Anchor":40,"Shuriken":14,"Bronze Scales":44,"Bag of Marbles":9,"TungstenRod":34},{"Lantern":29,"Calipers":26,"Singing Bowl":17,"Bag of Preparation":3,"Boot":14,"ClockworkSouvenir":15,"Sozu":7,"Lizard Tail":12,"Nunchaku":24,"Matryoshka":3,"HornCleat":13,"Red Mask":9,"Cracked Core":0,"NeowsBlessing":0,"Happy Flower":13,"Oddly Smooth Stone":27,"Omamori":17,"Letter Opener":24,"Orichalcum":8,"Question Card":5,"White Beast Statue":2,"Calling Bell":17,"Anchor":22,"Shuriken":6,"Bronze Scales":25,"Bag of Marbles":3,"TungstenRod":17},{"Lantern":133,"Calipers":114,"Singing Bowl":65,"Bag of Preparation":3,"Boot":51,"ClockworkSouvenir":54,"Sozu":23,"Lizard Tail":42,"Nunchaku":104,"Matryoshka":3,"HornCleat":47,"Red Mask":29,"Cracked Core":0,"NeowsBlessing":0,"Happy Flower":47,"Oddly Smooth Stone":120,"Omamori":65,"Letter Opener":104,"Orichalcum":26,"Question Card":7,"White Beast Statue":2,"Calling Bell":65,"Anchor":86,"Shuriken":12,"Bronze Scales":109,"Bag of Marbles":3,"TungstenRod":65}],"TungstenRod":29},"card_choices":[{"not_picked":["Auto Shields","Stack"],"picked":"Coolheaded","floor":1},{"not_picked":["Conserve Battery","Coolheaded"],"picked":"Sweeping Beam","floor":2},{"not_picked":["Steam","Auto Shields"],"picked":"Compile Driver","floor":6},{"not_picked":["FTL","Ball Lightning"],"picked":"Cold Snap","floor":11},{"not_picked":["Compile Driver","Ball Lightning"],"picked":"Biased Cognition","floor":12},{"not_picked":["Ball Lightning","Chaos","FTL"],"picked":"Loop","floor":14},{"not_picked":["Thunder Strike","Multi-Cast","Biased Cognition"],"picked":"Electrodynamics","floor":16},{"not_picked":["Hologram+1","Coolheaded","Force Field+1"],"picked":"Doom and Gloom+1","floor":18},{"not_picked":["Compile Driver","Streamline+1","Leap"],"picked":"Go for the Eyes","floor":20},{"not_picked":["FTL","Doom and Gloom","Steam","Compile Driver"],"picked":"SKIP","floor":21},{"not_picked":["Skim","Leap","Ball Lightning"],"picked":"Genetic Algorithm","floor":22},{"not_picked":["Rebound+1","Doom and Gloom","Aggregate"],"picked":"Chill","floor":23},{"not_picked":["Melter","Leap","Ball Lightning"],"picked":"Static Discharge+1","floor":24},{"not_picked":["Ball Lightning","Storm","Heatsinks","Go for the Eyes"],"picked":"SKIP","floor":28},{"not_picked":["Beam Cell","Genetic Algorithm","Streamline"],"picked":"Machine Learning","floor":29},{"not_picked":["Redo","Sweeping Beam+1","Barrage"],"picked":"Glacier","floor":31},{"not_picked":["Fission","Echo Form","Multi-Cast"],"picked":"Core Surge","floor":33},{"not_picked":["Reprogram","Sweeping Beam","Undo"],"picked":"Hologram+1","floor":35},{"not_picked":["Turbo+1","Darkness","Conserve Battery"],"picked":"Self Repair+1","floor":36},{"not_picked":["Go for the Eyes","Redo","Turbo","Steam"],"picked":"Singing Bowl","floor":38},{"not_picked":["Ball Lightning+1","Doom and Gloom+1","Streamline"],"picked":"Conserve Battery+1","floor":39},{"not_picked":["Go for the Eyes+1","Conserve Battery+1","Force Field+1","Double Energy+1"],"picked":"Singing Bowl","floor":40},{"not_picked":["Creative AI","Sweeping Beam","Leap","Sunder+1"],"picked":"Singing Bowl","floor":41},{"not_picked":["Hello World","Sweeping Beam","Lockon+1"],"picked":"Undo+1","floor":42},{"not_picked":["Meteor Strike","Thunder Strike","Turbo","Hello World"],"picked":"Singing Bowl","floor":44},{"not_picked":["Redo","Turbo","Rebound"],"picked":"Ball Lightning+1","floor":46},{"not_picked":["Skim","Double Energy+1","Melter"],"picked":"Tempest","floor":47},{"not_picked":["Heatsinks+1","Hologram","All For One"],"picked":"Defragment+1","floor":54}],"player_experience":57201,"relics_obtained":[{"floor":6,"key":"Bag of Preparation"},{"floor":9,"key":"Bag of Marbles"},{"floor":12,"key":"Question Card"},{"floor":14,"key":"Shuriken"},{"floor":20,"key":"Red Mask"},{"floor":23,"key":"Lizard Tail"},{"floor":26,"key":"Happy Flower"},{"floor":26,"key":"HornCleat"},{"floor":28,"key":"Boot"},{"floor":34,"key":"Omamori"},{"floor":34,"key":"Singing Bowl"},{"floor":34,"key":"TungstenRod"},{"floor":40,"key":"Anchor"},{"floor":42,"key":"Nunchaku"},{"floor":43,"key":"Letter Opener"},{"floor":44,"key":"Bronze Scales"},{"floor":46,"key":"Calipers"},{"floor":47,"key":"Oddly Smooth Stone"},{"floor":54,"key":"Lantern"}],"event_choices":[{"damage_healed":0,"gold_gain":0,"player_choice":"Entered Light","damage_taken":15,"max_hp_gain":0,"max_hp_loss":0,"event_name":"Shining Light","floor":3,"gold_loss":0,"cards_upgraded":["Defend_B","Strike_B"]},{"damage_healed":0,"gold_gain":0,"player_choice":"Success","damage_taken":12,"relics_obtained":["White Beast Statue"],"max_hp_gain":0,"max_hp_loss":0,"event_name":"Scrap Ooze","floor":5,"gold_loss":0},{"damage_healed":0,"gold_gain":0,"player_choice":"Searched \u00272\u0027 times","damage_taken":0,"relics_obtained":["Matryoshka"],"max_hp_gain":0,"max_hp_loss":0,"event_name":"Dead Adventurer","floor":8,"gold_loss":0},{"cards_removed":["Strike_B"],"damage_healed":0,"gold_gain":0,"player_choice":"Offered Basic","damage_taken":0,"max_hp_gain":0,"max_hp_loss":0,"event_name":"Bonfire Elementals","floor":10,"gold_loss":0},{"damage_healed":0,"gold_gain":0,"player_choice":"Obtained Relic","damage_taken":0,"relics_obtained":["Orichalcum"],"max_hp_gain":0,"max_hp_loss":0,"event_name":"Addict","floor":19,"gold_loss":85},{"damage_healed":0,"gold_gain":0,"player_choice":"Fought Bandits","damage_taken":0,"max_hp_gain":0,"max_hp_loss":0,"event_name":"Masked Bandits","floor":20,"gold_loss":0},{"cards_removed":["FTL"],"damage_healed":0,"gold_gain":0,"player_choice":"Removed Attack","damage_taken":0,"max_hp_gain":0,"max_hp_loss":0,"event_name":"Falling","floor":45,"gold_loss":0},{"damage_healed":0,"gold_gain":0,"player_choice":"Fight","damage_taken":0,"max_hp_gain":0,"max_hp_loss":0,"event_name":"MindBloom","floor":46,"gold_loss":0}],"is_beta":false,"boss_relics":[{"not_picked":["Velvet Choker","Coffee Dripper"],"picked":"Sozu"},{"not_picked":["SlaversCollar","Busted Crown"],"picked":"Calling Bell"}],"items_purged_floors":[30],"is_endless":false,"potions_floor_spawned":[1,2,6,11,12,14,16,18,20,21,22,23,24,28,29,31,33,35,36,38,39,40,41,42,44,46,47,54],"ascension_level":3}}