{"host":"0qulokkk26x4i6bu","time":1613699789,"event":{"mods":["BaseMod","Bestiary","Block Reminder","DeckTracker","Minty Spire (QoL Compilation)","Relic Stats"],"gold_per_floor":[111,127,137,137,62,87,100,158,158,169,189,189,189],"floor_reached":12,"language":"ENG","playtime":679,"items_purged":["Strike_G"],"score":94,"play_id":"a80a089a-a8fc-4ad8-bcc2-a598254282d6","local_time":"20210218175629","is_ascension_mode":true,"campfire_choices":[],"circlet_count":0,"master_deck":["Strike_G","Strike_G","Strike_G","Strike_G","Defend_G+1","Defend_G","Defend_G+1","Defend_G","Defend_G","Survivor","Neutralize","Sucker Punch","Footwork","Predator","Poisoned Stab","Deadly Poison","Prepared","Dagger Spray"],"relics":["Ring of the Snake","NeowsBlessing","Blue Candle","Bottled Flame","White Beast Statue"],"acts_visited":["Exordium"],"potions_floor_usage":[8,12],"damage_taken":[{"damage":0,"enemies":"Small Slimes","floor":1,"turns":1},{"damage":0,"enemies":"Jaw Worm","floor":2,"turns":1},{"damage":0,"enemies":"2 Louse","floor":3,"turns":1},{"damage":29,"enemies":"Lagavulin","floor":6,"turns":12},{"damage":2,"enemies":"Looter","floor":7,"turns":4},{"damage":19,"enemies":"3 Sentries","floor":8,"turns":12},{"damage":0,"enemies":"2 Fungi Beasts","floor":10,"turns":4},{"damage":3,"enemies":"Red Slaver","floor":11,"turns":4},{"damage":19,"enemies":"3 Sentries","floor":12,"turns":5}],"seed_played":"-6104552773517366711","potions_obtained":[{"floor":7,"key":"Regen Potion"},{"floor":8,"key":"ColorlessPotion"},{"floor":10,"key":"Weak Potion"},{"floor":11,"key":"ColorlessPotion"}],"is_trial":false,"path_per_floor":["M","M","M","?","$","E","M","?","T","M","M","E"],"character_chosen":"THE_SILENT","items_purchased":[],"campfire_rested":0,"item_purchase_floors":[],"current_hp_per_floor":[70,70,70,56,56,27,25,20,20,20,17,0,0],"gold":189,"neow_bonus":"THREE_ENEMY_KILL","is_daily":false,"chose_seed":false,"campfire_upgraded":0,"win_rate":0.0,"timestamp":1613699789,"path_taken":["M","M","M","?","$","E","M","?","T","M","M","E"],"items_purchased_type":[],"build_version":"2020-12-22","purchased_purges":1,"victory":false,"max_hp_per_floor":[70,70,70,70,70,70,70,70,70,70,70,70,70],"relic_stats":{"counters":[9,44],"Blue Candle":[0],"obtain_stats":[{"Bottled Flame":8,"NeowsBlessing":0,"Blue Candle":6,"White Beast Statue":9,"Ring of the Snake":0},{"Bottled Flame":6,"NeowsBlessing":0,"Blue Candle":4,"White Beast Statue":6,"Ring of the Snake":0},{"Bottled Flame":31,"NeowsBlessing":0,"Blue Candle":15,"White Beast Statue":31,"Ring of the Snake":0}],"Ring of the Snake":[18]},"card_choices":[{"not_picked":["Bane","Calculated Gamble"],"picked":"Sucker Punch","floor":1},{"not_picked":["Dodge and Roll","Distraction"],"picked":"Footwork","floor":2},{"not_picked":["Blade Dance","Skewer"],"picked":"Predator","floor":3},{"not_picked":["Well Laid Plans","Outmaneuver"],"picked":"Poisoned Stab","floor":6},{"not_picked":["Flechettes","Dash","Prepared"],"picked":"SKIP","floor":7},{"not_picked":["Acrobatics","Riddle With Holes"],"picked":"Deadly Poison","floor":8},{"not_picked":["Slice","Infinite Blades"],"picked":"Prepared","floor":10},{"not_picked":["Masterful Stab","Accuracy"],"picked":"Dagger Spray","floor":11}],"player_experience":71425,"relics_obtained":[{"floor":6,"key":"Blue Candle"},{"floor":8,"key":"Bottled Flame"},{"floor":9,"key":"White Beast Statue"}],"event_choices":[{"damage_healed":0,"gold_gain":0,"player_choice":"Entered Light","damage_taken":14,"max_hp_gain":0,"max_hp_loss":0,"event_name":"Shining Light","floor":4,"gold_loss":0,"cards_upgraded":["Defend_G","Defend_G"]},{"damage_healed":0,"gold_gain":0,"player_choice":"Searched \u00271\u0027 times","damage_taken":0,"max_hp_gain":0,"max_hp_loss":0,"event_name":"Dead Adventurer","floor":8,"gold_loss":0}],"is_beta":false,"boss_relics":[],"items_purged_floors":[5],"is_endless":false,"potions_floor_spawned":[7,8,10,11],"killed_by":"3 Sentries","ascension_level":3}}