{"host":"6dypmz777xraikqf","time":1613744729,"event":{"mods":["AchievementEnabler","BaseMod","BetterRewards","Colored Map","Colored Powertips","Downfall","Highlight Path","Hubris","Infinite Spire","Minty Spire (QoL Compilation)","Replay The Spire","StSLib"],"gold_per_floor":[116,183,183,230,230,230,255,255,255,255,342,433,471,551,551,655,705,746,762,164,79,79,109,109,109,109,109,183,211,10,39,39,151,151,207,216,276,276],"floor_reached":37,"language":"ENG","playtime":2633,"items_purged":["Strike_P"],"score":875,"play_id":"c4645028-ac25-493c-8ff7-42fe5fecc0b9","local_time":"20210219142529","is_ascension_mode":true,"campfire_choices":[{"data":"Omniscience","floor":6,"key":"SMITH"},{"floor":8,"key":"REST"},{"data":"Eruption","floor":10,"key":"SMITH"},{"floor":15,"key":"REST"},{"data":"Wish","floor":25,"key":"SMITH"},{"data":"Alpha","floor":27,"key":"SMITH"},{"data":"Eruption+1","floor":32,"key":"PURGE"}],"circlet_count":0,"master_deck":["Strike_P","Strike_P","Strike_P+1","Defend_P","Defend_P","Defend_P","Vigilance","Wish+1","ThirdEye","Protect","Crescendo+1","Omniscience+1","EmptyFist+1","EmptyBody+1","WindmillStrike","Wish+1","FlyingSleeves","Sanctity","Alpha+1","Replay:Cycle","Replay:Anticipation","Replay:Anticipation","Enlightenment","Replay:AtTheReady","Wireheading+1","Replay:LoomingThreat","Protect+1","Replay:Bootleg Shield Generator"],"relics":["PureWater","Orrery","Blue Candle","Blue Doll","ReplayTheSpireMod:Lightbulb","War Paint","Tiny House","hubris:EmptyBottle","ReplayFunnel","hubris:DisguiseKit","CeramicFish","hubris:BottledHeart","PreservedInsect","Letter Opener","infinitespire:Beetle Shell","hubris:AstralHammer","Replay:Bronze Core"],"acts_visited":["Exordium","TheCity","TheBeyond"],"potions_floor_usage":[7,14,14,23,23,23,23,33,35],"damage_taken":[{"damage":5,"enemies":"Jaw Worm","floor":1,"turns":5},{"damage":15,"enemies":"Small Slimes","floor":2,"turns":6},{"damage":34,"enemies":"Lagavulin","floor":7,"turns":10},{"damage":7,"enemies":"2 Louse","floor":11,"turns":13},{"damage":11,"enemies":"Large Slime","floor":12,"turns":6},{"damage":6,"enemies":"Red Slaver","floor":13,"turns":6},{"damage":0,"enemies":"Replay:BlueRogue","floor":14,"turns":6},{"damage":6,"enemies":"The Guardian","floor":16,"turns":14},{"damage":16,"enemies":"Spheric Guardian","floor":18,"turns":8},{"damage":7,"enemies":"Shell Parasite","floor":19,"turns":7},{"damage":9,"enemies":"Gremlin Leader","floor":23,"turns":5},{"damage":0,"enemies":"Book of Stabbing","floor":28,"turns":8},{"damage":0,"enemies":"Shelled Parasite and Fungi","floor":29,"turns":5},{"damage":0,"enemies":"Nightmare","floor":31,"turns":8},{"damage":0,"enemies":"Champ","floor":33,"turns":11},{"damage":0,"enemies":"3 Darklings","floor":35,"turns":6},{"damage":2,"enemies":"3 Shapes","floor":37,"turns":2}],"seed_played":"2147605602273475063","potions_obtained":[{"floor":1,"key":"Regen Potion"},{"floor":7,"key":"SpeedPotion"},{"floor":12,"key":"PowerPotion"},{"floor":13,"key":"Adrenaline Potion"},{"floor":17,"key":"Doom Potion"},{"floor":23,"key":"ColorlessPotion"},{"floor":29,"key":"Milkshake"}],"is_trial":false,"path_per_floor":["M","M","?","?","?","R","E","R","T","R","M","M","M","E","R","B",null,"M","M","$","?","?","E","?","R","T","R","E","M","$","NM","R_BF","B",null,"M","?","M"],"character_chosen":"WATCHER","items_purchased":["Orrery","Replay:Anticipation","Enlightenment","hubris:EmptyBottle","ReplayFunnel","LiquidMemories","Dexterity Potion","infinitespire:Beetle Shell"],"campfire_rested":2,"item_purchase_floors":[0,20,20,20,20,20,30,30],"current_hp_per_floor":[67,52,38,38,38,38,19,40,40,40,33,22,16,16,37,31,77,61,54,54,54,54,45,1,1,1,1,1,1,1,1,1,1,1,1,1,0,0],"gold":276,"neow_bonus":"","is_daily":false,"chose_seed":false,"campfire_upgraded":4,"win_rate":0.0,"timestamp":1613744729,"path_taken":["M","M","?","?","?","R","E","R","T","R","?","M","M","E","R","BOSS","M","M","$","?","?","E","?","R","T","R","E","M","?","NM","R_BF","BOSS","M","?","M"],"items_purchased_type":["Relic","Card","Card","Relic","Relic","Potion","Potion","Relic"],"build_version":"2020-12-22","purchased_purges":1,"victory":false,"max_hp_per_floor":[72,72,72,72,72,72,72,72,72,72,72,72,72,72,72,72,77,77,77,77,77,77,77,1,1,1,1,1,1,1,1,1,1,1,1,1,1,1],"card_choices":[{"not_picked":["Consecrate","CutThroughFate"],"picked":"Wish","floor":0},{"not_picked":["SignatureMove","WreathOfFlame"],"picked":"ThirdEye","floor":0},{"not_picked":["ThirdEye","Crescendo"],"picked":"Protect","floor":0},{"not_picked":["Collect","ThirdEye"],"picked":"Crescendo","floor":0},{"not_picked":["BattleHymn","LikeWater"],"picked":"Omniscience","floor":0},{"not_picked":["EmptyBody","ClearTheMind"],"picked":"EmptyFist","floor":1},{"not_picked":["ThirdEye","EmptyMind"],"picked":"EmptyBody","floor":2},{"not_picked":["SandsOfTime","Evaluate"],"picked":"WindmillStrike","floor":4},{"not_picked":["Consecrate","ClearTheMind"],"picked":"Wish","floor":4},{"not_picked":["FollowUp","Pray"],"picked":"FlyingSleeves","floor":7},{"not_picked":["JustLucky","Replay:ManipulateFuture","Replay:DivineShield"],"picked":"SKIP","floor":11},{"not_picked":["CrushJoints","Halt","Vengeance"],"picked":"SKIP","floor":12},{"not_picked":["Vengeance","JustLucky"],"picked":"Sanctity","floor":13},{"not_picked":["Adaptation","Indignation","Conclude"],"picked":"SKIP","floor":14},{"not_picked":["Omniscience","ConjureBlade"],"picked":"Alpha","floor":16},{"not_picked":["Replay:DivineShield","FlyingSleeves"],"picked":"Replay:Cycle","floor":18},{"not_picked":["CrushJoints","PathToVictory+1","SashWhip"],"picked":"SKIP","floor":19},{"not_picked":["EmptyFist+1","Collect","WaveOfTheHand","Coolheaded"],"picked":"SKIP","floor":23},{"not_picked":["Replay:BluntJabs","Judgement","Barrage"],"picked":"Replay:AtTheReady","floor":28},{"not_picked":["FlurryOfBlows","EmptyMind","ReplayTheSpireMod:Reroute Power"],"picked":"Wireheading+1","floor":29},{"not_picked":["Replay:Anticipation+1","PathToVictory","FlurryOfBlows","Cold Snap"],"picked":"SKIP","floor":31},{"not_picked":["Judgement","LessonLearned","hubris:Prefetch"],"picked":"Replay:LoomingThreat","floor":33},{"not_picked":["Halt+1","EmptyBody+1","BootSequence"],"picked":"Protect+1","floor":35},{"not_picked":["Replay:Sssssssssshield","Flash of Steel"],"picked":"Replay:Bootleg Shield Generator","floor":36}],"player_experience":265412,"relics_obtained":[{"floor":4,"key":"Blue Candle"},{"floor":7,"key":"Blue Doll"},{"floor":9,"key":"ReplayTheSpireMod:Lightbulb"},{"floor":14,"key":"War Paint"},{"floor":23,"key":"CeramicFish"},{"floor":26,"key":"PreservedInsect"},{"floor":28,"key":"Letter Opener"},{"floor":31,"key":"hubris:AstralHammer"}],"event_choices":[{"damage_healed":0,"gold_gain":0,"player_choice":"Entered Light","damage_taken":14,"max_hp_gain":0,"max_hp_loss":0,"event_name":"Shining Light","floor":3,"gold_loss":0,"cards_upgraded":["EmptyBody","EmptyFist"]},{"cards_removed":["Defend_P"],"damage_healed":0,"gold_gain":0,"player_choice":"Purged","damage_taken":0,"max_hp_gain":0,"max_hp_loss":0,"event_name":"Purifier","floor":5,"gold_loss":0},{"damage_healed":0,"gold_gain":0,"player_choice":"Obtained Relic","damage_taken":0,"relics_obtained":["hubris:DisguiseKit"],"max_hp_gain":0,"max_hp_loss":0,"event_name":"Addict","floor":21,"gold_loss":85},{"damage_healed":0,"gold_gain":0,"player_choice":"Memory 1","damage_taken":0,"max_hp_gain":0,"max_hp_loss":0,"event_name":"SensoryStone","floor":36,"gold_loss":0}],"is_beta":false,"boss_relics":[{"not_picked":["Calling Bell","ChewingGum"],"picked":"Tiny House"},{"not_picked":["HolyWater","hubris:GrandSneckoEye"],"picked":"Replay:Bronze Core"}],"items_purged_floors":[20],"is_endless":false,"potions_floor_spawned":[1,7,12,13,23,29],"killed_by":"3 Shapes","ascension_level":4}}