{"host":"xo0glkmxta74xh34","time":1613764313,"event":{"mods":["BaseMod","Downfall","Minty Spire (QoL Compilation)","Reliquary","Replay The Spire","StSLib"],"gold_per_floor":[99,114,177,27,42,42,67,67,97,97,127,112,112,127,142,242,242,242,257,257,257,53,83,83,83,83,98,98,128,158,158,173,173,173,173],"floor_reached":33,"language":"ENG","playtime":1614,"items_purged":[],"score":389,"play_id":"6ec7fc92-7eba-4e80-8811-c5b9588e1fad","local_time":"20210219135153","daily_mods":["SealedDeck","Flight","Lethality"],"is_ascension_mode":false,"campfire_choices":[{"data":"champ:SetATrap","floor":1.0,"key":"SMITH"},{"data":"champ:SwordSigil","floor":6.0,"key":"SMITH"},{"data":"champ:FalseCounter","floor":8.0,"key":"SMITH"},{"data":"champ:DefensiveStyle","floor":18.0,"key":"SMITH"},{"floor":26.0,"key":"REST"},{"floor":28.0,"key":"REST"}],"circlet_count":0,"master_deck":["champ:SetATrap+1","champ:FalseCounter+1","champ:IronFortress","champ:BringItOn","champ:PreemptiveStrike","champ:TornadoPunch","champ:SwordSigil+1","champ:TornadoPunch","champ:IronFortress","champ:BringItOn","champ:FocusedDefense","champ:SwordSigil+1","champ:HeavySlash","champ:DefensiveStyle+1","champ:Improvising","champ:EnchantShield","champ:Circumvent+1","champ:Parry","expansioncontent:StudyTheSpire","champ:SteelEdge","champ:FalseCounter+1","champ:SwordSigil","champ:Improvising","Writhe","champ:CheapShot"],"relics":["champ:ChampionCrown","reliquary:RedPaperclip","Counterbalance","Nloth\u0027s Gift","Replay:Bottled Flurry","Oddly Smooth Stone","Replay:Accelerometer"],"acts_visited":["Exordium","TheCity"],"potions_floor_usage":[33,33],"damage_taken":[{"damage":11.0,"enemies":"Small Slimes","floor":2.0,"turns":4.0},{"damage":2.0,"enemies":"2 Louse","floor":5.0,"turns":2.0},{"damage":12.0,"enemies":"Gremlin Nob","floor":9.0,"turns":3.0},{"damage":0.0,"enemies":"Lagavulin","floor":11.0,"turns":4.0},{"damage":21.0,"enemies":"downfall:FleeingMerchant","floor":12.0,"turns":4.0},{"damage":0.0,"enemies":"Cultist","floor":14.0,"turns":2.0},{"damage":13.0,"enemies":"2 Fungi Beasts","floor":15.0,"turns":3.0},{"damage":0.0,"enemies":"SI_SHIV_ARCHETYPE","floor":16.0,"turns":3.0},{"damage":0.0,"enemies":"downfall:LooterAlt2","floor":19.0,"turns":4.0},{"damage":0.0,"enemies":"downfall:FleeingMerchant","floor":22.0,"turns":4.0},{"damage":35.0,"enemies":"downfall:FleeingMerchant","floor":23.0,"turns":3.0},{"damage":18.0,"enemies":"Shell Parasite","floor":27.0,"turns":3.0},{"damage":21.0,"enemies":"Replay:Snechameleon","floor":29.0,"turns":3.0},{"damage":11.0,"enemies":"Book of Stabbing","floor":30.0,"turns":3.0},{"damage":47,"enemies":"Shelled Parasite and Fungi","floor":32,"turns":4},{"damage":32,"enemies":"WA_ARCHETYPE_CALM","floor":33,"turns":5}],"seed_played":"778547550210687013","potions_obtained":[{"floor":2.0,"key":"SkillPotion"},{"floor":5.0,"key":"Explosive Potion"},{"floor":14.0,"key":"AttackPotion"},{"floor":19.0,"key":"SkillPotion"},{"floor":21.0,"key":"CultistPotion"},{"floor":29.0,"key":"AttackPotion"}],"is_trial":false,"path_per_floor":["R","M","?","?","M","R","T","R","E","?","E","$","?","M","M","B",null,"R","M","?","?","$","$","T","?","R","M","R","E","E","?","M","B"],"character_chosen":"THE_CHAMP","items_purchased":["expansioncontent:StudyTheSpire","Counterbalance"],"campfire_rested":2,"item_purchase_floors":[22,23],"current_hp_per_floor":[90,79,79,100,98,98,98,98,86,86,86,65,65,65,52,52,100,100,100,100,100,100,65,65,65,95,77,100,79,68,68,21,0,0,0],"gold":173,"neow_bonus":"","is_daily":true,"chose_seed":false,"campfire_upgraded":4,"win_rate":0.0,"timestamp":1613764313,"path_taken":["R","M","?","?","?","R","T","R","E","?","E","?","?","?","M","BOSS","R","M","?","?","$","$","T","?","R","?","R","E","E","?","M","BOSS"],"items_purchased_type":["Card","Relic"],"build_version":"2020-12-22","purchased_purges":0,"victory":false,"max_hp_per_floor":[90,90,90,100,100,100,100,100,100,100,100,100,100,100,100,100,100,100,100,100,100,100,100,100,100,100,100,100,100,100,100,100,100,100,100],"card_choices":[{"not_picked":["champ:ShieldSigil","champ:EndlessRage"],"picked":"champ:ViciousMockery","floor":2.0},{"not_picked":["champ:CalledShot","champ:FancyFootwork"],"picked":"champ:FocusedDefense","floor":5.0},{"not_picked":["champ:GutPunch","champ:CrownThrow","champ:EnGarde"],"picked":"SKIP","floor":9.0},{"not_picked":["champ:GutPunch","champ:Circumvent"],"picked":"champ:HeavySlash","floor":11.0},{"not_picked":["champ:DefensiveShout","champ:SkillfulDodge"],"picked":"champ:DefensiveStyle","floor":12.0},{"not_picked":["champ:ShieldSigil","champ:RapidStrikes","champ:BerserkersShout"],"picked":"SKIP","floor":14.0},{"not_picked":["champ:ShieldSigil","champ:EnGarde","champ:FlashCut"],"picked":"SKIP","floor":15.0},{"not_picked":["champ:MurderStrike","champ:SwordThrow"],"picked":"champ:EnchantShield","floor":16.0},{"not_picked":["champ:CrownThrow","champ:BladeFlurry"],"picked":"champ:Circumvent+1","floor":19.0},{"not_picked":["champ:FlashCut","champ:ShieldSigil"],"picked":"champ:Parry","floor":22.0},{"not_picked":["champ:AdrenalArmor","champ:FocusedDefense"],"picked":"champ:SteelEdge","floor":23.0},{"not_picked":["champ:StanceDance","champ:RageSigil"],"picked":"champ:FalseCounter+1","floor":27.0},{"not_picked":["champ:TornadoPunch","champ:CrownThrow"],"picked":"champ:SwordSigil","floor":29.0},{"not_picked":["champ:EnchantSword","champ:CalledShot"],"picked":"champ:Improvising","floor":30.0},{"not_picked":["champ:Parry","champ:AdrenalArmor"],"picked":"champ:CheapShot","floor":32}],"player_experience":516590,"relics_obtained":[{"floor":7.0,"key":"Nunchaku"},{"floor":9.0,"key":"bronze:DecasWashers"},{"floor":11.0,"key":"reliquary:ExpiredCoupon"},{"floor":24.0,"key":"Lantern"},{"floor":29.0,"key":"Replay:Bottled Flurry"},{"floor":30.0,"key":"Oddly Smooth Stone"}],"event_choices":[{"damage_healed":0.0,"max_hp_gain":0.0,"max_hp_loss":0.0,"gold_gain":63.0,"event_name":"Golden Wing","player_choice":"Gained Gold","floor":3.0,"gold_loss":0.0,"damage_taken":0.0}],"is_beta":false,"boss_relics":[{"not_picked":["Runic Dome","reliquary:WritOfMandamus"],"picked":"reliquary:RedPaperclip"}],"items_purged_floors":[],"is_endless":false,"potions_floor_spawned":[2,5,14,19,29],"killed_by":"WA_ARCHETYPE_CALM","ascension_level":0}}