{"host":"8elhr9pirthjn68a","time":1613753480,"event":{"mods":["ATMod(阿瑾Mod)","Act Like it!","Arknights","BaseMod","HumanHunterMod(怪物杀人mod)","Marisa（F雨　魔理沙）","Minty Spire (QoL Compilation)","Reimu（博丽灵梦）","RumiaBox-露米娅的神秘盒子","Ryuuou龙王","StSLib","TestMod","【功能Mod】聪明的最终Boss","【遗物卡牌】REMEMod"],"gold_per_floor":[118,133,133,147,147,147,147,147],"floor_reached":7,"language":"ZHS","playtime":462,"items_purged":[],"score":45,"play_id":"d400561d-54a1-4254-a2d6-5ecd5df0efc8","local_time":"20210220005120","is_ascension_mode":true,"campfire_choices":[{"data":"ats:Volcano","floor":6.0,"key":"SMITH"}],"circlet_count":0,"master_deck":["ats:Strike C+1","ats:Strike S","ats:Strike V","ats:Armor Crushing Shot+1","ats:Defend","ats:Defend","ats:Defend","ats:Defend","ats:Emotion Absorption","ats:Calcification","AT_FamilyPortrait","ats:Volcano+1","ats:Very Hot Blade","ats:Burning Ground","ats:Support Order","ats:Closed Bolt Burst Fire","ats:Burning Ground"],"relics":["ats:Sanity","REME_ComplimentaryCards","testmod-TestBox","AT_ATBox","testmod-BatchProcessingSystem","Baka","Torii"],"acts_visited":["Exordium"],"potions_floor_usage":[],"damage_taken":[{"damage":5.0,"enemies":"2 Louse","floor":1.0,"turns":2.0},{"damage":0.0,"enemies":"Cultist","floor":2.0,"turns":3.0},{"damage":28.0,"enemies":"Jaw Worm","floor":4.0,"turns":5.0},{"damage":31,"enemies":"Lagavulin","floor":7,"turns":5}],"seed_played":"-7117168858054983327","potions_obtained":[],"is_trial":false,"path_per_floor":["M","M","?","M","?","R","E"],"character_chosen":"DOCTOR_CLASS","items_purchased":[],"campfire_rested":0,"item_purchase_floors":[],"current_hp_per_floor":[60,61,48,22,22,22,0,0],"gold":147,"neow_bonus":"THREE_RARE_CARDS","is_daily":false,"chose_seed":false,"campfire_upgraded":1,"win_rate":0.0,"timestamp":1613753480,"path_taken":["M","M","?","M","?","R","E"],"items_purchased_type":[],"build_version":"2020-12-22","purchased_purges":0,"victory":false,"max_hp_per_floor":[65,65,65,65,65,65,65,65],"card_choices":[{"not_picked":["ats:Shadow Assault","ats:Roar Of Ursus"],"picked":"ats:Volcano","floor":0.0},{"not_picked":["ats:Closed Bolt Burst Fire","ats:Consecutive Shot Auto"],"picked":"ats:Very Hot Blade","floor":1.0},{"not_picked":["ats:Red Shift","ats:Apocalypse"],"picked":"ats:Burning Ground","floor":2.0},{"not_picked":["ats:Healing Drone","ats:Beaten Up"],"picked":"ats:Support Order","floor":4.0},{"not_picked":["ats:Consecutive Shot Auto","ats:Rapid Magazine"],"picked":"ats:Closed Bolt Burst Fire","floor":4.0},{"not_picked":["ats:Hook Shot","ats:Song Of Battle"],"picked":"ats:Burning Ground","floor":4.0},{"not_picked":["ats:Guard Mode","ats:Poison Spread","ats:Shell Defense"],"picked":"SKIP","floor":4.0}],"player_experience":134231,"relics_obtained":[{"floor":1.0,"key":"Baka"},{"floor":2.0,"key":"Torii"}],"event_choices":[{"damage_healed":0.0,"max_hp_gain":0.0,"max_hp_loss":0.0,"gold_gain":0.0,"event_name":"Shining Light","player_choice":"Entered Light","floor":3.0,"gold_loss":0.0,"damage_taken":13.0,"cards_upgraded":["ats:Armor Crushing Shot","ats:Strike C"]},{"cards_removed":["ats:Strike G"],"damage_healed":0.0,"max_hp_gain":0.0,"max_hp_loss":0.0,"gold_gain":0.0,"event_name":"Purifier","player_choice":"Purged","floor":5.0,"gold_loss":0.0,"damage_taken":0.0}],"is_beta":false,"boss_relics":[],"items_purged_floors":[],"is_endless":false,"potions_floor_spawned":[],"killed_by":"Lagavulin","ascension_level":2}}