{"host":"djfsqftupta9xgss","time":1613735634,"event":{"mods":["ATMod(阿瑾Mod)","Act Like it!","BaseMod","Gensokyo","Minty Spire (QoL Compilation)","MostiFishMod","Replay The Spire","Spicy Shops","StSLib","TestMod"],"gold_per_floor":[113,113,133,221,221,249,249,282,332,332,352,377,396,427,427,502,502,516,516,384,396,8,37,37,68,136,136,206,206,206,240,240,316,316,328,342,342,354,354,379,393,425,425,425,438,447,461,293,293,293,293,293,293,-1307,-1279,-1279],"floor_reached":57,"language":"ZHS","playtime":1337,"items_purged":["Strike_G","Strike_G","Strike_G","Defend_G","Defend_G","Defend_G"],"score":3317,"play_id":"7a232ce3-d2be-43c8-8f8b-baaace62ff65","local_time":"20210219195354","is_ascension_mode":true,"campfire_choices":[{"data":"Blade Dance","floor":7,"key":"SMITH"},{"floor":15,"key":"RECALL"},{"data":"Adrenaline","floor":32,"key":"SMITH"},{"data":"Reflex","floor":49,"key":"SMITH"},{"data":"After Image","floor":53,"key":"SMITH"}],"circlet_count":0,"master_deck":["AscendersBane","Defend_G","Defend_G","Survivor","Neutralize","AT_KingSlayer","After Image+1","Blade Dance+1","Prepared+1","Escape Plan","Blade Dance+1","Phantasmal Killer","Adrenaline+1","Concentrate","Accuracy+1","AT_FocusSwordFire+1","Acrobatics+1","MostiFishMod:LethalBlade","MostiFishMod:Confrontation+1","Reflex+1","Calculated Gamble+1","Terror+1","Calculated Gamble+1","MostiFishMod:Opportunism+1","MostiFishMod:Listen+1"],"relics":["AT_ATBox","testmod-TestBox","testmod-Recursion","ShadowXiaoBlade","testmod-EnergyCheck","SynthV:TestCard","Tiny Chest","Gremlin Food","testmod-ArcanaOfDestiny","Pear","AT_ForceNature","Replay:Bronze Core","testmod-Charity","AT_SilvercatRing","testmod-Fortitude","Mummified Hand","DaveBox","RhineSuit","Gremlin Horn","Replay:Rubber Ducky","testmod-SaigiyounoYou","DianPoetry","ReplayFunnel","Byrd Skull","Ornamental Fan","DiscerningMonocle","Pantograph","Blue Doll","Chameleon Ring","Golden Egg","TimeFreeze","ClockworkSouvenir","AT_ArchangelStaff","testmod-TurbochargingSystem","Blue Candle","testmod-Hope","SynthV:MejaisSoulstealer","ReplayTheSpireMod:Lightbulb"],"acts_visited":["Exordium","TheCity","TheBeyond","TheEnding"],"potions_floor_usage":[48],"damage_taken":[{"damage":0.0,"enemies":"Cultist","floor":1.0,"turns":2.0},{"damage":0,"enemies":"Jaw Worm","floor":3,"turns":2},{"damage":0,"enemies":"Lagavulin","floor":6,"turns":3},{"damage":0,"enemies":"3 Sentries","floor":8,"turns":5},{"damage":0,"enemies":"Small Slimes","floor":11,"turns":1},{"damage":0,"enemies":"Lagavulin","floor":12,"turns":3},{"damage":0,"enemies":"3 Louse","floor":13,"turns":2},{"damage":0,"enemies":"Gremlin Nob","floor":14,"turns":2},{"damage":1,"enemies":"The Guardian","floor":16,"turns":3},{"damage":0,"enemies":"3 Byrds","floor":18,"turns":2},{"damage":0,"enemies":"Spheric Guardian","floor":21,"turns":1},{"damage":0,"enemies":"Book of Stabbing","floor":23,"turns":2},{"damage":0,"enemies":"Gremlin Leader","floor":25,"turns":1},{"damage":0,"enemies":"Slavers","floor":31,"turns":1},{"damage":0,"enemies":"Collector","floor":33,"turns":1},{"damage":0,"enemies":"Orb Walker","floor":35,"turns":1},{"damage":0,"enemies":"3 Shapes","floor":36,"turns":1},{"damage":0,"enemies":"Spire Growth","floor":38,"turns":1},{"damage":0,"enemies":"Nemesis","floor":40,"turns":1},{"damage":0,"enemies":"3 Darklings","floor":41,"turns":1},{"damage":0,"enemies":"Reptomancer","floor":42,"turns":1},{"damage":0,"enemies":"4 Shapes","floor":45,"turns":1},{"damage":0,"enemies":"Spire Growth","floor":46,"turns":1},{"damage":0,"enemies":"Jaw Worm Horde","floor":47,"turns":1},{"damage":0,"enemies":"Donu and Deca","floor":50,"turns":1},{"damage":0,"enemies":"Time Eater","floor":51,"turns":1},{"damage":0,"enemies":"Shield and Spear","floor":55,"turns":1},{"damage":0,"enemies":"The Heart","floor":56,"turns":1}],"seed_played":"1273751432168527683","potions_obtained":[{"floor":1.0,"key":"Toxic Potion"},{"floor":6,"key":"CunningPotion"},{"floor":14,"key":"FearPotion"},{"floor":47,"key":"testmod-SpacePotion"}],"is_trial":false,"path_per_floor":["M","?","M","?","?","E","R","E","T","T","M","E","M","E","R","B",null,"M","?","$","M","$","E","$","E","T","?","T","?","?","E","R","B",null,"M","M","T","M","?","E","M","E","T","?","M","M","M","$","R","B","B",null,"R","$","E","B",null],"character_chosen":"THE_SILENT","items_purchased":["AT_FocusSwordFire+1","testmod-Charity","DiscerningMonocle","Pantograph","Blue Doll","Chameleon Ring","Golden Egg","TimeFreeze","MostiFishMod:Opportunism","CunningPotion","Languid Potion","ClockworkSouvenir","AT_ArchangelStaff","testmod-TurbochargingSystem","Blue Candle","testmod-Hope","GamblersBrew","SynthV:MejaisSoulstealer"],"campfire_rested":0,"item_purchase_floors":[20,22,48,48,48,48,48,48,48,48,48,54,54,54,54,54,54,54],"current_hp_per_floor":[59,59,59,38,31,31,31,31,31,31,31,41,41,41,41,40,67,67,67,67,67,67,68,68,69,70,70,71,71,71,72,72,73,80,83,84,84,85,80,85,87,88,88,88,89,90,91,91,91,91,91,91,91,91,92,92],"gold":-1279,"neow_bonus":"BOSS_RELIC","is_daily":false,"chose_seed":false,"campfire_upgraded":4,"win_rate":0.0,"timestamp":1613735634,"path_taken":["M","?","?","?","?","E","R","E","T","?","M","E","M","E","R","BOSS","M","?","$","M","$","E","$","E","T","?","?","?","?","E","R","BOSS","M","?","?","M","?","E","M","E","T","?","M","M","M","$","R","BOSS","BOSS","R","$","E","BOSS"],"items_purchased_type":["Card","Relic","Relic","Relic","Relic","Relic","Relic","Relic","Card","Potion","Potion","Relic","Relic","Relic","Relic","Relic","Potion","Relic"],"build_version":"2020-12-22","purchased_purges":6,"victory":true,"max_hp_per_floor":[66,66,66,66,66,66,66,66,66,66,66,76,76,76,76,76,76,76,76,76,76,76,77,77,78,79,79,80,80,80,81,81,82,82,83,84,84,85,85,86,87,88,88,88,89,90,91,91,91,91,91,91,91,91,92,92],"card_choices":[{"not_picked":["All Out Attack","Eviscerate","Backflip"],"picked":"SKIP","floor":1.0},{"not_picked":["PiercingWail","Quick Slash","MostiFishMod:ThornCasing","Poisoned Stab","Underhanded Strike"],"picked":"SKIP","floor":3},{"not_picked":["MostiFishMod:ThornCasing","Footwork","AT_TwilightShroud","Sucker Punch"],"picked":"Blade Dance","floor":4},{"not_picked":["Slice","Flying Knee","Deflect","AT_ThistleTea"],"picked":"Prepared","floor":4},{"not_picked":["AT_KingSlayer","Bane","Distraction","All Out Attack"],"picked":"Escape Plan","floor":6},{"not_picked":["Slice","Bane","Outmaneuver","Poisoned Stab"],"picked":"Blade Dance","floor":8},{"not_picked":["PiercingWail","AT_WomanClash","Sucker Punch","Eviscerate","Outmaneuver"],"picked":"SKIP","floor":11},{"not_picked":["AT_TwilightShroud","Deflect","Dash","AT_TinkerSharpsword"],"picked":"Phantasmal Killer","floor":12},{"not_picked":["Sucker Punch","Dagger Spray","Cloak And Dagger","Outmaneuver","AT_WindFlip"],"picked":"SKIP","floor":13},{"not_picked":["MostiFishMod:InvigoratingSolution","Prepared","Predator","AT_KneejerkReflex","Finisher"],"picked":"SKIP","floor":14},{"not_picked":["MostiFishMod:HiddenBlade","MostiFishMod:SpreadingSpore","Night Terror","Tools of the Trade"],"picked":"Adrenaline","floor":16},{"not_picked":["Crippling Poison","Outmaneuver","AT_WomanClash","Noxious Fumes"],"picked":"Concentrate","floor":18},{"not_picked":["AT_FocusSwordFire","Cloak And Dagger","Flying Knee","Heel Hook","Dash"],"picked":"SKIP","floor":21},{"not_picked":["Dodge and Roll+1","Escape Plan","Cloak And Dagger","Blur","Caltrops"],"picked":"SKIP","floor":23},{"not_picked":["Blade Dance","Outmaneuver+1","Quick Slash","Flying Knee"],"picked":"Acrobatics+1","floor":25},{"not_picked":["Flying Knee","Backflip+1","Deadly Poison+1","Footwork+1"],"picked":"MostiFishMod:LethalBlade","floor":31},{"not_picked":["Corpse Explosion","Envenom","AT_MyraUnstableElement","Unload"],"picked":"MostiFishMod:Confrontation","floor":33},{"not_picked":["Quick Slash","Distraction","Outmaneuver","Predator+1","Bane"],"picked":"SKIP","floor":35},{"not_picked":["AT_TinkerSharpsword","Dagger Throw","Sucker Punch","Prepared"],"picked":"Reflex","floor":36},{"not_picked":["MostiFishMod:PerfectParry+1","Slice","Noxious Fumes","Prepared","Accuracy"],"picked":"SKIP","floor":38},{"not_picked":["Bane+1","Prepared","Finisher","Quick Slash","Calculated Gamble+1"],"picked":"SKIP","floor":40},{"not_picked":["Bane+1","Prepared","Finisher","Quick Slash"],"picked":"Calculated Gamble+1","floor":40},{"not_picked":["Dagger Throw","Masterful Stab","PiercingWail+1","Blade Dance+1","Deadly Poison"],"picked":"SKIP","floor":41},{"not_picked":["MostiFishMod:PoisonShield+1","Dagger Spray","Slice","MostiFishMod:ThornCasing","Deadly Poison"],"picked":"SKIP","floor":42},{"not_picked":["Deadly Poison","AT_WindFlip","Endless Agony","Dash","Reflex+1"],"picked":"SKIP","floor":45},{"not_picked":["Quick Slash","AT_ThistleTea","Poisoned Stab+1","Deadly Poison","Terror+1"],"picked":"SKIP","floor":46},{"not_picked":["Quick Slash","AT_ThistleTea","Poisoned Stab+1","Deadly Poison"],"picked":"Terror+1","floor":46},{"not_picked":["Accuracy","Blur","Catalyst","PiercingWail"],"picked":"Calculated Gamble","floor":47},{"not_picked":["Deadly Poison","Poisoned Stab","Concentrate","AT_KneejerkReflex"],"picked":"MostiFishMod:Listen","floor":55}],"player_experience":406325,"relics_obtained":[{"floor":1.0,"key":"SynthV:TestCard"},{"floor":6,"key":"Tiny Chest"},{"floor":8,"key":"Gremlin Food"},{"floor":10,"key":"testmod-ArcanaOfDestiny"},{"floor":12,"key":"Pear"},{"floor":14,"key":"AT_ForceNature"},{"floor":23,"key":"AT_SilvercatRing"},{"floor":25,"key":"testmod-Fortitude"},{"floor":26,"key":"Mummified Hand"},{"floor":28,"key":"Gremlin Horn"},{"floor":31,"key":"Replay:Rubber Ducky"},{"floor":37,"key":"DianPoetry"},{"floor":40,"key":"ReplayFunnel"},{"floor":42,"key":"Byrd Skull"},{"floor":43,"key":"Ornamental Fan"},{"floor":55,"key":"ReplayTheSpireMod:Lightbulb"}],"event_choices":[{"damage_healed":0,"gold_gain":0,"player_choice":"1 cards matched","damage_taken":0,"max_hp_gain":0,"max_hp_loss":0,"event_name":"Match and Keep!","floor":2,"gold_loss":0,"cards_obtained":["After Image"]},{"cards_removed":["Strike_G"],"damage_healed":0,"gold_gain":0,"player_choice":"Card Removal","damage_taken":7,"max_hp_gain":0,"max_hp_loss":0,"event_name":"Golden Wing","floor":5,"gold_loss":0},{"damage_healed":0,"gold_gain":0,"player_choice":"Read","damage_taken":0,"max_hp_gain":0,"max_hp_loss":0,"event_name":"The Library","floor":19,"gold_loss":0,"cards_obtained":["Accuracy"]},{"damage_healed":0,"gold_gain":0,"player_choice":"Swap Relic","damage_taken":0,"relics_obtained":["DaveBox"],"max_hp_gain":0,"max_hp_loss":0,"event_name":"给自己的盒子","floor":27,"relics_lost":["DaveBox"],"gold_loss":0},{"cards_removed":["Strike_G"],"damage_healed":0,"gold_gain":0,"player_choice":"Elegance","damage_taken":0,"max_hp_gain":0,"max_hp_loss":0,"event_name":"Back to Basics","floor":29,"gold_loss":0},{"damage_healed":0,"gold_gain":0,"player_choice":"Forge","damage_taken":0,"max_hp_gain":0,"max_hp_loss":0,"event_name":"Accursed Blacksmith","floor":30,"gold_loss":0,"cards_upgraded":["Prepared"]},{"damage_healed":0,"gold_gain":0,"player_choice":"Memory 3","damage_taken":10,"max_hp_gain":0,"max_hp_loss":0,"event_name":"SensoryStone","floor":39,"gold_loss":0},{"damage_healed":0,"gold_gain":0,"player_choice":"Ignored","damage_taken":0,"max_hp_gain":0,"max_hp_loss":0,"event_name":"Tomb of Lord Red Mask","floor":44,"gold_loss":0}],"is_beta":false,"boss_relics":[{"not_picked":["Painkiller Herb","Snecko Eye"],"picked":"Replay:Bronze Core"},{"not_picked":["Calling Bell","Astrolabe"],"picked":"testmod-SaigiyounoYou"}],"items_purged_floors":[20,22,22,48,54,54],"is_endless":false,"potions_floor_spawned":[1,6,12,14,23,25,38,41,42,45,47],"ascension_level":20}}