{"host":"l57y98fnbdudgsvd","time":1613696995,"event":{"mods":["Aspiration","BaseMod","Better Note","Better Third Choice","BetterRewards","Friendly Minions","Hubris","Infinite Spire","Minty Spire (QoL Compilation)","Relic Sorter","Replay The Spire","Spicy Shops","StSLib","The Jungle"],"gold_per_floor":[116,135,135,148,148,161,186,201,201,201,220,220,233,75,75,149,149,166,166,316,339,339,339,339,339,387,312,231,258,258,258],"floor_reached":30,"language":"ENG","playtime":1491,"items_purged":["Strike_B"],"score":644,"play_id":"aee07b8c-4eb5-4c8d-9c27-0c4e3c130b05","local_time":"20210218200955","is_ascension_mode":true,"campfire_choices":[{"floor":10,"key":"REST"},{"floor":12,"key":"REST"},{"data":"Redo","floor":15,"key":"SMITH"},{"data":"Zap","floor":23,"key":"SMITH"},{"data":"Go for the Eyes","floor":25,"key":"SMITH"}],"circlet_count":0,"master_deck":["AscendersBane","Strike_B","Strike_B","Strike_B","Defend_B","Defend_B","Defend_B","Defend_B","Zap+1","Dualcast","Heatsinks+1","Redo+1","Compile Driver","Coolheaded","Go for the Eyes+1","Steam","Flex","Self Repair","Glacier","Echo Form+1","Creative AI+1","Turbo+1","Defragment","Turbo+1"],"relics":["Cracked Core","Golden Egg","aspiration:BabyByrd","hubris:Towel","aspiration:SeaSaltIceCream","aspiration:Nostalgia","Iron Core","Eternal Feather","Inserter","ReplayTheSpireMod:CursedCoin","DataDisk","Geode","Ring of Shattering","Ring of Panic","Replay:Wax Seal","Dead Branch"],"acts_visited":["Exordium","TheCity"],"potions_floor_usage":[7,13,18],"damage_taken":[{"damage":0,"enemies":"2 Louse","floor":1,"turns":3},{"damage":9,"enemies":"Jaw Worm","floor":2,"turns":4},{"damage":0,"enemies":"Cultist","floor":4,"turns":3},{"damage":15,"enemies":"3 Louse","floor":6,"turns":4},{"damage":28,"enemies":"Lagavulin","floor":7,"turns":9},{"damage":3,"enemies":"Large Slime","floor":8,"turns":6},{"damage":28,"enemies":"Gremlin Gang","floor":11,"turns":5},{"damage":4,"enemies":"Exordium Wildlife","floor":13,"turns":3},{"damage":34,"enemies":"Hexaghost","floor":16,"turns":16},{"damage":32,"enemies":"Chosen","floor":18,"turns":5},{"damage":0,"enemies":"Shell Parasite","floor":28,"turns":5},{"damage":39,"enemies":"Gremlin Leader","floor":29,"turns":5},{"damage":46,"enemies":"3 Cultists","floor":30,"turns":5}],"seed_played":"1743632042355566618","potions_obtained":[{"floor":1,"key":"Explosive Potion"},{"floor":4,"key":"EssenceOfSteel"},{"floor":6,"key":"Fruit Juice"},{"floor":16,"key":"GamblersBrew"}],"is_trial":false,"path_per_floor":["M","M","?","M","?","M","E","M","T","R","M","R","M","$","R","B",null,"M","?","$","T","AVR","R","?","R","T","?","M","E","M"],"character_chosen":"DEFECT","items_purchased":["Golden Egg","Heatsinks","Echo Form","ReplayTheSpireMod:CursedCoin"],"campfire_rested":2,"item_purchase_floors":[0,0,14,20],"current_hp_per_floor":[64,55,55,55,55,40,17,14,14,45,17,48,44,44,56,36,66,34,34,34,34,34,46,46,58,58,58,72,40,0,0],"gold":258,"neow_bonus":"","is_daily":false,"chose_seed":false,"campfire_upgraded":3,"win_rate":0.0,"timestamp":1613696995,"path_taken":["M","M","?","M","?","M","E","M","T","R","M","R","M","$","R","BOSS","M","?","$","?","AVR","R","?","R","T","?","M","E","M"],"items_purchased_type":["Relic","Card","Card","Relic"],"build_version":"2020-12-22","purchased_purges":1,"victory":false,"max_hp_per_floor":[71,71,71,71,71,71,76,76,76,76,76,76,76,76,76,76,76,76,76,76,76,76,76,76,76,76,76,76,76,76,76],"card_choices":[{"not_picked":["Turbo","Rip and Tear"],"picked":"Redo","floor":1},{"not_picked":["Stack","Panic Button"],"picked":"Compile Driver","floor":2},{"not_picked":["Fusion","Go for the Eyes"],"picked":"Coolheaded","floor":4},{"not_picked":["Panic Button","Turbo"],"picked":"Go for the Eyes","floor":6},{"not_picked":["Sunder","Rebound"],"picked":"Steam","floor":7},{"not_picked":["Steam","Evolve"],"picked":"Flex","floor":8},{"not_picked":["Consume","Go for the Eyes"],"picked":"Self Repair","floor":11},{"not_picked":["WeaponsOverheat","Panic Button"],"picked":"Glacier","floor":13},{"not_picked":["Hyperbeam","Seek"],"picked":"Creative AI","floor":16},{"not_picked":["Streamline","Conserve Battery"],"picked":"Turbo+1","floor":18},{"not_picked":["Rebound+1","ReplayTheSpireMod:Calculation Training"],"picked":"Defragment","floor":28},{"not_picked":["Compile Driver","Stack"],"picked":"Turbo+1","floor":29}],"player_experience":1357157,"relics_obtained":[{"floor":7,"key":"aspiration:SeaSaltIceCream"},{"floor":9,"key":"Eternal Feather"},{"floor":21,"key":"DataDisk"},{"floor":24,"key":"Ring of Shattering"},{"floor":24,"key":"Ring of Panic"},{"floor":26,"key":"Replay:Wax Seal"},{"floor":29,"key":"Dead Branch"}],"event_choices":[{"cards_removed":["Flex"],"damage_healed":0,"gold_gain":0,"player_choice":"Give","damage_taken":0,"max_hp_gain":0,"max_hp_loss":0,"event_name":"betterNote:BetterNote","floor":19,"gold_loss":0,"cards_obtained":["ReplayTheSpireMod:Speed Training"]},{"cards_removed":["Voices"],"damage_healed":0,"gold_gain":0,"player_choice":"Gave Gold","damage_taken":0,"max_hp_gain":0,"max_hp_loss":0,"event_name":"Beggar","floor":27,"gold_loss":75}],"is_beta":false,"boss_relics":[{"not_picked":["Replay:Drink Me","Philosopher\u0027s Stone"],"picked":"Inserter"}],"items_purged_floors":[22],"is_endless":false,"potions_floor_spawned":[1,4,6,16],"killed_by":"3 Cultists","ascension_level":17}}