{"host":"cpsutu8lprjuipd6","time":1613719607,"event":{"mods":["BaseMod","Colored Map","Minty Spire (QoL Compilation)","Permanent Neow","Quick Restart","StSLib","SuperFastMode","The Bug Knight","Together in Spire"],"gold_per_floor":[110,60,1,12,27,27,57,57,81,156,168,168,181,25,25,149,149,170,183,204,224,224,224],"floor_reached":22,"language":"KOR","playtime":790,"items_purged":[],"score":197,"play_id":"d1c51be2-bf8e-4330-a684-29cbe1be208d","local_time":"20210219162647","is_ascension_mode":true,"campfire_choices":[{"data":"FollowUp","floor":6,"key":"SMITH"},{"floor":15,"key":"REST"}],"circlet_count":0,"master_deck":["Strike_P","Strike_P","Strike_P","Strike_P","Defend_P","Defend_P","Defend_P","Eruption+1","Vigilance","FollowUp+1","FollowUp","SignatureMove","Halt","EmptyFist","SashWhip","ConjureBlade","JustLucky+1","FearNoEvil","Consecrate","Consecrate"],"relics":["PureWater","Omamori","Oddly Smooth Stone","Golden Idol","Akabeko","SlaversCollar"],"acts_visited":["Exordium","TheCity"],"potions_floor_usage":[],"damage_taken":[{"damage":5,"enemies":"Small Slimes","floor":1,"turns":2},{"damage":7,"enemies":"Cultist","floor":4,"turns":3},{"damage":0,"enemies":"Jaw Worm","floor":5,"turns":1},{"damage":12,"enemies":"3 Sentries","floor":7,"turns":4},{"damage":3,"enemies":"Red Slaver","floor":11,"turns":2},{"damage":0,"enemies":"Gremlin Gang","floor":13,"turns":3},{"damage":54,"enemies":"Hexaghost","floor":16,"turns":9},{"damage":0,"enemies":"Chosen","floor":18,"turns":3},{"damage":9,"enemies":"3 Byrds","floor":19,"turns":4},{"damage":13,"enemies":"Centurion and Healer","floor":20,"turns":5},{"damage":14,"enemies":"Cultist and Chosen","floor":21,"turns":3},{"damage":11,"enemies":"Shelled Parasite and Fungi","floor":22,"turns":2}],"seed_played":"2607430864757820590","potions_obtained":[{"floor":4,"key":"Ancient Potion"},{"floor":5,"key":"BottledMiracle"},{"floor":20,"key":"Explosive Potion"}],"is_trial":false,"path_per_floor":["M","?","?","M","M","R","E","$","T","?","M","?","M","$","R","B",null,"M","M","M","M","M"],"character_chosen":"WATCHER","items_purchased":["Akabeko"],"campfire_rested":1,"item_purchase_floors":[14],"current_hp_per_floor":[67,67,67,60,60,60,48,48,48,37,34,34,34,34,55,1,72,72,63,50,36,25,25],"gold":224,"neow_bonus":"UPGRADE_CARD","is_daily":false,"chose_seed":false,"campfire_upgraded":1,"win_rate":0.0,"timestamp":1613719607,"path_taken":["M","?","?","M","?","R","E","?","T","?","M","?","?","?","R","BOSS","M","?","?","M","M"],"items_purchased_type":["Relic"],"build_version":"2020-12-22","purchased_purges":0,"victory":false,"max_hp_per_floor":[72,72,72,72,72,72,72,72,72,72,72,72,72,72,72,72,72,72,72,72,72,72,72],"card_choices":[{"not_picked":["CrushJoints","WaveOfTheHand"],"picked":"FollowUp","floor":1},{"not_picked":["ReachHeaven","FlyingSleeves"],"picked":"FollowUp","floor":4},{"not_picked":["Prostrate","EmptyFist"],"picked":"SignatureMove","floor":5},{"not_picked":["Establishment","ClearTheMind"],"picked":"Halt","floor":7},{"not_picked":["WindmillStrike","CrushJoints"],"picked":"EmptyFist","floor":11},{"not_picked":["EmptyBody","Worship"],"picked":"SashWhip","floor":13},{"not_picked":["LessonLearned","MasterReality"],"picked":"ConjureBlade","floor":16},{"not_picked":["ClearTheMind+1","Study"],"picked":"JustLucky+1","floor":18},{"not_picked":["MentalFortress","Prostrate+1"],"picked":"FearNoEvil","floor":19},{"not_picked":["Swivel+1","SignatureMove"],"picked":"Consecrate","floor":20},{"not_picked":["Prostrate","Study+1"],"picked":"Consecrate","floor":21}],"player_experience":115829,"relics_obtained":[{"floor":7,"key":"Oddly Smooth Stone"}],"event_choices":[{"cards_removed":["Defend_P"],"damage_healed":0,"gold_gain":0,"player_choice":"Card Removal","damage_taken":0,"max_hp_gain":0,"max_hp_loss":0,"event_name":"The Cleric","floor":2,"gold_loss":50},{"damage_healed":0,"gold_gain":0,"player_choice":"Paid Gold","damage_taken":0,"relics_obtained":["Omamori"],"max_hp_gain":0,"max_hp_loss":0,"event_name":"WeMeetAgain","floor":3,"gold_loss":59},{"damage_healed":0,"gold_gain":75,"player_choice":"Gather Gold","damage_taken":11,"max_hp_gain":0,"max_hp_loss":0,"event_name":"World of Goop","floor":10,"gold_loss":0},{"damage_healed":0,"gold_gain":0,"player_choice":"Take Wound","damage_taken":0,"relics_obtained":["Golden Idol"],"max_hp_gain":0,"max_hp_loss":0,"event_name":"Golden Idol","floor":12,"gold_loss":0,"cards_obtained":["Injury"]}],"is_beta":false,"boss_relics":[{"not_picked":["Cursed Key","Calling Bell"],"picked":"SlaversCollar"}],"items_purged_floors":[],"is_endless":false,"potions_floor_spawned":[4,5,20,21],"killed_by":"Shelled Parasite and Fungi","ascension_level":1}}