{"host":"og6lam4kt3nibbw0","time":1613760052,"event":{"mods":["AchievementEnabler","BaseMod","Colored Map","DeckTracker","Highlight Path","Keyboard Shortcuts","Minty Spire (QoL Compilation)","Permanent Neow","Quick Restart","StSLib","SuperFastMode"],"gold_per_floor":[118,136,136,152,172,172,205,205,205,232,242,242,5,30,30,108,108,120,139,82,96,125,125,150,150,176,76,76,102,102,27,27,104,104,115,115,128,3,16,16,16],"floor_reached":40,"language":"KOR","playtime":1006,"items_purged":["Strike_B","Defend_B","Defend_B"],"score":884,"play_id":"5ecf1f0f-9b73-4245-b824-698ff3c09d91","local_time":"20210220034052","is_ascension_mode":true,"campfire_choices":[{"data":"Electrodynamics","floor":6.0,"key":"SMITH"},{"data":"Zap","floor":8.0,"key":"SMITH"},{"floor":12.0,"key":"REST"},{"data":"Fission","floor":15.0,"key":"SMITH"},{"data":"Storm","floor":23.0,"key":"SMITH"},{"data":"Storm","floor":25.0,"key":"SMITH"},{"data":"Capacitor","floor":32.0,"key":"SMITH"}],"circlet_count":0,"master_deck":["AscendersBane","Strike_B","Strike_B","Defend_B","Defend_B","Zap+1","Dualcast","Electrodynamics+1","Sweeping Beam","Genetic Algorithm+1","Glacier","Capacitor+1","Undo","Ball Lightning","Biased Cognition","Fission+1","Biased Cognition","Storm+1","Coolheaded","Storm+1","Coolheaded","CurseOfTheBell","Consume"],"relics":["Cracked Core","Anchor","Bottled Flame","Question Card","White Beast Statue","Busted Crown","Red Mask","MealTicket","Happy Flower","DataDisk","Pantograph","Calling Bell","Bronze Scales","Ornamental Fan","Peace Pipe"],"acts_visited":["Exordium","TheCity","TheBeyond"],"potions_floor_usage":[39,40,40],"damage_taken":[{"damage":9.0,"enemies":"Jaw Worm","floor":1.0,"turns":4.0},{"damage":1.0,"enemies":"Cultist","floor":2.0,"turns":3.0},{"damage":3.0,"enemies":"2 Louse","floor":4.0,"turns":2.0},{"damage":8.0,"enemies":"Blue Slaver","floor":5.0,"turns":3.0},{"damage":21.0,"enemies":"Gremlin Nob","floor":7.0,"turns":4.0},{"damage":10.0,"enemies":"3 Sentries","floor":10.0,"turns":4.0},{"damage":0.0,"enemies":"Large Slime","floor":11.0,"turns":5.0},{"damage":8.0,"enemies":"Lagavulin","floor":14.0,"turns":5.0},{"damage":20.0,"enemies":"Slime Boss","floor":16.0,"turns":8.0},{"damage":0.0,"enemies":"3 Byrds","floor":18.0,"turns":2.0},{"damage":19.0,"enemies":"Spheric Guardian","floor":19.0,"turns":4.0},{"damage":7.0,"enemies":"Snake Plant","floor":21.0,"turns":4.0},{"damage":2.0,"enemies":"Masked Bandits","floor":22.0,"turns":2.0},{"damage":16.0,"enemies":"Book of Stabbing","floor":24.0,"turns":3.0},{"damage":1.0,"enemies":"Slavers","floor":29.0,"turns":2.0},{"damage":16.0,"enemies":"Collector","floor":33.0,"turns":5.0},{"damage":0.0,"enemies":"Orb Walker","floor":35.0,"turns":3.0},{"damage":0,"enemies":"3 Shapes","floor":37,"turns":2},{"damage":29,"enemies":"3 Darklings","floor":39,"turns":3},{"damage":58,"enemies":"Giant Head","floor":40,"turns":9}],"seed_played":"5489423238179001697","potions_obtained":[{"floor":4.0,"key":"Regen Potion"},{"floor":5.0,"key":"DuplicationPotion"},{"floor":7.0,"key":"SkillPotion"},{"floor":14.0,"key":"PotionOfCapacity"},{"floor":16.0,"key":"DuplicationPotion"},{"floor":18.0,"key":"PowerPotion"},{"floor":21.0,"key":"Dexterity Potion"},{"floor":22.0,"key":"GamblersBrew"},{"floor":24.0,"key":"SteroidPotion"},{"floor":29.0,"key":"AttackPotion"},{"floor":33.0,"key":"EntropicBrew"},{"floor":37,"key":"AttackPotion"},{"floor":39,"key":"Weak Potion"}],"is_trial":false,"path_per_floor":["M","M","?","M","M","R","E","R","T","E","M","R","$","E","R","B",null,"M","M","$","M","?","R","E","R","T","$","?","E","T","?","R","B",null,"M","?","M","$","M","E"],"character_chosen":"DEFECT","items_purchased":["Biased Cognition","Coolheaded"],"campfire_rested":1,"item_purchase_floors":[13,20],"current_hp_per_floor":[55,54,54,51,43,43,22,22,22,24,24,43,43,35,35,15,52,52,33,33,26,24,24,8,8,8,23,23,22,22,22,22,31,56,56,56,56,64,35,0,0],"gold":16,"neow_bonus":"THREE_RARE_CARDS","is_daily":false,"chose_seed":false,"campfire_upgraded":6,"win_rate":0.0,"timestamp":1613760052,"path_taken":["M","M","?","M","M","R","E","R","T","E","M","R","?","E","R","BOSS","M","M","$","M","?","R","E","R","T","$","?","E","?","?","R","BOSS","M","?","?","$","M","E"],"items_purchased_type":["Card","Card"],"build_version":"2020-12-22","purchased_purges":3,"victory":false,"max_hp_per_floor":[64,64,64,64,64,64,64,64,64,64,64,64,64,64,64,64,64,64,64,64,64,64,64,64,64,64,64,64,64,64,64,64,64,64,64,64,64,64,64,64,64],"card_choices":[{"not_picked":["Fission","Echo Form"],"picked":"Electrodynamics","floor":0.0},{"not_picked":["Hello World","Rip and Tear"],"picked":"Sweeping Beam","floor":1.0},{"not_picked":["Barrage","Redo"],"picked":"Genetic Algorithm","floor":2.0},{"not_picked":["Conserve Battery","Reinforced Body","Rebound"],"picked":"SKIP","floor":4.0},{"not_picked":["Scrape","Consume"],"picked":"Glacier","floor":5.0},{"not_picked":["Tempest","Sweeping Beam"],"picked":"Capacitor","floor":7.0},{"not_picked":["Amplify","Cold Snap"],"picked":"Undo","floor":10.0},{"not_picked":["Leap","Streamline","Cold Snap"],"picked":"Ball Lightning","floor":11.0},{"not_picked":["Gash","Rebound","Hello World"],"picked":"Fission","floor":14.0},{"not_picked":["Echo Form","Amplify","All For One"],"picked":"Biased Cognition","floor":16.0},{"not_picked":["Chill"],"picked":"Storm","floor":18.0},{"not_picked":["Redo","Darkness"],"picked":"SKIP","floor":19.0},{"not_picked":["Steam Power"],"picked":"Storm","floor":21.0},{"not_picked":["Redo","Chaos"],"picked":"SKIP","floor":24.0},{"not_picked":["Ball Lightning+1"],"picked":"Coolheaded","floor":29.0},{"not_picked":["Darkness","Redo"],"picked":"SKIP","floor":35.0},{"not_picked":["Leap","Turbo"],"picked":"SKIP","floor":37},{"not_picked":["Hologram+1"],"picked":"Consume","floor":39}],"player_experience":978543,"relics_obtained":[{"floor":7.0,"key":"Anchor"},{"floor":9.0,"key":"Bottled Flame"},{"floor":10.0,"key":"Question Card"},{"floor":14.0,"key":"White Beast Statue"},{"floor":22.0,"key":"Red Mask"},{"floor":24.0,"key":"MealTicket"},{"floor":26.0,"key":"Happy Flower"},{"floor":29.0,"key":"Pantograph"},{"floor":34.0,"key":"Bronze Scales"},{"floor":34.0,"key":"Ornamental Fan"},{"floor":34.0,"key":"Peace Pipe"}],"event_choices":[{"damage_healed":0.0,"max_hp_gain":0.0,"max_hp_loss":0.0,"gold_gain":0.0,"event_name":"Upgrade Shrine","player_choice":"Upgraded","floor":3.0,"gold_loss":0.0,"damage_taken":0.0,"cards_upgraded":["Genetic Algorithm"]},{"damage_healed":0.0,"max_hp_gain":0.0,"max_hp_loss":0.0,"gold_gain":0.0,"event_name":"Masked Bandits","player_choice":"Fought Bandits","floor":22.0,"gold_loss":0.0,"damage_taken":0.0},{"damage_healed":0.0,"max_hp_gain":0.0,"max_hp_loss":0.0,"gold_gain":0.0,"event_name":"The Mausoleum","player_choice":"Opened","floor":28.0,"gold_loss":0.0,"damage_taken":0.0,"relics_obtained":["DataDisk"],"cards_obtained":["Writhe"]},{"cards_removed":["Strike_B"],"damage_healed":0.0,"max_hp_gain":0.0,"max_hp_loss":0.0,"gold_gain":0.0,"event_name":"Beggar","player_choice":"Gave Gold","floor":31.0,"gold_loss":75.0,"damage_taken":0.0},{"cards_removed":["Writhe"],"damage_healed":0.0,"max_hp_gain":0.0,"max_hp_loss":0.0,"gold_gain":0.0,"event_name":"Fountain of Cleansing","player_choice":"Removed Curses","floor":36.0,"gold_loss":0.0,"damage_taken":0.0}],"is_beta":false,"boss_relics":[{"not_picked":["Snecko Eye","Astrolabe"],"picked":"Busted Crown"},{"not_picked":["Fusion Hammer","Coffee Dripper"],"picked":"Calling Bell"}],"items_purged_floors":[13,27,38],"is_endless":false,"potions_floor_spawned":[4,5,7,14,16,18,19,21,22,24,29,33,35,37,39],"killed_by":"Giant Head","ascension_level":20}}