{"host":"l57y98fnbdudgsvd","time":1613695492,"event":{"mods":["Aspiration","BaseMod","Better Note","Better Third Choice","BetterRewards","Friendly Minions","Hubris","Infinite Spire","Minty Spire (QoL Compilation)","Relic Sorter","Replay The Spire","Spicy Shops","StSLib","The Jungle"],"gold_per_floor":[112,2,22,22,38,38,64,64,91,91,91,124,124,167,167,261,261,316,316,342,344,344],"floor_reached":21,"language":"ENG","playtime":884,"items_purged":[],"score":315,"play_id":"74a8f188-8ba8-4ea7-a6b9-aff98bfabe92","local_time":"20210218194452","is_ascension_mode":true,"campfire_choices":[{"data":"Replay:Dark Deal","floor":6,"key":"SMITH"},{"data":"infinitespire:Oblivion","floor":10,"key":"SMITH"},{"data":"Zap","floor":13,"key":"SMITH"},{"data":"Dualcast","floor":15,"key":"SMITH"}],"circlet_count":0,"master_deck":["AscendersBane","Strike_B","Strike_B","Strike_B","Defend_B","Defend_B","Defend_B","Defend_B","Zap+1","Dualcast+1","Replay:Dark Deal+1","Doubt","Flash of Steel","Gash","Hologram","infinitespire:Oblivion+1","Injury","Conserve Battery","After Image","Metallicize","ReplaySort","Consecrate"],"relics":["Cracked Core","Snack Pack","aspiration:Lifesprig","PrismaticShard","Membership Card","ClockworkSouvenir","Runic Capacitor","hubris:OldNail","hubris:SlimyHat","Golden Idol","Gremlin Food","infinitespire:Midas Blood","aspiration:IroncladSkillbook"],"acts_visited":["Exordium","TheCity"],"potions_floor_usage":[7,14,20,21],"damage_taken":[{"damage":6,"enemies":"Cultist","floor":1,"turns":4},{"damage":0,"enemies":"2 Louse","floor":3,"turns":2},{"damage":0,"enemies":"Small Slimes","floor":5,"turns":2},{"damage":32,"enemies":"Lagavulin","floor":7,"turns":4},{"damage":0,"enemies":"Gremlin Nob","floor":12,"turns":3},{"damage":12,"enemies":"3 Sentries","floor":14,"turns":2},{"damage":0,"enemies":"Slime Boss","floor":16,"turns":4},{"damage":38,"enemies":"3 Byrds","floor":18,"turns":4},{"damage":31,"enemies":"Chosen","floor":20,"turns":7},{"damage":10,"enemies":"Sentry and Sphere","floor":21,"turns":3}],"seed_played":"-6442885465589261374","potions_obtained":[{"floor":3,"key":"Swift Potion"},{"floor":12,"key":"PowerPotion"},{"floor":18,"key":"Elixir"},{"floor":20,"key":"SkillPotion"}],"is_trial":false,"path_per_floor":["M","$","M","?","M","R","E","?","T","R","?","E","R","E","R","B",null,"M","?","M","M"],"character_chosen":"DEFECT","items_purchased":["Snack Pack","Replay:Dark Deal","aspiration:Lifesprig","PrismaticShard","Membership Card","ClockworkSouvenir","Runic Capacitor","Gash"],"campfire_rested":0,"item_purchase_floors":[0,0,0,0,0,0,2,2],"current_hp_per_floor":[58,58,58,40,55,55,29,50,50,50,50,52,52,44,44,48,65,33,33,8,0,0],"gold":344,"neow_bonus":"","is_daily":false,"chose_seed":false,"campfire_upgraded":4,"win_rate":0.0,"timestamp":1613695492,"path_taken":["M","$","?","?","M","R","E","?","T","R","?","E","R","E","R","BOSS","M","?","M","M"],"items_purchased_type":["Relic","Card","Relic","Relic","Relic","Relic","Relic","Card"],"build_version":"2020-12-22","purchased_purges":0,"victory":false,"max_hp_per_floor":[71,71,71,71,71,71,71,71,71,71,71,71,71,71,71,71,71,71,71,71,71,71],"card_choices":[{"not_picked":["Armaments","Sucker Punch"],"picked":"Flash of Steel","floor":1},{"not_picked":["Flex","Searing Blow"],"picked":"Hologram","floor":3},{"not_picked":["ReplayTheSpireMod:Chaos Vortex","ReplayTheSpireMod:Black Plague"],"picked":"infinitespire:Oblivion","floor":4},{"not_picked":["hubris:SharpeningStone","Sucker Punch","Pummel"],"picked":"SKIP","floor":5},{"not_picked":["FearNoEvil","Wireheading","Hidden Blade"],"picked":"SKIP","floor":7},{"not_picked":["Underhanded Strike","Havoc"],"picked":"Conserve Battery","floor":12},{"not_picked":["Quick Slash","ReplayTheSpireMod:Tripwire","Terror"],"picked":"SKIP","floor":14},{"not_picked":["Quick Slash","ReplayTheSpireMod:Tripwire","Terror"],"picked":"SKIP","floor":14},{"not_picked":["Amplify","Judgement"],"picked":"After Image","floor":16},{"not_picked":["Clash","Prepared","BowlingBash"],"picked":"Metallicize","floor":18},{"not_picked":["Spot Weakness","Headbutt+1","ReplayTheSpireMod:Shiv Toss"],"picked":"Consecrate","floor":20}],"player_experience":1356273,"relics_obtained":[{"floor":7,"key":"hubris:OldNail"},{"floor":9,"key":"hubris:SlimyHat"},{"floor":12,"key":"Gremlin Food"},{"floor":14,"key":"infinitespire:Midas Blood"}],"event_choices":[{"damage_healed":0,"gold_gain":0,"player_choice":"Take Wound","damage_taken":0,"relics_obtained":["Golden Idol"],"max_hp_gain":0,"max_hp_loss":0,"event_name":"Golden Idol","floor":11,"gold_loss":0,"cards_obtained":["Injury"]},{"damage_healed":0,"gold_gain":0,"cards_transformed":["Strike_B"],"player_choice":"Transformed","damage_taken":0,"max_hp_gain":0,"max_hp_loss":0,"event_name":"Transmorgrifier","floor":19,"gold_loss":0,"cards_obtained":["ReplaySort"]}],"is_beta":false,"boss_relics":[{"not_picked":["Snecko Eye","Astrolabe"],"picked":"aspiration:IroncladSkillbook"}],"items_purged_floors":[],"is_endless":false,"potions_floor_spawned":[3,12,18,20],"killed_by":"Sentry and Sphere","ascension_level":17}}