{"host":"5h6e4l6hpn0p5lap","time":1613728574,"event":{"mods":["AchievementEnabler","BaseMod","Better Altar","Better Match","Better Sensory Stone","Better Skull","Better Third Choice","Colored Map","Filter the Spire","Minty Spire (QoL Compilation)","StSLib"],"gold_per_floor":[369,379,391,403,403,436,436,452,501,501,535,535,535,69,69,69,69],"floor_reached":16,"language":"ENG","playtime":476,"items_purged":["Strike_R"],"score":154,"play_id":"1b9d7965-fd5b-403c-ab98-dc82f1014cf6","local_time":"20210219045614","is_ascension_mode":true,"campfire_choices":[{"data":"Twin Strike","floor":7.0,"key":"SMITH"},{"floor":10,"key":"REST"},{"data":"Corruption","floor":12,"key":"SMITH"},{"data":"Limit Break","floor":15,"key":"SMITH"}],"circlet_count":0,"master_deck":["Strike_R","Strike_R","Strike_R","Strike_R","Defend_R","Defend_R","Defend_R","Defend_R","Bash","Wild Strike","Twin Strike+1","Pummel","Double Tap","Corruption+1","Twin Strike","Ghostly Armor","Perfected Strike","Limit Break+1","Heavy Blade"],"relics":["Burning Blood","Golden Idol","Shovel","PreservedInsect","Ornamental Fan","Juzu Bracelet","Pen Nib"],"acts_visited":["Exordium"],"potions_floor_usage":[11],"damage_taken":[{"damage":3.0,"enemies":"Jaw Worm","floor":1.0,"turns":4.0},{"damage":3.0,"enemies":"2 Louse","floor":2.0,"turns":2.0},{"damage":6.0,"enemies":"Cultist","floor":3.0,"turns":3.0},{"damage":14.0,"enemies":"Red Slaver","floor":4.0,"turns":3.0},{"damage":28.0,"enemies":"Gremlin Nob","floor":6.0,"turns":4.0},{"damage":17,"enemies":"2 Fungi Beasts","floor":8,"turns":4},{"damage":13,"enemies":"Lagavulin","floor":11,"turns":5},{"damage":34,"enemies":"The Guardian","floor":16,"turns":10}],"seed_played":"6291684611434088627","potions_obtained":[{"floor":1.0,"key":"Dexterity Potion"},{"floor":8,"key":"SpeedPotion"}],"is_trial":false,"path_per_floor":["M","M","M","M","?","E","R","M","T","R","E","R","?","$","R","B"],"character_chosen":"IRONCLAD","items_purchased":["Perfected Strike","Limit Break","Heavy Blade","Pen Nib"],"campfire_rested":1,"item_purchase_floors":[14,14,14,14],"current_hp_per_floor":[72,72,72,64,64,42,42,31,31,51,44,44,44,44,44,10,10],"gold":69,"neow_bonus":"TWO_FIFTY_GOLD","is_daily":false,"chose_seed":false,"campfire_upgraded":3,"win_rate":0.0,"timestamp":1613728574,"path_taken":["M","M","M","M","?","E","R","M","T","R","E","R","?","$","R","BOSS"],"items_purchased_type":["Card","Card","Card","Relic"],"build_version":"2020-12-22","purchased_purges":1,"victory":false,"max_hp_per_floor":[72,72,72,72,67,67,67,67,67,67,67,67,67,67,67,67,67],"card_choices":[{"not_picked":["Uppercut","True Grit"],"picked":"Wild Strike","floor":1.0},{"not_picked":["Headbutt","Iron Wave"],"picked":"Twin Strike","floor":2.0},{"not_picked":["Havoc","Power Through"],"picked":"Pummel","floor":3.0},{"not_picked":["Metallicize","Thunderclap"],"picked":"Double Tap","floor":4.0},{"not_picked":["Carnage","Flex"],"picked":"Corruption","floor":6.0},{"not_picked":["Wild Strike","Body Slam"],"picked":"Twin Strike","floor":8},{"not_picked":["Wild Strike","Limit Break"],"picked":"Ghostly Armor","floor":11}],"player_experience":1143314,"relics_obtained":[{"floor":6.0,"key":"Shovel"},{"floor":9,"key":"PreservedInsect"},{"floor":11,"key":"Ornamental Fan"}],"event_choices":[{"damage_healed":0.0,"max_hp_gain":0.0,"max_hp_loss":5.0,"gold_gain":0.0,"event_name":"Golden Idol","player_choice":"Lose Max HP","floor":5.0,"gold_loss":0.0,"damage_taken":0.0,"relics_obtained":["Golden Idol"]},{"damage_healed":0,"gold_gain":0,"player_choice":"Gave Potion","damage_taken":0,"relics_obtained":["Juzu Bracelet"],"max_hp_gain":0,"max_hp_loss":0,"event_name":"WeMeetAgain","floor":13,"gold_loss":0}],"is_beta":false,"boss_relics":[],"items_purged_floors":[14],"is_endless":false,"potions_floor_spawned":[1,8],"killed_by":"The Guardian","ascension_level":8}}