{"host":"7qjyzxi5zjrbio0h","time":1613768600,"event":{"mods":["AchievementEnabler","BaseMod","Colored Powertips","Downfall","Hermit","Minty Spire (QoL Compilation)","StSLib","The Necromancer"],"gold_per_floor":[112,112,35,52,52,85,104,117,117,46,64,94,94,94,94,198,198,210,224,224,235,245,274,285,313,395,395,423,423,434,485,485,586,586,604,604,623,635,635,665,715,728,753,763,812,693,693,723,723,723],"floor_reached":51,"language":"ENG","playtime":3950,"items_purged":[],"score":852,"play_id":"87cc4aa8-0c3c-4287-b7c2-51cebf0af364","local_time":"20210219160320","is_ascension_mode":false,"campfire_choices":[{"data":"Summon_Undead_Army","floor":13,"key":"SMITH"},{"data":"Summon_Lich","floor":15,"key":"SMITH"},{"data":"Bone_Shift","floor":27,"key":"SMITH"},{"data":"Skeleton_Dragon","floor":29,"key":"SMITH"},{"data":"Summon_Undead","floor":32,"key":"SMITH"},{"floor":47,"key":"REST"},{"data":"Summon_Undead_Army","floor":49,"key":"SMITH"}],"circlet_count":0,"master_deck":["Strike_W","Strike_W","Strike_W","Defend_W","Defend_W","Defend_W","Defend_W","Negative_Energy_Arrows","Bone_Wall","Summon_Undead_Army+1","Spectral_Armor","Summon_Lich+1","Spectral_Armor","Skeleton_Dragon+1","Bone_Armor","Bone_Shift+1","Bone_Shift+1","Summon_Undead+1","Bone_Prison","Requiem","Summon_Lich","Bone_Armor","Stop_Heart+1","Summon_Undead","Summon_Undead_Army+1"],"relics":["Vampire_Amulet","Gremlin Horn","Matryoshka","Happy Flower","Mummified Hand","Pen Nib","Sozu","Mango","Letter Opener","Centennial Puzzle","Bottled Tornado","Eternal Feather","Bronze Scales","SlaversCollar","Boot","Unceasing Top","Dream Catcher","Ice Cream","Nunchaku"],"acts_visited":["Exordium","TheCity","TheBeyond"],"potions_floor_usage":[6,16,16,40],"damage_taken":[{"damage":0,"enemies":"2 Louse","floor":1,"turns":4},{"damage":0,"enemies":"Cultist","floor":4,"turns":4},{"damage":13,"enemies":"3 Sentries","floor":6,"turns":4},{"damage":0,"enemies":"Jaw Worm","floor":7,"turns":4},{"damage":0,"enemies":"Exordium Wildlife","floor":8,"turns":3},{"damage":2,"enemies":"Blue Slaver","floor":11,"turns":4},{"damage":30,"enemies":"Gremlin Nob","floor":12,"turns":6},{"damage":0,"enemies":"Hexaghost","floor":16,"turns":9},{"damage":5,"enemies":"2 Thieves","floor":18,"turns":3},{"damage":0,"enemies":"Spheric Guardian","floor":19,"turns":4},{"damage":14,"enemies":"Centurion and Healer","floor":21,"turns":6},{"damage":2,"enemies":"Sentry and Sphere","floor":22,"turns":6},{"damage":15,"enemies":"Gremlin Leader","floor":23,"turns":6},{"damage":15,"enemies":"Shelled Parasite and Fungi","floor":24,"turns":7},{"damage":6,"enemies":"Slavers","floor":25,"turns":5},{"damage":0,"enemies":"Book of Stabbing","floor":28,"turns":6},{"damage":1,"enemies":"Centurion and Healer","floor":30,"turns":5},{"damage":41,"enemies":"Collector","floor":33,"turns":8},{"damage":0,"enemies":"3 Darklings","floor":35,"turns":2},{"damage":0,"enemies":"Orb Walker","floor":37,"turns":4},{"damage":19,"enemies":"Maw","floor":38,"turns":8},{"damage":8,"enemies":"Reptomancer","floor":40,"turns":4},{"damage":23,"enemies":"Mind Bloom Boss Battle","floor":41,"turns":5},{"damage":0,"enemies":"Transient","floor":42,"turns":5},{"damage":15,"enemies":"Sphere and 2 Shapes","floor":44,"turns":3},{"damage":9,"enemies":"2 Orb Walkers","floor":45,"turns":3},{"damage":5,"enemies":"Nemesis","floor":48,"turns":6},{"damage":46,"enemies":"Time Eater","floor":50,"turns":8}],"seed_played":"-3473399820255138333","potions_obtained":[{"floor":2,"key":"FearPotion"},{"floor":2,"key":"PowerPotion"},{"floor":2,"key":"LiquidMemories"},{"floor":6,"key":"Fire Potion"},{"floor":7,"key":"SmokeBomb"},{"floor":12,"key":"Block Potion"},{"floor":16,"key":"Ancient Potion"}],"is_trial":false,"path_per_floor":["M","?","$","M","?","E","M","M","T","$","M","E","R","?","R","B",null,"M","M","?","M","M","E","M","E","T","R","E","R","M","T","R","B",null,"M","?","M","M","?","E","?","M","T","M","?","$","R","E","R","B",null],"character_chosen":"NECROMANCER","items_purchased":["Summon_Undead_Army","Summon_Lich","Summon_Undead","Summon_Undead_Army"],"campfire_rested":1,"item_purchase_floors":[3,10,46,46],"current_hp_per_floor":[82,82,82,82,79,72,74,78,78,78,78,50,50,50,50,52,82,79,81,81,71,73,78,67,67,67,67,69,81,84,84,96,65,96,96,91,91,74,74,74,53,55,55,46,41,41,83,89,91,65],"gold":723,"neow_bonus":"TEN_PERCENT_HP_BONUS","is_daily":false,"chose_seed":false,"campfire_upgraded":6,"win_rate":0.0,"timestamp":1613768600,"path_taken":["M","?","?","M","?","E","M","M","T","$","M","E","R","?","R","BOSS","M","M","?","M","M","E","M","E","T","R","E","R","M","?","R","BOSS","M","?","M","M","?","E","?","?","T","M","?","?","R","E","R","BOSS"],"items_purchased_type":["Card","Card","Card","Card"],"build_version":"2020-12-22","purchased_purges":0,"victory":true,"max_hp_per_floor":[82,82,82,82,82,82,82,82,82,82,82,82,82,82,82,82,82,82,82,82,82,82,96,96,96,96,96,96,96,96,96,96,96,96,96,91,91,91,91,91,91,91,91,91,91,91,91,91,91,91],"card_choices":[{"not_picked":["Death_Coil","Consume_Illness","Plague_Bolt"],"picked":"SKIP","floor":1},{"not_picked":["Bone_Armor","Negative_Energy_Javelin","Strike_from_Beyond"],"picked":"SKIP","floor":4},{"not_picked":["Detonate_Bones","Thousand_Bone_Knives"],"picked":"Spectral_Armor","floor":6},{"not_picked":["Negative_Energy_Burst","Flesh_Made_Foul","Bone_Shift"],"picked":"SKIP","floor":7},{"not_picked":["Toxic_Smoke_Screen","Finger_Of_Death","Death_Coil"],"picked":"SKIP","floor":8},{"not_picked":["Negative_Energy_Sphere","Death_March_Dance","Life_Tap"],"picked":"SKIP","floor":11},{"not_picked":["Finger_Of_Death","Shackles_Of_Pain"],"picked":"Spectral_Armor","floor":12},{"not_picked":["Hellfire","Blood_Wake"],"picked":"Skeleton_Dragon","floor":16},{"not_picked":["Negative_Energy_Javelin","Negative_Energy_Sphere"],"picked":"Bone_Armor","floor":18},{"not_picked":["Negative_Energy_Javelin","Negative_Energy_Burst"],"picked":"Bone_Shift+1","floor":19},{"not_picked":["Consume_Illness","Strike_from_Beyond"],"picked":"Bone_Shift","floor":21},{"not_picked":["Chill_Blood","Bone_Bullets","Spectral_Walk"],"picked":"SKIP","floor":22},{"not_picked":["Violent_Necrosis+1","Bone_Bullets","Negative_Energy_Shield"],"picked":"SKIP","floor":23},{"not_picked":["Death_March_Dance","Shade_Step+1","Blood_Curse"],"picked":"SKIP","floor":24},{"not_picked":["Bone_Bullets","Pandemic+1"],"picked":"Summon_Undead","floor":25},{"not_picked":["Hellfire","Bone_Spikes"],"picked":"Bone_Prison","floor":28},{"not_picked":["Bones_to_Steel","Finger_Of_Death","Consume_Illness+1"],"picked":"SKIP","floor":30},{"not_picked":["Reap_The_Weak","Cloudkill"],"picked":"Requiem","floor":33},{"not_picked":["Corrupt+1","Shackles_Of_Pain+1","Negative_Energy_Shield+1"],"picked":"SKIP","floor":35},{"not_picked":["Negative_Energy_Shield","Finger_Of_Death"],"picked":"Summon_Lich","floor":37},{"not_picked":["Negative_Energy_Javelin","Necrotic_Claws"],"picked":"Bone_Armor","floor":38},{"not_picked":["Negative_Energy_Shield+1","Death_Coil+1","Necrotic_Claws"],"picked":"SKIP","floor":40},{"not_picked":["Bone_Shift","Hellfire","Plague_Bolt+1"],"picked":"SKIP","floor":42},{"not_picked":["Thousand_Bone_Knives+1","Negative_Energy_Sphere"],"picked":"Stop_Heart+1","floor":44},{"not_picked":["Negative_Energy_Shield+1","Bone_Armory","Toxic_Smoke_Screen+1"],"picked":"SKIP","floor":48}],"player_experience":63702,"relics_obtained":[{"floor":6,"key":"Matryoshka"},{"floor":9,"key":"Happy Flower"},{"floor":9,"key":"Mummified Hand"},{"floor":12,"key":"Pen Nib"},{"floor":23,"key":"Mango"},{"floor":25,"key":"Letter Opener"},{"floor":26,"key":"Centennial Puzzle"},{"floor":26,"key":"Bottled Tornado"},{"floor":28,"key":"Eternal Feather"},{"floor":31,"key":"Bronze Scales"},{"floor":40,"key":"Boot"},{"floor":41,"key":"Unceasing Top"},{"floor":43,"key":"Dream Catcher"},{"floor":45,"key":"Ice Cream"},{"floor":48,"key":"Nunchaku"}],"event_choices":[{"damage_healed":0,"gold_gain":0,"player_choice":"Got Potions","damage_taken":0,"max_hp_gain":0,"max_hp_loss":0,"event_name":"Lab","floor":2,"gold_loss":0},{"damage_healed":0,"gold_gain":0,"player_choice":"Success","damage_taken":3,"relics_obtained":["Gremlin Horn"],"max_hp_gain":0,"max_hp_loss":0,"event_name":"Scrap Ooze","floor":5,"gold_loss":0},{"damage_healed":0,"gold_gain":0,"player_choice":"Ignored","damage_taken":0,"max_hp_gain":0,"max_hp_loss":0,"event_name":"Liars Game","floor":14,"gold_loss":0},{"damage_healed":0,"gold_gain":0,"player_choice":"Max HP","damage_taken":0,"max_hp_gain":0,"max_hp_loss":5,"event_name":"Winding Halls","floor":36,"gold_loss":0},{"cards_removed":["Strike_W"],"damage_healed":0,"gold_gain":0,"player_choice":"Removed Attack","damage_taken":0,"max_hp_gain":0,"max_hp_loss":0,"event_name":"Falling","floor":39,"gold_loss":0},{"damage_healed":0,"gold_gain":0,"player_choice":"Fight","damage_taken":0,"max_hp_gain":0,"max_hp_loss":0,"event_name":"MindBloom","floor":41,"gold_loss":0},{"damage_healed":0,"gold_gain":0,"player_choice":"Fight","damage_taken":0,"max_hp_gain":0,"max_hp_loss":0,"event_name":"Mysterious Sphere","floor":45,"gold_loss":0}],"is_beta":false,"boss_relics":[{"not_picked":["Velvet Choker","Busted Crown"],"picked":"Sozu"},{"not_picked":["Philosopher\u0027s Stone","bronze:MakeshiftBattery"],"picked":"SlaversCollar"}],"items_purged_floors":[],"is_endless":false,"potions_floor_spawned":[6,7,12,16,18,19,21,22,28,33,35,42,44,45],"ascension_level":0}}