{"host":"6r9t33axn0fzb9aq","time":1613746523,"event":{"mods":["Aspiration","BaseMod","Better Altar","Better Match","Better Note","Better Third Choice","Bossed Relics","CatGirl Mod","Clockwork Mod","Colored Map","Colored Powertips","Conspire","Curses Come First","Custom Start","Energized Spire","Halation","Hubris","Infinite Spire","Koishi","Marisa????????","Minty Spire (QoL Compilation)","Onozuka Komachi Mod","Poor People Problems","Reliquary","Remilia??????","Replay The Spire","Reworked Bosses","Shade Mod","Spicy Shops","Spire Arcade","StSLib","The Blue Laboratory","The Cursed","The Death Knight","The Hierophant","The Marked","The Necromancer","The Servant 0.9.4","TheHero","Trackpad","Waifu the Spire","Wandering Minibosses"],"gold_per_floor":[109,109,109,121,139,167,167,167,237,237,252,141,141,152,152,254,254,268,278,278,293,293,293],"floor_reached":22,"language":"ENG","playtime":1613,"items_purged":["Injury"],"score":195,"play_id":"d96d0b40-1b53-43a0-bd6f-abcbf192cb4d","local_time":"20210219145523","is_ascension_mode":true,"campfire_choices":[{"floor":8,"key":"REST"},{"data":"Bash","floor":10,"key":"SMITH"},{"floor":15,"key":"REST"}],"circlet_count":0,"master_deck":["Strike_R","Strike_R","Strike_R","Strike_R","Strike_R","Defend_R","Defend_R","Defend_R","Defend_R","Bash+1","Heavy Blade+1","hubris:ReadiedAction","hubris:ReadiedAction","Uppercut+1","Flex","Flex","Twin Strike+1","Bludgeon+1","Shrug It Off","Heavy Blade+1"],"relics":["Burning Blood","Another Sword","Molten Egg 2","Kunai","ReplayTheSpireMod:Ring of Exchange","Nloth\u0027s Gift"],"acts_visited":["Exordium","TheCity"],"potions_floor_usage":[6,16],"damage_taken":[{"damage":0,"enemies":"2 Louse","floor":1,"turns":3},{"damage":0,"enemies":"conspire:RoseBush","floor":4,"turns":4},{"damage":4,"enemies":"Cultist","floor":5,"turns":5},{"damage":60,"enemies":"3 Sentries","floor":6,"turns":12},{"damage":13,"enemies":"Blue Slaver","floor":11,"turns":3},{"damage":5,"enemies":"3 Louse","floor":14,"turns":2},{"damage":59,"enemies":"Fading Forest","floor":16,"turns":11},{"damage":12,"enemies":"3 Byrds","floor":18,"turns":5},{"damage":9,"enemies":"Shell Parasite","floor":19,"turns":3},{"damage":51,"enemies":"Shelled Parasite and Fungi","floor":21,"turns":7},{"damage":15,"enemies":"conspire:MimicChest","floor":22,"turns":2}],"seed_played":"-3422849403353036395","potions_obtained":[{"floor":5,"key":"SkillPotion"},{"floor":14,"key":"Strength Potion"},{"floor":21,"key":"Energy Potion"}],"is_trial":false,"path_per_floor":["M","?","?","M","M","E","?","R","T","R","M","$","?","M","R","B",null,"M","M","?","M","?"],"character_chosen":"IRONCLAD","items_purchased":["Flex"],"campfire_rested":2,"item_purchase_floors":[12],"current_hp_per_floor":[80,80,80,80,80,26,26,50,50,50,43,43,43,44,68,25,66,60,57,57,12,0,0],"gold":293,"neow_bonus":"THREE_CARDS","is_daily":false,"chose_seed":false,"campfire_upgraded":1,"win_rate":0.0,"timestamp":1613746523,"path_taken":["M","?","?","?","M","E","?","R","T","R","M","$","?","M","R","BOSS","M","M","?","?","?"],"items_purchased_type":["Card"],"build_version":"2020-12-22","purchased_purges":1,"victory":false,"max_hp_per_floor":[80,80,80,80,80,80,80,80,80,80,80,80,80,80,80,80,80,80,80,80,80,80,80],"card_choices":[{"not_picked":["Clothesline","hubris:ReadiedAction"],"picked":"Heavy Blade","floor":0},{"not_picked":["ReplayTheSpireMod:Strike From Hell","Replay:Undeath\u0027s Touch"],"picked":"hubris:ReadiedAction","floor":1},{"not_picked":["Warcry","ReplayTheSpireMod:Corrosion Curse","hubris:CleavingFinish"],"picked":"SKIP","floor":4},{"not_picked":["hubris:CleavingFinish","Perfected Strike","True Grit"],"picked":"SKIP","floor":5},{"not_picked":["hubris:CleavingFinish","Perfected Strike","True Grit"],"picked":"SKIP","floor":5},{"not_picked":["Warcry","True Grit"],"picked":"hubris:ReadiedAction","floor":6},{"not_picked":["ReplayTheSpireMod:Strike From Hell+1","conspire:Purge"],"picked":"Uppercut+1","floor":11},{"not_picked":["Uppercut+1","Dual Wield"],"picked":"Twin Strike+1","floor":14},{"not_picked":["Corruption","Double Tap"],"picked":"Bludgeon+1","floor":16},{"not_picked":["Entrench+1","Heavy Blade+1"],"picked":"Shrug It Off","floor":18},{"not_picked":["Armaments","True Grit+1","Anger+1"],"picked":"SKIP","floor":19},{"not_picked":["Shrug It Off","Run Through+1"],"picked":"Heavy Blade+1","floor":21}],"player_experience":474408,"relics_obtained":[{"floor":6,"key":"Another Sword"},{"floor":9,"key":"Kunai"},{"floor":13,"key":"ReplayTheSpireMod:Ring of Exchange"}],"event_choices":[{"damage_healed":0,"gold_gain":0,"player_choice":"Leave","damage_taken":0,"max_hp_gain":0,"max_hp_loss":0,"event_name":"The Cleric","floor":2,"gold_loss":0},{"damage_healed":0,"gold_gain":0,"player_choice":"Upgraded","damage_taken":0,"max_hp_gain":0,"max_hp_loss":0,"event_name":"Upgrade Shrine","floor":3,"gold_loss":0,"cards_upgraded":["Heavy Blade"]},{"damage_healed":0,"gold_gain":0,"player_choice":"Traded Relic","damage_taken":0,"relics_obtained":["Nloth\u0027s Gift"],"max_hp_gain":0,"max_hp_loss":0,"event_name":"N\u0027loth","floor":20,"relics_lost":["hubris:TerracottaHorce"],"gold_loss":0}],"is_beta":false,"boss_relics":[{"not_picked":["halation:PlatinumPhoenix","ClockworkSouvenir"],"picked":"hubris:TerracottaHorce"}],"items_purged_floors":[12],"is_endless":false,"potions_floor_spawned":[5,14,21],"killed_by":"conspire:MimicChest","ascension_level":1}}