{"host":"7cp3z5w0tcrrm8ys","time":1613713824,"event":{"mods":["AchievementEnabler","BaseMod","DeckTracker","Minty Spire (QoL Compilation)","StSLib","SuperFastMode"],"gold_per_floor":[216,216,235,247,8,8,25,25,25,25,55,1,11,45,45,119,119,136,136,136,136],"floor_reached":20,"language":"KOR","playtime":752,"items_purged":[],"score":364,"play_id":"221fe2a3-1dca-4253-8073-b5023976b332","local_time":"20210219145024","is_ascension_mode":true,"campfire_choices":[{"data":"Bash","floor":6.0,"key":"SMITH"},{"data":"Sword Boomerang","floor":8.0,"key":"SMITH"},{"data":"Shrug It Off","floor":15,"key":"SMITH"}],"circlet_count":0,"master_deck":["AscendersBane","Strike_R","Strike_R","Strike_R","Strike_R","Defend_R","Defend_R","Defend_R","Defend_R","Bash+1","Sword Boomerang+1","Ghostly Armor","Cleave","Spot Weakness","Cleave","Shrug It Off+1","Reaper","Pummel"],"relics":["Burning Blood","Sling","InkBottle","Pocketwatch","SlaversCollar"],"acts_visited":["Exordium","TheCity"],"potions_floor_usage":[16,20],"damage_taken":[{"damage":1.0,"enemies":"2 Louse","floor":1.0,"turns":3.0},{"damage":1.0,"enemies":"Cultist","floor":3.0,"turns":3.0},{"damage":0.0,"enemies":"Small Slimes","floor":4.0,"turns":3.0},{"damage":3.0,"enemies":"2 Fungi Beasts","floor":7.0,"turns":4.0},{"damage":25.0,"enemies":"Lagavulin","floor":11.0,"turns":5.0},{"damage":1.0,"enemies":"Looter","floor":13.0,"turns":4.0},{"damage":20.0,"enemies":"3 Sentries","floor":14.0,"turns":4.0},{"damage":36,"enemies":"The Guardian","floor":16,"turns":12},{"damage":44,"enemies":"Spheric Guardian","floor":18,"turns":7},{"damage":54,"enemies":"Shell Parasite","floor":20,"turns":5}],"seed_played":"5698029365275298592","potions_obtained":[{"floor":4.0,"key":"AttackPotion"},{"floor":16,"key":"DuplicationPotion"}],"is_trial":false,"path_per_floor":["M","?","M","M","$","R","M","R","T","$","E","$","M","E","R","B",null,"M","?","M"],"character_chosen":"IRONCLAD","items_purchased":["Sling","DuplicationPotion","FearPotion"],"campfire_rested":0,"item_purchase_floors":[5,5,12],"current_hp_per_floor":[73,73,75,75,75,75,75,75,75,75,56,56,61,47,47,17,61,23,23,0,0],"gold":136,"neow_bonus":"HUNDRED_GOLD","is_daily":false,"chose_seed":false,"campfire_upgraded":3,"win_rate":0.0,"timestamp":1613713824,"path_taken":["M","?","M","M","$","R","M","R","T","?","E","$","M","E","R","BOSS","M","?","M"],"items_purchased_type":["Relic","Potion","Potion"],"build_version":"2020-12-22","purchased_purges":0,"victory":false,"max_hp_per_floor":[75,75,75,75,75,75,75,75,75,75,75,75,75,75,75,75,75,75,75,75,75],"card_choices":[{"not_picked":["Dual Wield","Entrench"],"picked":"Sword Boomerang","floor":1.0},{"not_picked":["Feel No Pain","Battle Trance"],"picked":"Ghostly Armor","floor":3.0},{"not_picked":["Second Wind","Thunderclap"],"picked":"Cleave","floor":4.0},{"not_picked":["True Grit","Disarm"],"picked":"Spot Weakness","floor":7.0},{"not_picked":["Feel No Pain","True Grit"],"picked":"Cleave","floor":11.0},{"not_picked":["Entrench","Heavy Blade","Fire Breathing"],"picked":"SKIP","floor":13.0},{"not_picked":["Ghostly Armor","Second Wind"],"picked":"Shrug It Off","floor":14},{"not_picked":["Limit Break","Brutality"],"picked":"Reaper","floor":16},{"not_picked":["Pommel Strike","Twin Strike"],"picked":"Pummel","floor":18}],"player_experience":822333,"relics_obtained":[{"floor":9.0,"key":"InkBottle"},{"floor":11.0,"key":"Pocketwatch"}],"event_choices":[{"cards_removed":["Strike_R"],"damage_healed":0.0,"max_hp_gain":0.0,"max_hp_loss":0.0,"gold_gain":0.0,"event_name":"Bonfire Elementals","player_choice":"Offered Basic","floor":2.0,"gold_loss":0.0,"damage_taken":0.0},{"damage_healed":0,"gold_gain":0,"player_choice":"Ignored","damage_taken":0,"max_hp_gain":0,"max_hp_loss":0,"event_name":"Cursed Tome","floor":19,"gold_loss":0}],"is_beta":false,"boss_relics":[{"not_picked":["Velvet Choker","Sozu"],"picked":"SlaversCollar"}],"items_purged_floors":[],"is_endless":false,"potions_floor_spawned":[4,16],"killed_by":"Shell Parasite","ascension_level":20}}