{"host":"dkr0dog13pegamnp","time":1613738022,"event":{"mods":["AchievementEnabler","BaseMod","Minty Spire (QoL Compilation)","Rare Cards Sparkle","StSLib","SuperFastMode","everything is the same but u backflip on backflip"],"gold_per_floor":[112,112,31,31,50,85,96,96,96,131,147,165,165,179,179,284,284,294,310,320,334,334,334,360,376,376,376,376,386,386,404,404,404,404],"floor_reached":33,"language":"KOR","playtime":1014,"items_purged":[],"score":459,"play_id":"b71563f3-7419-4c5a-95fd-172b3605c7d2","local_time":"20210219213342","is_ascension_mode":true,"campfire_choices":[{"data":"Dash","floor":8.0,"key":"SMITH"},{"data":"Blade Dance","floor":13.0,"key":"SMITH"},{"data":"Footwork","floor":15.0,"key":"SMITH"},{"data":"Accuracy","floor":23.0,"key":"SMITH"},{"floor":27.0,"key":"REST"},{"data":"Terror","floor":30,"key":"SMITH"},{"floor":32,"key":"REST"}],"circlet_count":0,"master_deck":["AscendersBane","Strike_G","Strike_G","Strike_G","Strike_G","Defend_G","Defend_G","Defend_G","Defend_G","Defend_G","Survivor","Neutralize","Dash+1","Footwork+1","PiercingWail","Dagger Spray","Backflip","Blade Dance+1","Backflip","Calculated Gamble","Bullet Time+1","Terror+1","Accuracy+1","Finisher+1","Infinite Blades"],"relics":["Ring of the Snake","NeowsBlessing","Mummified Hand","Pen Nib","Lantern","WristBlade","Girya","StoneCalendar","Bottled Flame"],"acts_visited":["Exordium","TheCity"],"potions_floor_usage":[29],"damage_taken":[{"damage":0.0,"enemies":"Cultist","floor":1.0,"turns":1.0},{"damage":0.0,"enemies":"Small Slimes","floor":5.0,"turns":1.0},{"damage":0.0,"enemies":"Gremlin Nob","floor":6.0,"turns":1.0},{"damage":4.0,"enemies":"Jaw Worm","floor":7.0,"turns":4.0},{"damage":21.0,"enemies":"Lagavulin","floor":10.0,"turns":12.0},{"damage":1.0,"enemies":"Exordium Wildlife","floor":11.0,"turns":4.0},{"damage":0.0,"enemies":"2 Fungi Beasts","floor":12.0,"turns":2.0},{"damage":0.0,"enemies":"Lots of Slimes","floor":14.0,"turns":2.0},{"damage":27.0,"enemies":"Slime Boss","floor":16.0,"turns":18.0},{"damage":4.0,"enemies":"Spheric Guardian","floor":18.0,"turns":4.0},{"damage":0.0,"enemies":"3 Byrds","floor":19.0,"turns":4.0},{"damage":22.0,"enemies":"Snecko","floor":20.0,"turns":8.0},{"damage":10.0,"enemies":"Centurion and Healer","floor":21.0,"turns":5.0},{"damage":15.0,"enemies":"Book of Stabbing","floor":24.0,"turns":5.0},{"damage":0.0,"enemies":"Shelled Parasite and Fungi","floor":25.0,"turns":5.0},{"damage":12,"enemies":"Snecko","floor":29,"turns":5},{"damage":0,"enemies":"Chosen and Byrds","floor":31,"turns":5},{"damage":53,"enemies":"Champ","floor":33,"turns":8}],"seed_played":"1457942365798632741","potions_obtained":[{"floor":11.0,"key":"Weak Potion"},{"floor":12.0,"key":"EntropicBrew"},{"floor":14.0,"key":"Poison Potion"},{"floor":19.0,"key":"AttackPotion"},{"floor":20.0,"key":"SpeedPotion"},{"floor":24.0,"key":"EntropicBrew"}],"is_trial":false,"path_per_floor":["M","?","$","?","M","E","M","R","T","E","M","M","R","M","R","B",null,"M","M","M","M","?","R","E","M","T","R","?","M","R","M","R","B"],"character_chosen":"THE_SILENT","items_purchased":["Footwork"],"campfire_rested":2,"item_purchase_floors":[3],"current_hp_per_floor":[63,56,56,56,56,56,52,52,52,31,30,30,30,30,30,3,53,49,49,27,17,17,17,7,7,7,29,29,17,17,17,39,0,0],"gold":404,"neow_bonus":"THREE_ENEMY_KILL","is_daily":false,"chose_seed":false,"campfire_upgraded":5,"win_rate":0.0,"timestamp":1613738022,"path_taken":["M","?","$","?","?","E","M","R","T","E","M","M","R","M","R","BOSS","M","M","M","M","?","R","E","M","T","R","?","M","R","?","R","BOSS"],"items_purchased_type":["Card"],"build_version":"2020-12-22","purchased_purges":0,"victory":false,"max_hp_per_floor":[70,70,70,70,70,70,70,70,70,70,70,70,70,70,70,70,70,70,70,70,70,70,70,75,75,75,75,75,75,75,75,75,75,75],"card_choices":[{"not_picked":["Outmaneuver","Dagger Spray"],"picked":"Dash","floor":1.0},{"not_picked":["Slice","Outmaneuver"],"picked":"PiercingWail","floor":5.0},{"not_picked":["Flying Knee","Deadly Poison"],"picked":"Dagger Spray","floor":6.0},{"not_picked":["Reflex","Choke"],"picked":"Backflip","floor":7.0},{"not_picked":["Endless Agony","Wraith Form v2","Deflect"],"picked":"SKIP","floor":10.0},{"not_picked":["Choke","Deadly Poison"],"picked":"Blade Dance","floor":11.0},{"not_picked":["Dodge and Roll","Sucker Punch"],"picked":"Backflip","floor":12.0},{"not_picked":["Bane","Heel Hook"],"picked":"Calculated Gamble","floor":14.0},{"not_picked":["Night Terror","Doppelganger"],"picked":"Bullet Time","floor":16.0},{"not_picked":["Well Laid Plans","Eviscerate","Slice"],"picked":"SKIP","floor":18.0},{"not_picked":["Leg Sweep","Dodge and Roll+1"],"picked":"Terror","floor":19.0},{"not_picked":["Slice","Reflex","Terror"],"picked":"SKIP","floor":20.0},{"not_picked":["Eviscerate+1","Bouncing Flask"],"picked":"Accuracy","floor":21.0},{"not_picked":["Skewer","Sucker Punch"],"picked":"Finisher+1","floor":24.0},{"not_picked":["Sucker Punch","Crippling Poison"],"picked":"Infinite Blades","floor":25.0},{"not_picked":["Quick Slash","Poisoned Stab+1","Bane"],"picked":"SKIP","floor":29},{"not_picked":["PiercingWail","Riddle With Holes","Underhanded Strike+1"],"picked":"SKIP","floor":31}],"player_experience":65650,"relics_obtained":[{"floor":6.0,"key":"Mummified Hand"},{"floor":9.0,"key":"Pen Nib"},{"floor":10.0,"key":"Lantern"},{"floor":24.0,"key":"StoneCalendar"},{"floor":26.0,"key":"Bottled Flame"}],"event_choices":[{"cards_removed":["Strike_G"],"damage_healed":0.0,"max_hp_gain":0.0,"max_hp_loss":0.0,"gold_gain":0.0,"event_name":"Golden Wing","player_choice":"Card Removal","floor":2.0,"gold_loss":0.0,"damage_taken":7.0},{"damage_healed":0.0,"max_hp_gain":0.0,"max_hp_loss":0.0,"gold_gain":0.0,"event_name":"Liars Game","player_choice":"Ignored","floor":4.0,"gold_loss":0.0,"damage_taken":0.0},{"damage_healed":0.0,"max_hp_gain":0.0,"max_hp_loss":0.0,"gold_gain":0.0,"event_name":"The Mausoleum","player_choice":"Opened","floor":22.0,"gold_loss":0.0,"damage_taken":0.0,"relics_obtained":["Girya"]},{"damage_healed":0.0,"max_hp_gain":0.0,"max_hp_loss":0.0,"gold_gain":0.0,"event_name":"Upgrade Shrine","player_choice":"Upgraded","floor":28.0,"gold_loss":0.0,"damage_taken":0.0,"cards_upgraded":["Bullet Time"]}],"is_beta":false,"boss_relics":[{"not_picked":["Calling Bell","Sozu"],"picked":"WristBlade"}],"items_purged_floors":[],"is_endless":false,"potions_floor_spawned":[11,12,14,19,20,24],"killed_by":"Champ","ascension_level":10}}