{"host":"ywif2ugnepgiw45s","time":1613775024,"event":{"mods":["Act Like it!","BaseMod","Better Skull","Bossed Relics","Downfall","Elementarium","GifTheSpireLib","Hermit","Lobotomy","Minty Spire (QoL Compilation)","READ ME - Guardian Mod","Shade Mod","Shapeshifter Mod","Shop Mod","StSLib","The Cursed","The Exalted","The Jungle","The Servant 0.9.4"],"gold_per_floor":[113,133,143,143,143,143,188,188,188,188,34,27,27,41,41,170,170,192,192,205,237,237,237],"floor_reached":22,"language":"ENG","playtime":1061,"items_purged":[],"score":186,"play_id":"50076b43-d69f-4618-9e01-2d8c628861b3","local_time":"20210219175024","is_ascension_mode":false,"campfire_choices":[{"data":"StSShapeShifter:Tortoise_Form","floor":6,"key":"SMITH"},{"data":"StSShapeShifter:ThornedSkin","floor":8,"key":"SMITH"},{"data":"StSShapeShifter:VineHandcuffs","floor":13,"key":"SMITH"},{"data":"StSShapeShifter:Evolution","floor":15,"key":"SMITH"}],"circlet_count":0,"master_deck":["StSShapeShifter:ShapeShifter_Strike","StSShapeShifter:ShapeShifter_Strike","StSShapeShifter:ShapeShifter_Strike","StSShapeShifter:ShapeShifter_Defend","StSShapeShifter:ShapeShifter_Defend","StSShapeShifter:ShapeShifter_Defend","StSShapeShifter:ShapeShifter_Defend","StSShapeShifter:ShapeShifter_Defend","StSShapeShifter:Tortoise_Form+1","StSShapeShifter:Lynx_Form","StSShapeShifter:VineHandcuffs+1","StSShapeShifter:BurstingSpore","StSShapeShifter:Evolution+1","StSShapeShifter:ThornedSkin+1","StSShapeShifter:WolfForm","StSShapeShifter:PhoenixForm","Elementarium:StickyTar","StSShapeShifter:SpiritOfTheEarth+1"],"relics":["StSShapeShifter:AnimalHeart","StSShapeShifter:TheShapeShiftersMagnolia","Golden Idol","CeramicFish","StSShapeShifter:LoyalLobster","ClockworkSouvenir","StSShapeShifter:LemurHeaddress","Oddly Smooth Stone"],"acts_visited":["Exordium","Exordium"],"potions_floor_usage":[7,7,16],"damage_taken":[{"damage":0,"enemies":"Small Slimes","floor":1,"turns":4},{"damage":0,"enemies":"Jaw Worm","floor":2,"turns":6},{"damage":3,"enemies":"2 Louse","floor":3,"turns":3},{"damage":13,"enemies":"3 Sentries","floor":7,"turns":8},{"damage":0,"enemies":"Exordium Thugs","floor":12,"turns":5},{"damage":2,"enemies":"Red Slaver","floor":14,"turns":5},{"damage":16,"enemies":"The Guardian","floor":16,"turns":14},{"damage":4,"enemies":"Elementarium:MUD_AND_TAR_GOLEMS","floor":18,"turns":5},{"damage":37,"enemies":"Elementarium:Cyclone","floor":20,"turns":10},{"damage":25,"enemies":"Elementarium:RubyGolem","floor":21,"turns":6},{"damage":11,"enemies":"Elementarium:STONE_GOLEMS","floor":22,"turns":3}],"seed_played":"-5984072334541197358","potions_obtained":[{"floor":3,"key":"EntropicBrew"},{"floor":14,"key":"AttackPotion"}],"is_trial":false,"path_per_floor":["M","M","M","?","?","R","E","R","T","?","$","M","R","M","R","B",null,"M","?","M","M","M"],"character_chosen":"SHAPESHIFTER","items_purchased":["ClockworkSouvenir"],"campfire_rested":0,"item_purchase_floors":[11],"current_hp_per_floor":[78,78,75,80,60,60,47,47,47,40,40,40,40,42,42,40,83,79,62,27,7,0,0],"gold":237,"neow_bonus":"REMOVE_CARD","is_daily":false,"chose_seed":false,"campfire_upgraded":4,"win_rate":0.0,"timestamp":1613775024,"path_taken":["M","M","M","?","?","R","E","R","T","?","$","M","R","M","R","BOSS","M","?","M","M","M"],"items_purchased_type":["Relic"],"build_version":"2020-12-22","purchased_purges":0,"victory":false,"max_hp_per_floor":[78,78,78,83,83,83,83,83,83,83,83,83,83,83,83,83,83,83,83,83,83,83,83],"card_choices":[{"not_picked":["StSShapeShifter:ShiftingStrike","StSShapeShifter:MonkeyForm"],"picked":"StSShapeShifter:VineHandcuffs","floor":1},{"not_picked":["StSShapeShifter:LeapingSlash","StSShapeShifter:DeerForm"],"picked":"StSShapeShifter:BurstingSpore","floor":2},{"not_picked":["StSShapeShifter:FlowerShield","StSShapeShifter:BloomingSlash"],"picked":"StSShapeShifter:Evolution","floor":3},{"not_picked":["StSShapeShifter:FlowerShield","StSShapeShifter:OpportuneSwoop"],"picked":"StSShapeShifter:ThornedSkin","floor":7},{"not_picked":["StSShapeShifter:MultiSpiritedStrike","StSShapeShifter:WiltingWrath"],"picked":"StSShapeShifter:WolfForm","floor":12},{"not_picked":["StSShapeShifter:Sapling","StSShapeShifter:PorcupineForm","StSShapeShifter:RockSlide"],"picked":"SKIP","floor":14},{"not_picked":["StSShapeShifter:Forgiveness","StSShapeShifter:RitualOfTheExtinct"],"picked":"StSShapeShifter:PhoenixForm","floor":16},{"not_picked":["StSShapeShifter:Maul","StSShapeShifter:Garden","StSShapeShifter:SunflowerShuriken"],"picked":"SKIP","floor":18},{"not_picked":["StSShapeShifter:Guard","StSShapeShifter:FlowerShield+1","StSShapeShifter:SunflowerShuriken"],"picked":"SKIP","floor":20},{"not_picked":["StSShapeShifter:AdaptiveStrikes","StSShapeShifter:EmbraceTheCycle"],"picked":"StSShapeShifter:SpiritOfTheEarth+1","floor":21}],"player_experience":1810812,"relics_obtained":[{"floor":7,"key":"CeramicFish"},{"floor":9,"key":"StSShapeShifter:LoyalLobster"}],"event_choices":[{"damage_healed":0,"gold_gain":0,"player_choice":"Donut","damage_taken":0,"max_hp_gain":5,"max_hp_loss":0,"event_name":"Big Fish","floor":4,"gold_loss":0},{"damage_healed":0,"gold_gain":0,"player_choice":"Take Damage","damage_taken":20,"relics_obtained":["Golden Idol"],"max_hp_gain":0,"max_hp_loss":0,"event_name":"Golden Idol","floor":5,"gold_loss":0},{"cards_removed":["StSShapeShifter:ShapeShifter_Strike"],"damage_healed":0,"gold_gain":0,"player_choice":"Card Removal","damage_taken":7,"max_hp_gain":0,"max_hp_loss":0,"event_name":"Golden Wing","floor":10,"gold_loss":0},{"damage_healed":0,"gold_gain":0,"player_choice":"RE ","damage_taken":19,"relics_obtained":["Oddly Smooth Stone"],"max_hp_gain":0,"max_hp_loss":0,"event_name":"betterSkull:BetterSkull","floor":19,"gold_loss":0,"cards_upgraded":[]}],"is_beta":false,"boss_relics":[{"not_picked":["Sozu","Philosopher\u0027s Stone"],"picked":"StSShapeShifter:LemurHeaddress"}],"items_purged_floors":[],"is_endless":false,"potions_floor_spawned":[3,14],"killed_by":"Elementarium:STONE_GOLEMS","ascension_level":0}}