{"host":"nwjx7hbomubpmo86","time":1613775969,"event":{"mods":["AchievementEnabler","BaseMod","Better Note","Better Third Choice","Downfall","Hubris","Minty Spire (QoL Compilation)","Replay The Spire","StSLib","The Death Knight","slay the spire mod where everything is the same but ironclad has a cowboy hat"],"gold_per_floor":[99,116,128,128,128,7,81,111,131,145,45,220,120,13,31,134,134,205,224,244,44,44,56,56,56,68,87,87,122,122,138,156,257,257,532,547,561,572,311,325,325,325,339,354,15,65,65,85,102,102,102,102],"floor_reached":50,"language":"ENG","playtime":4191,"items_purged":["Doubt"],"score":593,"play_id":"451a1c18-3234-4b93-9bc7-d3862ce9e79a","local_time":"20210220000609","is_ascension_mode":false,"campfire_choices":[{"floor":1.0,"key":"RECALL"},{"data":"champ:SkillfulDodge","floor":11.0,"key":"SMITH"},{"data":"champ:Taunt","floor":13.0,"key":"SMITH"},{"floor":28,"key":"REST"},{"data":"champ:IronFortress","floor":42,"key":"SMITH"}],"circlet_count":0,"master_deck":["champ:Defend","champ:Defend","champ:Defend","champ:Execute","champ:Taunt+1","champ:EnGarde","champ:BerserkersShout","champ:HeartStrike","champ:StanceDance","champ:SkillfulDodge+1","champ:CalledShot","champ:RecklessLeap","champ:TornadoPunch","expansioncontent:Chronoboost","champ:AdrenalArmor","champ:Devastate","champ:AdrenalArmor+1","champ:AdrenalArmor","champ:StrikeOfGenius+1","champ:GladiatorStyle","champ:SkillfulDodge","champ:EnragedBash","champ:CrownThrow+1","champ:StrikeOfGenius+1","champ:Devastate","champ:TornadoPunch+1","champ:StanceDance+1","champ:SwordThrow","champ:FaceSlap","champ:HeavySlash","Clumsy","champ:IgnorePain","champ:FanOfKnives+1","champ:HoldFirm","champ:Devastate","CurseOfTheBell","champ:BladeFlurry","champ:EnGarde","champ:IronFortress+1","champ:UltimateStance","champ:ShieldWall","expansioncontent:DashGenerateEvil","champ:FlashCut+1","champ:HeartStrike","champ:SetATrap+1","champ:FlashCut+1","champ:GutPunch+1","champ:IronFortress","champ:BringItOn","champ:BringItOn","expansioncontent:QuickStudy","champ:TornadoPunch","champ:AdrenalArmor+1","Amnesia","champ:GutPunch","champ:FanOfKnives"],"relics":["champ:ChampionCrown","hubris:Icosahedron","champ:BerserkersGuideToSlaughter","DeathKnight:SindragosasSkull","Snack Pack","Odd Mushroom","downfall:HeartBlessingRed","downfall:HeartBlessingGreen","Black Star","Bronze Scales","hubris:Potato","Gambling Chip","Calling Bell","Omamori","White Beast Statue","Replay:PocketPolymizer","Mirror","Oddly Smooth Stone","Lee\u0027s Waffle","champ:GladiatorsBookOfMartialProwess","ReplayTheSpireMod:Ring of Challenge","Ring of Hypnosis"],"acts_visited":["Exordium","TheCity","TheBeyond"],"potions_floor_usage":[29,29,33,37,39,40,44,45,48,49,50,50,50],"damage_taken":[{"damage":16.0,"enemies":"2 Louse","floor":2.0,"turns":3.0},{"damage":20.0,"enemies":"Small Slimes","floor":3.0,"turns":5.0},{"damage":40.0,"enemies":"downfall:FleeingMerchant","floor":6.0,"turns":4.0},{"damage":75.0,"enemies":"Lagavulin","floor":8.0,"turns":8.0},{"damage":52.0,"enemies":"The Mushroom Lair","floor":9.0,"turns":8.0},{"damage":32.0,"enemies":"Jaw Worm","floor":10.0,"turns":5.0},{"damage":20.0,"enemies":"downfall:FleeingMerchant","floor":14.0,"turns":4.0},{"damage":17.0,"enemies":"2 Fungi Beasts","floor":15.0,"turns":5.0},{"damage":89.0,"enemies":"IC_STATUS_ARCHETYPE","floor":16.0,"turns":11.0},{"damage":35.0,"enemies":"Spheric Guardian","floor":19.0,"turns":5.0},{"damage":51.0,"enemies":"Shell Parasite","floor":20.0,"turns":8.0},{"damage":35,"enemies":"downfall:FleeingMerchant","floor":21,"turns":4},{"damage":23,"enemies":"Snake Plant","floor":23,"turns":6},{"damage":38,"enemies":"Sentry and Sphere","floor":26,"turns":4},{"damage":47,"enemies":"3 Cultists","floor":27,"turns":5},{"damage":31,"enemies":"Book of Stabbing","floor":29,"turns":7},{"damage":9,"enemies":"Centurion and Healer","floor":31,"turns":5},{"damage":0,"enemies":"Snecko","floor":32,"turns":4},{"damage":45,"enemies":"WA_ARCHETYPE_CALM","floor":33,"turns":9},{"damage":0,"enemies":"3 Darklings","floor":36,"turns":5},{"damage":0,"enemies":"3 Shapes","floor":37,"turns":3},{"damage":5,"enemies":"3 Darklings","floor":38,"turns":5},{"damage":0,"enemies":"downfall:FleeingMerchant","floor":39,"turns":5},{"damage":19,"enemies":"Maw","floor":40,"turns":6},{"damage":23,"enemies":"Sphere and 2 Shapes","floor":43,"turns":7},{"damage":20,"enemies":"4 Shapes","floor":44,"turns":4},{"damage":0,"enemies":"downfall:FleeingMerchant","floor":45,"turns":4},{"damage":0,"enemies":"downfall:FleeingMerchant","floor":46,"turns":6},{"damage":16,"enemies":"3 Darklings","floor":48,"turns":6},{"damage":22,"enemies":"Spire Growth","floor":49,"turns":7},{"damage":165,"enemies":"SI_POISON_ARCHETYPE","floor":50,"turns":8}],"seed_played":"-6416950911470618964","potions_obtained":[{"floor":3.0,"key":"EntropicBrew"},{"floor":9.0,"key":"Block Potion"},{"floor":15.0,"key":"Venom Potion"},{"floor":16.0,"key":"PowerPotion"},{"floor":20.0,"key":"Elixir"},{"floor":26,"key":"LifebloodPotion"},{"floor":31,"key":"bronze:BurnAndBuffPotion"},{"floor":32,"key":"Flashbang"},{"floor":33,"key":"champ:OpenerPotion"},{"floor":37,"key":"Toxic Potion"},{"floor":39,"key":"hexamod:SoulburnPotion"},{"floor":40,"key":"Weak Potion"},{"floor":44,"key":"SkillPotion"},{"floor":45,"key":"sneckomod:MuddlingPotion"},{"floor":46,"key":"ColorlessPotion"},{"floor":49,"key":"SneckoOil"}],"is_trial":false,"path_per_floor":["R","M","M","?","?","$","T","E","?","M","R","?","R","$","M","B",null,"R","M","M","$","?","M","T","?","M","M","R","E","?","M","M","B",null,"R","M","M","M","$","M","T","R","M","M","$","?","?","M","M","B"],"character_chosen":"THE_CHAMP","items_purchased":["champ:BerserkersGuideToSlaughter","champ:StanceDance","expansioncontent:Chronoboost","champ:GladiatorStyle","champ:SkillfulDodge","champ:EnragedBash","champ:ShieldWall","expansioncontent:DashGenerateEvil","Oddly Smooth Stone","champ:IronFortress","Lee\u0027s Waffle","champ:BringItOn","expansioncontent:QuickStudy","champ:TornadoPunch"],"campfire_rested":1,"item_purchase_floors":[6,6,14,21,21,21,39,39,45,45,45,45,45,45],"current_hp_per_floor":[99,93,88,88,88,88,88,63,56,59,59,59,59,71,69,55,99,99,84,78,88,88,72,72,72,61,59,88,89,89,99,99,93,99,99,99,99,99,99,89,89,89,92,92,106,106,106,106,106,0,0,0],"gold":102,"neow_bonus":"TEN_PERCENT_HP_BONUS","is_daily":false,"chose_seed":false,"campfire_upgraded":3,"win_rate":0.0,"timestamp":1613775969,"path_taken":["R","M","M","?","?","$","T","E","?","M","R","?","R","$","M","BOSS","R","M","M","$","?","M","T","?","M","M","R","E","?","M","M","BOSS","R","M","?","M","$","M","T","R","M","M","$","?","?","M","M","BOSS"],"items_purchased_type":["Relic","Card","Card","Card","Card","Card","Card","Card","Relic","Card","Relic","Card","Card","Card"],"build_version":"2020-12-22","purchased_purges":1,"victory":false,"max_hp_per_floor":[99,99,99,99,99,99,99,99,99,99,99,99,99,99,99,99,99,99,99,99,99,99,99,99,99,99,99,99,99,99,99,99,99,99,99,99,99,99,99,99,99,99,99,99,106,106,106,106,106,106,106,106],"card_choices":[{"not_picked":["champ:FlashCut","champ:BerserkersShout"],"picked":"champ:EnGarde","floor":2.0},{"not_picked":["champ:Backstep","champ:Haymaker"],"picked":"champ:BerserkersShout","floor":3.0},{"not_picked":["champ:BerserkersShout","champ:CrownThrow"],"picked":"champ:HeartStrike","floor":6.0},{"not_picked":["champ:FancyFootwork","champ:FocusedDefense"],"picked":"champ:SkillfulDodge","floor":8.0},{"not_picked":["champ:BringItOn","champ:PerfectedStrike"],"picked":"champ:CalledShot","floor":9.0},{"not_picked":["champ:Backstep","champ:StanceDance"],"picked":"champ:RecklessLeap","floor":10.0},{"not_picked":["champ:EnGarde","champ:FlashCut"],"picked":"champ:TornadoPunch","floor":14.0},{"not_picked":["champ:GutPunch","champ:Backstep"],"picked":"champ:AdrenalArmor","floor":15.0},{"not_picked":["champ:StrikeOfGenius","champ:ShieldThrow"],"picked":"champ:Devastate","floor":16.0},{"not_picked":["champ:FlashCut+1","champ:Backstep+1"],"picked":"champ:AdrenalArmor+1","floor":19.0},{"not_picked":["champ:TornadoPunch","champ:StanceDance"],"picked":"champ:AdrenalArmor","floor":20.0},{"not_picked":["champ:Backstep","champ:FanOfKnives"],"picked":"champ:StrikeOfGenius","floor":21},{"not_picked":["champ:EnGarde","champ:FancyFootwork"],"picked":"champ:CrownThrow+1","floor":23},{"not_picked":["champ:Haymaker","champ:Shatter"],"picked":"champ:TornadoPunch+1","floor":26},{"not_picked":["champ:RapidStrikes+1","champ:CrownThrow"],"picked":"champ:StanceDance+1","floor":27},{"not_picked":["champ:EnGarde","champ:Parry"],"picked":"champ:SwordThrow","floor":29},{"not_picked":["champ:Circumvent","champ:Backstep"],"picked":"champ:FanOfKnives+1","floor":31},{"not_picked":["champ:CrownThrow+1","champ:AdrenalArmor+1"],"picked":"champ:HoldFirm","floor":32},{"not_picked":["champ:UltimateStance","champ:HeavySlash"],"picked":"champ:Devastate","floor":33},{"not_picked":["champ:Backstep+1","champ:PreciseThrust+1"],"picked":"champ:BladeFlurry","floor":36},{"not_picked":["champ:DefensiveShout","champ:EndlessRage"],"picked":"champ:EnGarde","floor":37},{"not_picked":["champ:Circumvent","champ:DefensiveShout+1"],"picked":"champ:IronFortress","floor":38},{"not_picked":["champ:DefensiveShout","champ:Backstep"],"picked":"champ:UltimateStance","floor":39},{"not_picked":["champ:DefensiveShout","champ:Lariat+1"],"picked":"champ:FlashCut+1","floor":40},{"not_picked":["champ:Parry+1","champ:ShieldSlam"],"picked":"champ:SetATrap+1","floor":43},{"not_picked":["champ:ArenaPreparation","champ:FalseCounter+1"],"picked":"champ:FlashCut+1","floor":44},{"not_picked":["champ:Shatter","champ:TornadoPunch+1"],"picked":"champ:GutPunch+1","floor":45},{"not_picked":["champ:CheapShot","champ:Haymaker+1"],"picked":"champ:AdrenalArmor+1","floor":46},{"not_picked":["champ:SetATrap","champ:Backstep+1"],"picked":"champ:GutPunch","floor":48},{"not_picked":["champ:CalledShot","champ:Parry"],"picked":"champ:FanOfKnives","floor":49}],"player_experience":552733,"relics_obtained":[{"floor":7.0,"key":"DeathKnight:SindragosasSkull"},{"floor":8.0,"key":"Snack Pack"},{"floor":9.0,"key":"Odd Mushroom"},{"floor":24,"key":"Bronze Scales"},{"floor":29,"key":"hubris:Potato"},{"floor":29,"key":"Gambling Chip"},{"floor":34,"key":"Omamori"},{"floor":34,"key":"White Beast Statue"},{"floor":34,"key":"Replay:PocketPolymizer"},{"floor":41,"key":"Mirror"},{"floor":46,"key":"champ:GladiatorsBookOfMartialProwess"},{"floor":47,"key":"ReplayTheSpireMod:Ring of Challenge"},{"floor":47,"key":"Ring of Hypnosis"}],"event_choices":[{"damage_healed":0.0,"max_hp_gain":0.0,"max_hp_loss":0.0,"gold_gain":0.0,"event_name":"Mushrooms","player_choice":"Fought Mushrooms","floor":9.0,"gold_loss":0.0,"damage_taken":0.0}],"is_beta":false,"boss_relics":[{"not_picked":["Empty Cage","SacredBark"],"picked":"Black Star"},{"not_picked":["hubris:Stopwatch","Replay:Bronze Core"],"picked":"Calling Bell"}],"items_purged_floors":[45],"is_endless":false,"potions_floor_spawned":[3,9,15,16,20,26,31,32,33,36,37,38,39,40,43,44,45,46,48,49],"killed_by":"SI_POISON_ARCHETYPE","ascension_level":0}}