{"host":"tubmkv2g6v9d0kjw","time":1613726893,"event":{"mods":["2.2 Compatiblity","BaseMod","Conspire","Downfall","Hubris","Minty Spire (QoL Compilation)","Relic Stats","Spire Arcade","StSLib"],"gold_per_floor":[99,118,130,330,347,64,364,364,164,244,244,52,76,112,158,338,338,238,299,299,127,251,151,229,301,301,360,443,255,282,309,390,526,576,476,487,617,717,734,734,734,734,753,753,780,780,800,852,880,901,901,963,540,540,546,541],"floor_reached":57,"language":"ENG","playtime":4527,"items_purged":["Slimebound:Strike_Slimebound","Slimebound:Strike_Slimebound","Slimebound:Defend_Slimebound","Slimebound:Defend_Slimebound","conspire:SpireCoStock","hubris:Envy","Slimebound:FlameTackle"],"score":1575,"play_id":"8faa0e04-5799-4506-b5c0-897b32f9f657","local_time":"20210219032813","is_ascension_mode":true,"campfire_choices":[{"data":"Slimebound:Split","floor":1,"key":"SMITH"},{"data":"Apotheosis","floor":8,"key":"SMITH"},{"floor":18,"key":"RECALL"},{"floor":23,"key":"REST"},{"data":"Slimebound:MinionMaster","floor":26,"key":"SMITH"},{"data":"Dramatic Entrance","floor":35,"key":"SMITH"},{"data":"Slimebound:Equalize","floor":40,"key":"SMITH"},{"data":"Slimebound:LeadByExample","floor":42,"key":"SMITH"},{"data":"Slimebound:OneTwoCombo","floor":54,"key":"SMITH"}],"circlet_count":0,"master_deck":["Slimebound:Tackle","Slimebound:Defend_Slimebound","Slimebound:Defend_Slimebound","Slimebound:Split+1","Slimebound:CorrosiveSpit+1","Slimebound:SamplingLick","Slimebound:SplitLeeching","Slimebound:LeechEnergy","Slimebound:OneTwoCombo+1","Apotheosis+1","conspire:SpireCoStock","conspire:SpireCoStock","conspire:SpireCoStock","Slimebound:Replication","Slimebound:DisruptingSlam+1","Dramatic Entrance+1","Slimebound:MassFeed","Slimebound:GoopSpray+1","Slimebound:Darklings+1","Slimebound:SplitLeeching+1","Slimebound:MinionMaster+1","Slimebound:LeadByExample+1","Slimebound:PressTheAttack","Slimebound:LeadByExample+1","Slimebound:Overexert+1","Slimebound:MassRepurpose+1","Slimebound:ServeAndProtect+1","Slimebound:SplitLeeching+1","Slimebound:DivideAndConquer+1","Slimebound:Teamwork+1","Slimebound:HauntingLick+1","Slimebound:SplitMire+1","Slimebound:Split+1","Slimebound:SplitBruiser+1","Slimebound:Darklings+1","Madness+1","Slimebound:SplitMire+1","Slimebound:Equalize+1","Slimebound:Repurpose+1","Slimebound:LevelUp+1","Slimebound:SplitSpecialist+1","hubris:Insight+1","Slimebound:OneTwoCombo+1"],"relics":["Slimebound:AbsorbEndCombat","Toy Ornithopter","Membership Card","Old Coin","Odd Mushroom","hubris:Towel","Toxic Egg 2","hubris:RunicObelisk","downfall:HeartBlessingBlue","conspire:TreasureMap","Gambling Chip","Frozen Egg 2","downfall:HeartBlessingRed","Eternal Feather","conspire:Dentures","ClockworkSouvenir","Lantern","Tiny House","downfall:HeartBlessingGreen","Meat on the Bone","downfall:GremlinSack","Pantograph","Bag of Preparation","Orichalcum","TungstenRod","Anchor","Mummified Hand","Bottled Lightning","DollysMirror","Whetstone","Pen Nib"],"acts_visited":["Exordium","TheCity","TheBeyond","TheEnding"],"potions_floor_usage":[16,16,19,29,30,32,33,47,50,56],"damage_taken":[{"damage":2,"enemies":"conspire:RoseBush","floor":2,"turns":3},{"damage":3,"enemies":"Jaw Worm","floor":3,"turns":4},{"damage":0,"enemies":"2 Louse","floor":5,"turns":3},{"damage":0,"enemies":"downfall:FleeingMerchant","floor":6,"turns":4},{"damage":7,"enemies":"The Mushroom Lair","floor":10,"turns":4},{"damage":11,"enemies":"downfall:FleeingMerchant","floor":12,"turns":4},{"damage":0,"enemies":"2 Fungi Beasts","floor":14,"turns":4},{"damage":15,"enemies":"downfall:LooterAlt","floor":15,"turns":5},{"damage":24,"enemies":"IC_STATUS_ARCHETYPE","floor":16,"turns":9},{"damage":32,"enemies":"downfall:LooterAlt2","floor":19,"turns":4},{"damage":3,"enemies":"downfall:FleeingMerchant","floor":21,"turns":4},{"damage":46,"enemies":"Colosseum Nobs","floor":22,"turns":4},{"damage":0,"enemies":"Spheric Guardian","floor":25,"turns":3},{"damage":12,"enemies":"conspire:Head Lice","floor":27,"turns":5},{"damage":10,"enemies":"Centurion and Healer","floor":28,"turns":5},{"damage":11,"enemies":"downfall:FleeingMerchant","floor":29,"turns":4},{"damage":6,"enemies":"Sentry and Sphere","floor":30,"turns":3},{"damage":10,"enemies":"conspire:HollyBat","floor":32,"turns":10},{"damage":38,"enemies":"SI_MIRROR_ARCHETYPE","floor":33,"turns":11},{"damage":13,"enemies":"3 Shapes","floor":36,"turns":3},{"damage":0,"enemies":"downfall:FleeingMerchant","floor":37,"turns":1},{"damage":0,"enemies":"downfall:FleeingMerchant","floor":38,"turns":3},{"damage":42,"enemies":"Orb Walker","floor":39,"turns":4},{"damage":17,"enemies":"3 Darklings","floor":43,"turns":5},{"damage":27,"enemies":"Nemesis","floor":45,"turns":4},{"damage":24,"enemies":"Writhing Mass","floor":47,"turns":4},{"damage":0,"enemies":"Giant Head","floor":48,"turns":6},{"damage":3,"enemies":"4 Shapes","floor":49,"turns":4},{"damage":67,"enemies":"DF_ARCHETYPE_ORBS","floor":50,"turns":6},{"damage":30,"enemies":"downfall:CharBossMerchant","floor":52,"turns":5},{"damage":8,"enemies":"downfall:NeowBoss","floor":55,"turns":12},{"damage":62,"enemies":"downfall:NeowBossFinal","floor":56,"turns":7}],"seed_played":"-8240699289357822812","potions_obtained":[{"floor":5,"key":"DuplicationPotion"},{"floor":14,"key":"Slimebound:SlimyTonguePotion"},{"floor":15,"key":"Weak Potion"},{"floor":16,"key":"Weak Potion"},{"floor":22,"key":"Swift Potion"},{"floor":25,"key":"Regen Potion"},{"floor":30,"key":"Energy Potion"},{"floor":32,"key":"Block Potion"},{"floor":33,"key":"Guardian:BlockOnCardUsePotion"},{"floor":34,"key":"FairyPotion"},{"floor":48,"key":"EssenceOfSteel"},{"floor":49,"key":"Block Potion"},{"floor":52,"key":"Fire Potion"}],"is_trial":false,"path_per_floor":["R","M","M","?","M","$","T","R","?","?","?","$","T","M","M","B",null,"R","M","?","$","?","R","T","M","R","E","M","$","M","T","M","B",null,"R","M","$","?","M","R","T","R","M","T","E","$","M","E","M","B",null,"E","$","R","B","B",null],"character_chosen":"SLIMEBOUND","items_purchased":["Membership Card","Apotheosis","Toxic Egg 2","Slimebound:DisruptingSlam","Dramatic Entrance","conspire:TreasureMap","Slimebound:LeadByExample","Slimebound:PressTheAttack","ClockworkSouvenir","Slimebound:SplitLeeching+1","Swift Potion","Meat on the Bone","Slimebound:SplitMire+1","TungstenRod","Anchor","Slimebound:SplitSpecialist+1","hubris:Insight+1","DollysMirror","Whetstone","Pen Nib","Regen Potion"],"campfire_rested":1,"item_purchase_floors":[6,6,12,12,12,21,21,21,29,29,29,37,37,46,46,53,53,53,53,53,53],"current_hp_per_floor":[65,65,65,65,65,65,65,65,65,62,62,53,53,55,48,42,62,72,57,57,56,14,38,38,42,57,53,49,47,55,55,56,31,78,92,79,79,88,48,72,72,95,86,86,67,34,33,53,62,55,85,59,59,83,95,58],"gold":541,"neow_bonus":"RANDOM_COMMON_RELIC","is_daily":false,"chose_seed":false,"campfire_upgraded":7,"win_rate":0.0,"timestamp":1613726893,"path_taken":["R","M","M","?","M","$","T","R","?","?","?","$","?","?","M","BOSS","R","M","?","$","?","R","T","M","R","E","M","$","M","?","M","BOSS","R","M","$","?","?","R","T","R","?","?","E","?","M","E","M","BOSS","E","$","R","BOSS","BOSS"],"items_purchased_type":["Relic","Card","Relic","Card","Card","Relic","Card","Card","Relic","Card","Potion","Relic","Card","Relic","Relic","Card","Card","Relic","Relic","Relic","Potion"],"build_version":"2020-12-22","purchased_purges":7,"victory":true,"max_hp_per_floor":[65,65,65,65,65,65,65,65,65,65,65,65,65,65,69,69,69,79,83,83,83,83,83,83,87,87,87,87,87,87,87,87,87,92,92,92,92,95,95,95,95,95,95,95,95,95,95,95,95,95,95,95,95,95,95,95],"relic_stats":{"counters":[32,152],"Eternal Feather":100,"Pen Nib":[3],"Bag of Preparation":[16],"Whetstone":["Slimebound:OneTwoCombo","Slimebound:DisruptingSlam"],"Orichalcum":[24],"Mummified Hand":[23],"Gambling Chip":[38],"Pantograph":37,"obtain_stats":[{"Lantern":31,"Tiny House":34,"downfall:HeartBlessingGreen":35,"Bag of Preparation":44,"Whetstone":53,"hubris:RunicObelisk":17,"Old Coin":7,"ClockworkSouvenir":29,"downfall:HeartBlessingBlue":18,"Mummified Hand":48,"DollysMirror":53,"Gambling Chip":22,"Pantograph":41,"Toxic Egg 2":12,"conspire:Dentures":27,"conspire:TreasureMap":21,"downfall:HeartBlessingRed":23,"Eternal Feather":24,"Pen Nib":53,"Odd Mushroom":10,"hubris:Towel":11,"Frozen Egg 2":22,"Orichalcum":45,"Anchor":46,"downfall:GremlinSack":38,"Slimebound:AbsorbEndCombat":0,"Membership Card":6,"Bottled Lightning":52,"Toy Ornithopter":0,"TungstenRod":46,"Meat on the Bone":37},{"Lantern":17,"Tiny House":19,"downfall:HeartBlessingGreen":19,"Bag of Preparation":24,"Whetstone":30,"hubris:RunicObelisk":9,"Old Coin":4,"ClockworkSouvenir":16,"downfall:HeartBlessingBlue":9,"Mummified Hand":27,"DollysMirror":30,"Gambling Chip":12,"Pantograph":23,"Toxic Egg 2":6,"conspire:Dentures":14,"conspire:TreasureMap":11,"downfall:HeartBlessingRed":12,"Eternal Feather":12,"Pen Nib":30,"Odd Mushroom":5,"hubris:Towel":5,"Frozen Egg 2":12,"Orichalcum":25,"Anchor":25,"downfall:GremlinSack":22,"Slimebound:AbsorbEndCombat":0,"Membership Card":4,"Bottled Lightning":30,"Toy Ornithopter":0,"TungstenRod":25,"Meat on the Bone":21},{"Lantern":71,"Tiny House":92,"downfall:HeartBlessingGreen":92,"Bag of Preparation":107,"Whetstone":134,"hubris:RunicObelisk":39,"Old Coin":13,"ClockworkSouvenir":68,"downfall:HeartBlessingBlue":39,"Mummified Hand":120,"DollysMirror":134,"Gambling Chip":51,"Pantograph":102,"Toxic Egg 2":21,"conspire:Dentures":59,"conspire:TreasureMap":47,"downfall:HeartBlessingRed":51,"Eternal Feather":51,"Pen Nib":134,"Odd Mushroom":17,"hubris:Towel":17,"Frozen Egg 2":51,"Orichalcum":110,"Anchor":110,"downfall:GremlinSack":98,"Slimebound:AbsorbEndCombat":0,"Membership Card":13,"Bottled Lightning":134,"Toy Ornithopter":0,"TungstenRod":110,"Meat on the Bone":95}],"Toy Ornithopter":50,"TungstenRod":26,"Meat on the Bone":36},"card_choices":[{"not_picked":["Slimebound:Gluttony","Slimebound:HauntingLick"],"picked":"Slimebound:SamplingLick","floor":2},{"not_picked":["Slimebound:SlimeSpikes","Slimebound:LeechEnergy"],"picked":"Slimebound:SplitLeeching","floor":3},{"not_picked":["Slimebound:ViciousTackle","Slimebound:FinishingTackle"],"picked":"Slimebound:LeechEnergy","floor":5},{"not_picked":["Slimebound:SplitBruiser","Slimebound:LeechingTouch"],"picked":"Slimebound:OneTwoCombo","floor":6},{"not_picked":["Slimebound:LeechingTouch","Slimebound:LivingWall"],"picked":"Slimebound:Replication","floor":10},{"not_picked":["Slimebound:Schlurp","Slimebound:Prepare","Slimebound:Chomp"],"picked":"SKIP","floor":12},{"not_picked":["Slimebound:HauntingLick+1","Slimebound:SplitAcid+1"],"picked":"Slimebound:MassFeed","floor":14},{"not_picked":["Slimebound:HauntingLick+1","Slimebound:FinishingTackle"],"picked":"Slimebound:GoopSpray+1","floor":15},{"not_picked":["Slimebound:CheckThePlaybook+1","Slimebound:SlimeSlap"],"picked":"Slimebound:Darklings+1","floor":16},{"not_picked":["Slimebound:SlimeSpikes+1","Slimebound:RollThrough+1"],"picked":"Slimebound:SplitLeeching+1","floor":19},{"not_picked":["Slimebound:Repurpose+1","Slimebound:SamplingLick+1"],"picked":"Slimebound:MinionMaster","floor":21},{"not_picked":["Slimebound:ItLooksTasty","Slimebound:Darklings+1"],"picked":"Slimebound:LeadByExample+1","floor":22},{"not_picked":["Slimebound:DisruptingSlam+1","Slimebound:ComboTackle","Slimebound:Schlurp+1"],"picked":"SKIP","floor":25},{"not_picked":["Slimebound:ItLooksTasty","Slimebound:GoopTackle+1"],"picked":"Slimebound:Overexert+1","floor":27},{"not_picked":["Slimebound:PressTheAttack","Slimebound:LivingWall+1"],"picked":"Slimebound:MassRepurpose+1","floor":28},{"not_picked":["Slimebound:FinishingTackle","Slimebound:HauntingLick+1"],"picked":"Slimebound:ServeAndProtect+1","floor":29},{"not_picked":["Slimebound:LeechEnergy","Slimebound:Replication+1"],"picked":"Slimebound:DivideAndConquer+1","floor":30},{"not_picked":["Slimebound:Gluttony+1","Slimebound:LeechEnergy","Slimebound:ComboTackle+1"],"picked":"SKIP","floor":32},{"not_picked":["Slimebound:MassRepurpose+1","Slimebound:PrepareCrush+1"],"picked":"Slimebound:Teamwork+1","floor":33},{"not_picked":["Slimebound:LivingWall+1","Slimebound:Schlurp+1"],"picked":"Slimebound:HauntingLick+1","floor":34},{"not_picked":["Slimebound:Prepare+1","Slimebound:Schlurp+1","Slimebound:MegaLick+1"],"picked":"SKIP","floor":36},{"not_picked":["Slimebound:LivingWall+1","Slimebound:SlimeTap+1","Slimebound:MassRepurpose+1"],"picked":"SKIP","floor":37},{"not_picked":["Slimebound:RollThrough+1","Slimebound:SplitLeeching+1"],"picked":"Slimebound:SplitMire+1","floor":38},{"not_picked":["Slimebound:SplitAcid+1","Slimebound:Prepare+1"],"picked":"Slimebound:Equalize","floor":39},{"not_picked":["Slimebound:SlimeSpikes+1","Slimebound:SlimeTap+1","Slimebound:ViciousTackle"],"picked":"SKIP","floor":43},{"not_picked":["Slimebound:GoopTackle+1","Slimebound:RainOfGoop+1"],"picked":"Slimebound:Repurpose+1","floor":45},{"not_picked":["Slimebound:SlimeBarrage","Slimebound:BestDefense+1","Slimebound:Teamwork+1"],"picked":"SKIP","floor":47},{"not_picked":["Slimebound:SamplingLick+1","Slimebound:Nibble"],"picked":"Slimebound:LevelUp+1","floor":48},{"not_picked":["Slimebound:Grow+1","Slimebound:PressTheAttack","Slimebound:GoopTackle"],"picked":"SKIP","floor":49},{"not_picked":["Slimebound:LeechLife","Slimebound:ViciousTackle","Slimebound:SlimeBrawl+1"],"picked":"SKIP","floor":52}],"player_experience":541731,"relics_obtained":[{"floor":7,"key":"Old Coin"},{"floor":10,"key":"Odd Mushroom"},{"floor":22,"key":"Gambling Chip"},{"floor":22,"key":"Frozen Egg 2"},{"floor":24,"key":"Eternal Feather"},{"floor":27,"key":"conspire:Dentures"},{"floor":31,"key":"Lantern"},{"floor":38,"key":"downfall:GremlinSack"},{"floor":41,"key":"Pantograph"},{"floor":44,"key":"Bag of Preparation"},{"floor":45,"key":"Orichalcum"},{"floor":48,"key":"Mummified Hand"},{"floor":52,"key":"Bottled Lightning"}],"event_choices":[{"damage_healed":0,"gold_gain":0,"player_choice":"Invest 4","damage_taken":0,"max_hp_gain":0,"max_hp_loss":0,"event_name":"conspire:Investor","floor":9,"gold_loss":0},{"damage_healed":0,"gold_gain":0,"player_choice":"Fought Mushrooms","damage_taken":0,"max_hp_gain":0,"max_hp_loss":0,"event_name":"Mushrooms","floor":10,"gold_loss":0}],"is_beta":false,"boss_relics":[{"not_picked":["Slimebound:TarBlob","Snecko Eye"],"picked":"hubris:RunicObelisk"},{"not_picked":["Black Star","hubris:GrandSneckoEye"],"picked":"Tiny House"}],"items_purged_floors":[6,12,21,29,37,46,53],"is_endless":false,"potions_floor_spawned":[5,14,15,16,22,25,30,32,33,38,39,48,49,52],"ascension_level":5}}