{"host":"utqe55yv0jihe4d6","time":1613709864,"event":{"mods":["2.2 Compatiblity","AchievementEnabler","BaseMod","Block Reminder","Colored Map","Colored Powertips","Minty Spire (QoL Compilation)","Quick Restart","Rare Cards Sparkle","Relic Stats","SuperFastMode"],"gold_per_floor":[368,368,368,11,21,21,46,46,72,72,147,72,102,121,121,198,198,209,209,209,221,221,221,251,122,173,203,220,58,85,135,135,207,207,227,28,0,0,0,0,328,15,40,60,108,108,108,108],"floor_reached":47,"language":"ENG","playtime":1292,"items_purged":["Strike_R","Strike_R+1","Strike_R+1","Strike_R+1"],"score":1122,"play_id":"c7592eef-2880-4a13-ab88-8d717d0f77c9","local_time":"20210218234424","is_ascension_mode":true,"campfire_choices":[{"data":"Uppercut","floor":6,"key":"SMITH"},{"data":"Combust","floor":8,"key":"SMITH"},{"data":"Bash","floor":10,"key":"SMITH"},{"data":"Whirlwind","floor":15,"key":"SMITH"},{"data":"Double Tap","floor":23,"key":"SMITH"},{"data":"Pommel Strike","floor":32,"key":"SMITH"},{"data":"Feel No Pain","floor":40,"key":"SMITH"}],"circlet_count":0,"master_deck":["AscendersBane","Defend_R+1","Defend_R+1","Defend_R+1","Defend_R+1","Bash+1","Combust+1","Pommel Strike+1","Uppercut+1","Double Tap+1","Reaper","Whirlwind+1","Shrug It Off+1","Spot Weakness+1","Shrug It Off","Burning Pact+1","Exhume+1","Feel No Pain+1","Feel No Pain","Battle Trance+1"],"relics":["Burning Blood","Eternal Feather","Torii","Blood Vial","Boot","Runic Dome","Singing Bowl","Art of War","Toxic Egg 2","ClockworkSouvenir","Nunchaku","Coffee Dripper","Red Mask","Old Coin","Lee\u0027s Waffle","Pocketwatch"],"acts_visited":["Exordium","TheCity","TheBeyond"],"potions_floor_usage":[7,13,16,30,30,47],"damage_taken":[{"damage":9,"enemies":"Jaw Worm","floor":1,"turns":3},{"damage":12,"enemies":"Small Slimes","floor":5,"turns":3},{"damage":29,"enemies":"Lagavulin","floor":7,"turns":5},{"damage":6,"enemies":"Gremlin Nob","floor":13,"turns":3},{"damage":1,"enemies":"2 Louse","floor":14,"turns":3},{"damage":54,"enemies":"Slime Boss","floor":16,"turns":9},{"damage":6,"enemies":"3 Byrds","floor":18,"turns":6},{"damage":14,"enemies":"Spheric Guardian","floor":21,"turns":5},{"damage":12,"enemies":"Book of Stabbing","floor":24,"turns":5},{"damage":22,"enemies":"Gremlin Leader","floor":27,"turns":6},{"damage":25,"enemies":"Snake Plant","floor":28,"turns":4},{"damage":32,"enemies":"Book of Stabbing","floor":30,"turns":7},{"damage":61,"enemies":"Collector","floor":33,"turns":9},{"damage":4,"enemies":"3 Darklings","floor":35,"turns":4},{"damage":57,"enemies":"Giant Head","floor":41,"turns":8},{"damage":0,"enemies":"Orb Walker","floor":44,"turns":2},{"damage":32,"enemies":"2 Orb Walkers","floor":45,"turns":4},{"damage":94,"enemies":"Nemesis","floor":47,"turns":11}],"seed_played":"1579627931119762848","potions_obtained":[{"floor":5,"key":"PowerPotion"},{"floor":7,"key":"ColorlessPotion"},{"floor":14,"key":"BloodPotion"},{"floor":24,"key":"Energy Potion"},{"floor":30,"key":"Block Potion"},{"floor":35,"key":"SneckoOil"},{"floor":41,"key":"Dexterity Potion"}],"is_trial":false,"path_per_floor":["M","?","?","$","M","R","E","R","T","R","?","$","E","M","R","B",null,"M","?","?","M","?","R","E","$","T","E","M","$","E","?","R","B",null,"M","$","?","?","?","R","E","$","T","M","?","$","E"],"character_chosen":"IRONCLAD","items_purchased":["Eternal Feather","SteroidPotion","Pommel Strike","Shrug It Off","ClockworkSouvenir","Feel No Pain","Lee\u0027s Waffle"],"campfire_rested":0,"item_purchase_floors":[4,4,4,25,29,36,42],"current_hp_per_floor":[47,52,45,45,39,45,22,28,28,34,23,23,25,47,56,36,69,74,50,50,50,50,59,69,69,69,74,68,68,62,62,71,21,78,99,99,99,99,99,99,79,106,106,108,84,84,0,0],"gold":108,"neow_bonus":"TWO_FIFTY_GOLD","is_daily":false,"chose_seed":false,"campfire_upgraded":7,"win_rate":0.0,"timestamp":1613709864,"path_taken":["M","?","?","$","M","R","E","R","T","R","?","$","E","M","R","BOSS","M","?","?","M","?","R","E","$","T","E","M","?","E","?","R","BOSS","M","?","?","?","?","R","E","$","T","?","?","?","E"],"items_purchased_type":["Relic","Potion","Card","Card","Relic","Card","Relic"],"build_version":"2020-12-22","purchased_purges":4,"victory":false,"max_hp_per_floor":[75,80,80,80,80,80,80,80,80,80,80,80,80,80,80,80,80,83,88,88,88,88,88,90,90,90,90,92,92,94,94,94,97,97,99,99,99,99,99,99,99,106,106,108,110,110,110,110],"relic_stats":{"Blood Vial":24,"Nunchaku":[6],"Lee\u0027s Waffle":27,"Torii":93,"Singing Bowl":12,"counters":[18,97],"Eternal Feather":45,"Art of War":[7],"Boot":[47],"obtain_stats":[{"Lee\u0027s Waffle":42,"Torii":7,"Singing Bowl":24,"Eternal Feather":4,"Boot":13,"Burning Blood":0,"ClockworkSouvenir":29,"Old Coin":41,"Blood Vial":9,"Runic Dome":17,"Nunchaku":30,"Art of War":26,"Coffee Dripper":34,"Red Mask":37,"Toxic Egg 2":27,"Pocketwatch":45},{"Lee\u0027s Waffle":15,"Torii":3,"Singing Bowl":9,"Eternal Feather":1,"Boot":4,"Burning Blood":0,"ClockworkSouvenir":11,"Old Coin":15,"Blood Vial":3,"Runic Dome":6,"Nunchaku":12,"Art of War":9,"Coffee Dripper":13,"Red Mask":14,"Toxic Egg 2":10,"Pocketwatch":17},{"Lee\u0027s Waffle":80,"Torii":11,"Singing Bowl":42,"Eternal Feather":3,"Boot":14,"Burning Blood":0,"ClockworkSouvenir":52,"Old Coin":80,"Blood Vial":11,"Runic Dome":26,"Nunchaku":59,"Art of War":42,"Coffee Dripper":68,"Red Mask":72,"Toxic Egg 2":48,"Pocketwatch":86}],"Burning Blood":90,"Pocketwatch":[9]},"card_choices":[{"not_picked":["Heavy Blade","True Grit"],"picked":"Combust","floor":1},{"not_picked":["Combust","Havoc"],"picked":"Uppercut","floor":5},{"not_picked":["Thunderclap","Flex"],"picked":"Double Tap","floor":7},{"not_picked":["Cleave","Bloodletting"],"picked":"Reaper","floor":13},{"not_picked":["Thunderclap","Twin Strike"],"picked":"Whirlwind","floor":14},{"not_picked":["Immolate","Barricade"],"picked":"Feed","floor":16},{"not_picked":["Anger","Second Wind"],"picked":"Shrug It Off+1","floor":18},{"not_picked":["Entrench","Perfected Strike"],"picked":"Spot Weakness+1","floor":21},{"not_picked":["Carnage","Hemokinesis","Double Tap"],"picked":"Singing Bowl","floor":24},{"not_picked":["Entrench+1","Wild Strike"],"picked":"Burning Pact+1","floor":27},{"not_picked":["Warcry+1","Heavy Blade","Sword Boomerang"],"picked":"Singing Bowl","floor":28},{"not_picked":["Clash","Thunderclap","Sword Boomerang"],"picked":"Singing Bowl","floor":30},{"not_picked":["Juggernaut","Double Tap+1"],"picked":"Exhume+1","floor":33},{"not_picked":["Searing Blow","Iron Wave","Clothesline+1"],"picked":"Singing Bowl","floor":35},{"not_picked":["Power Through+1","Pommel Strike"],"picked":"Battle Trance+1","floor":41},{"not_picked":["Heavy Blade","Anger","Warcry+1"],"picked":"Singing Bowl","floor":44},{"not_picked":["Dropkick","Bloodletting+1","Wild Strike"],"picked":"Singing Bowl","floor":45}],"player_experience":3094830,"relics_obtained":[{"floor":7,"key":"Torii"},{"floor":9,"key":"Blood Vial"},{"floor":13,"key":"Boot"},{"floor":24,"key":"Singing Bowl"},{"floor":26,"key":"Art of War"},{"floor":27,"key":"Toxic Egg 2"},{"floor":30,"key":"Nunchaku"},{"floor":41,"key":"Old Coin"},{"floor":45,"key":"Pocketwatch"}],"event_choices":[{"damage_healed":0,"gold_gain":0,"player_choice":"Donut","damage_taken":0,"max_hp_gain":5,"max_hp_loss":0,"event_name":"Big Fish","floor":2,"gold_loss":0},{"cards_removed":["Strike_R"],"damage_healed":0,"gold_gain":0,"player_choice":"Card Removal","damage_taken":7,"max_hp_gain":0,"max_hp_loss":0,"event_name":"Golden Wing","floor":3,"gold_loss":0},{"damage_healed":0,"gold_gain":75,"player_choice":"Gather Gold","damage_taken":11,"max_hp_gain":0,"max_hp_loss":0,"event_name":"World of Goop","floor":11,"gold_loss":0},{"damage_healed":0,"gold_gain":0,"player_choice":"Shed Blood","damage_taken":29,"max_hp_gain":5,"max_hp_loss":0,"event_name":"Forgotten Altar","floor":19,"gold_loss":0},{"damage_healed":0,"gold_gain":0,"player_choice":"Ignored","damage_taken":0,"max_hp_gain":0,"max_hp_loss":0,"event_name":"Ghosts","floor":20,"gold_loss":0},{"damage_healed":0,"gold_gain":0,"player_choice":"Simplicity","damage_taken":0,"max_hp_gain":0,"max_hp_loss":0,"event_name":"Back to Basics","floor":22,"gold_loss":0,"cards_upgraded":["Strike_R","Strike_R","Strike_R","Defend_R","Defend_R","Defend_R","Defend_R"]},{"damage_healed":0,"gold_gain":50,"player_choice":"Pray","damage_taken":0,"max_hp_gain":0,"max_hp_loss":0,"event_name":"Golden Shrine","floor":31,"gold_loss":0},{"damage_healed":0,"gold_gain":0,"player_choice":"Paid","damage_taken":0,"relics_obtained":["Red Mask"],"max_hp_gain":0,"max_hp_loss":0,"event_name":"Tomb of Lord Red Mask","floor":37,"gold_loss":28},{"cards_removed":["Feed"],"damage_healed":0,"gold_gain":0,"player_choice":"Removed Attack","damage_taken":0,"max_hp_gain":0,"max_hp_loss":0,"event_name":"Falling","floor":38,"gold_loss":0},{"damage_healed":0,"gold_gain":0,"player_choice":"Copied","damage_taken":0,"max_hp_gain":0,"max_hp_loss":0,"event_name":"Duplicator","floor":39,"gold_loss":0,"cards_obtained":["Feel No Pain"]},{"damage_healed":0,"gold_gain":0,"player_choice":"Fight","damage_taken":0,"max_hp_gain":0,"max_hp_loss":0,"event_name":"Mysterious Sphere","floor":45,"gold_loss":0}],"is_beta":false,"boss_relics":[{"not_picked":["Ectoplasm","Black Star"],"picked":"Runic Dome"},{"not_picked":["Empty Cage","Pandora\u0027s Box"],"picked":"Coffee Dripper"}],"items_purged_floors":[12,25,36,42],"is_endless":false,"potions_floor_spawned":[5,7,14,24,27,30,35,41],"killed_by":"Nemesis","ascension_level":20}}