{"host":"e8rlfedn69rz2s07","time":1613748130,"event":{"mods":["AchievementEnabler","BaseMod","Minty Spire (QoL Compilation)","Permanent Neow","Relic Stats"],"gold_per_floor":[112,112,122,41,52,81,97,131,155,165,165,190,210,227,227,227,227],"floor_reached":16,"language":"ENG","playtime":1825,"items_purged":[],"score":186,"play_id":"ec1e7bff-d925-470f-bfda-3e183e5833cf","local_time":"20210219172210","is_ascension_mode":true,"campfire_choices":[{"floor":11,"key":"REST"},{"data":"ForeignInfluence","floor":15,"key":"SMITH"}],"circlet_count":0,"master_deck":["Strike_P","Strike_P","Strike_P","Strike_P","Defend_P","Defend_P","Defend_P","Defend_P","Eruption","Vigilance","Vault","ForeignInfluence+1","Deep Breath","SignatureMove","Tantrum","EmptyFist","Omniscience","Consecrate","Protect","WaveOfTheHand","InnerPeace","BowlingBash","Protect"],"relics":["PureWater","The Courier","Lantern","Oddly Smooth Stone","Strawberry"],"acts_visited":["Exordium"],"potions_floor_usage":[8,12,16],"damage_taken":[{"damage":0.0,"enemies":"Small Slimes","floor":1.0,"turns":4.0},{"damage":0.0,"enemies":"Cultist","floor":3.0,"turns":2.0},{"damage":12,"enemies":"Jaw Worm","floor":5,"turns":3},{"damage":15,"enemies":"3 Sentries","floor":6,"turns":10},{"damage":0,"enemies":"2 Fungi Beasts","floor":7,"turns":2},{"damage":7,"enemies":"Lagavulin","floor":8,"turns":4},{"damage":0,"enemies":"Exordium Wildlife","floor":10,"turns":5},{"damage":0,"enemies":"Gremlin Nob","floor":12,"turns":1},{"damage":2,"enemies":"Looter","floor":13,"turns":2},{"damage":0,"enemies":"Gremlin Gang","floor":14,"turns":1},{"damage":55,"enemies":"Hexaghost","floor":16,"turns":15}],"seed_played":"-1731794467378653767","potions_obtained":[{"floor":1.0,"key":"LiquidBronze"},{"floor":3.0,"key":"Ambrosia"},{"floor":6,"key":"AttackPotion"},{"floor":8,"key":"LiquidBronze"},{"floor":14,"key":"GamblersBrew"}],"is_trial":false,"path_per_floor":["M","?","M","$","M","E","M","E","T","M","R","E","M","M","R","B"],"character_chosen":"WATCHER","items_purchased":["Tantrum"],"campfire_rested":1,"item_purchase_floors":[4],"current_hp_per_floor":[65,65,65,65,53,38,38,31,31,31,50,57,55,55,55,0,0],"gold":227,"neow_bonus":"THREE_RARE_CARDS","is_daily":false,"chose_seed":false,"campfire_upgraded":1,"win_rate":0.0,"timestamp":1613748130,"path_taken":["M","?","M","$","M","E","M","E","T","M","R","E","M","M","R","BOSS"],"items_purchased_type":["Card"],"build_version":"2020-12-22","purchased_purges":0,"victory":false,"max_hp_per_floor":[65,65,65,65,65,65,65,65,65,65,65,72,72,72,72,72,72],"relic_stats":{"counters":[11,49],"obtain_stats":[{"Lantern":8,"Strawberry":12,"Oddly Smooth Stone":9,"The Courier":6,"PureWater":0},{"Lantern":6,"Strawberry":8,"Oddly Smooth Stone":6,"The Courier":4,"PureWater":0},{"Lantern":25,"Strawberry":31,"Oddly Smooth Stone":25,"The Courier":19,"PureWater":0}]},"card_choices":[{"not_picked":["ConjureBlade","Establishment"],"picked":"Vault","floor":0.0},{"not_picked":["WaveOfTheHand","WreathOfFlame"],"picked":"ForeignInfluence","floor":1.0},{"not_picked":["Weave","PathToVictory","Collect"],"picked":"SKIP","floor":3.0},{"not_picked":["SandsOfTime","EmptyBody"],"picked":"EmptyFist","floor":5},{"not_picked":["Vault","LikeWater"],"picked":"Omniscience","floor":6},{"not_picked":["Prostrate","WreathOfFlame"],"picked":"Consecrate","floor":7},{"not_picked":["Consecrate","BowlingBash"],"picked":"Protect","floor":8},{"not_picked":["FollowUp","Crescendo"],"picked":"WaveOfTheHand","floor":10},{"not_picked":["Adaptation","Prostrate"],"picked":"InnerPeace","floor":12},{"not_picked":["Perseverance","Prostrate"],"picked":"BowlingBash","floor":13},{"not_picked":["Consecrate","EmptyFist"],"picked":"Protect","floor":14}],"player_experience":1097288,"relics_obtained":[{"floor":6,"key":"The Courier"},{"floor":8,"key":"Lantern"},{"floor":9,"key":"Oddly Smooth Stone"},{"floor":12,"key":"Strawberry"}],"event_choices":[{"damage_healed":0.0,"max_hp_gain":0.0,"max_hp_loss":0.0,"gold_gain":0.0,"event_name":"Match and Keep!","player_choice":"2 cards matched","floor":2.0,"gold_loss":0.0,"damage_taken":0.0,"cards_obtained":["Deep Breath","SignatureMove"]}],"is_beta":false,"boss_relics":[],"items_purged_floors":[],"is_endless":false,"potions_floor_spawned":[1,3,6,8,14],"killed_by":"Hexaghost","ascension_level":5}}