{"host":"51qmnr9isyv85d0p","time":1613717475,"event":{"mods":["AchievementEnabler","BaseMod","Colored Map","Colored Powertips","Curses Come First","Downfall","Minty Spire (QoL Compilation)","Red Circlet Mod","Relic Stats","Replay The Spire","StSLib","TestMod"],"gold_per_floor":[11600,11600,11611,10713,10725,10725,10079,10079,10133,10162,10162,10187,10287,10322,10322,10421,10421,10434,10507,10432,9509,9909,9909,9944,9962,9962,9972,9999,9303,9338,9357,9357,9458,9558,9570,9570,9590,8800,8353,8394,7977,8077,8077,8097,8097,8110,8110,8136,8136,8145],"floor_reached":51,"language":"ZHS","playtime":1524,"items_purged":["Strike_R","Defend_R","Strike_R","Defend_R","Strike_R","Defend_R","Strike_R"],"score":1252,"play_id":"d818dea9-8471-4e68-8fac-e620967656db","local_time":"20210219145115","is_ascension_mode":true,"campfire_choices":[{"data":"Searing Blow","floor":6,"key":"SMITH"},{"data":"Searing Blow+1","floor":8,"key":"SMITH"},{"data":"Searing Blow+2","floor":11,"key":"SMITH"},{"data":"Searing Blow+3","floor":15,"key":"SMITH"},{"data":"Searing Blow+4","floor":23,"key":"SMITH"},{"data":"Searing Blow+5","floor":32,"key":"SMITH"},{"data":"Searing Blow+6","floor":45,"key":"SMITH"},{"data":"Searing Blow+7","floor":47,"key":"SMITH"},{"data":"Searing Blow+8","floor":49,"key":"SMITH"}],"circlet_count":0,"master_deck":["Strike_R","Defend_R+1","Bash","Searing Blow+9","Warcry+1","Dramatic Entrance+1","Inflame","Flex","Headbutt","Shrug It Off","Warcry","Inflame","Pot Of Greed+1","Pot Of Greed+1","Offering","Intimidate+1","Armaments","Discovery","Armaments+1","Dark Shackles+1","Pot Of Greed+1","Demon Form+1","Jack Of All Trades","Dropkick","ReplayTheSpireMod:Private Reserves+1","Headbutt"],"relics":["Burning Blood","testmod-TimeTraveler","testmod-OneHitWonder","testmod-DragonStarHat","Frozen Eye","Anchor","testmod-ArcanaOfDestiny","Potion Belt","Odd Mushroom","Sundial","Grinning Jar","Coffee Dripper","Self Forming Clay","FossilizedHelix","Sling","hexamod:Sixitude","Golden Egg","Guardian:PocketSentry","Blood Vial","Peace Pipe","BargainBundle","Champion Belt","Replay:Wanted Poster","testmod-TheFather","ReplayTheSpireMod:Lightbulb","Membership Card","bronze:DecasWashers","Snack Pack","champ:Barbells","MawBank","Replay:Bottled Eggs","Vajra","HandDrill","Frozen Egg 2"],"acts_visited":["Exordium","TheCity","TheBeyond"],"potions_floor_usage":[16,33,33],"damage_taken":[{"damage":1,"enemies":"Cultist","floor":1,"turns":3},{"damage":0,"enemies":"2 Louse","floor":3,"turns":2},{"damage":0,"enemies":"Small Slimes","floor":5,"turns":2},{"damage":0,"enemies":"The Mushroom Lair","floor":10,"turns":2},{"damage":0,"enemies":"Gremlin Nob","floor":12,"turns":2},{"damage":1,"enemies":"Replay:BlueRogue","floor":14,"turns":3},{"damage":0,"enemies":"Slime Boss","floor":16,"turns":4},{"damage":1,"enemies":"2 Thieves","floor":18,"turns":2},{"damage":0,"enemies":"Book of Stabbing","floor":24,"turns":2},{"damage":0,"enemies":"3 Byrds","floor":25,"turns":2},{"damage":0,"enemies":"Shelled Parasite and Fungi","floor":27,"turns":2},{"damage":0,"enemies":"Gremlin Leader","floor":28,"turns":2},{"damage":0,"enemies":"Book of Stabbing","floor":30,"turns":2},{"damage":0,"enemies":"Snake Plant","floor":31,"turns":1},{"damage":0,"enemies":"Collector","floor":33,"turns":3},{"damage":0,"enemies":"Orb Walker","floor":35,"turns":2},{"damage":0,"enemies":"3 Darklings","floor":37,"turns":2},{"damage":0,"enemies":"Giant Head","floor":40,"turns":2},{"damage":0,"enemies":"Maw","floor":44,"turns":3},{"damage":0,"enemies":"Spire Growth","floor":46,"turns":1},{"damage":0,"enemies":"3 Darklings","floor":48,"turns":1},{"damage":19,"enemies":"Time Eater","floor":50,"turns":3}],"seed_played":"-9129531357974288015","potions_obtained":[{"floor":3,"key":"SpeedPotion"},{"floor":5,"key":"Elixir"},{"floor":16,"key":"Block Potion"},{"floor":19,"key":"DistilledChaos"},{"floor":19,"key":"Energy Potion"},{"floor":27,"key":"LifebloodPotion"},{"floor":31,"key":"Fruit Juice"}],"is_trial":false,"path_per_floor":["M","?","M","$","M","R","$","R","T","?","R","E","?","E","R","B",null,"M","?","?","$","?","R","E","M","T","M","E","$","E","M","R","B",null,"M","?","M","$","$","E","$","?","T","M","R","M","R","M","R","B",null],"character_chosen":"IRONCLAD","items_purchased":["testmod-OneHitWonder","testmod-DragonStarHat","Frozen Eye","Elixir","Weak Potion","Dramatic Entrance","Inflame","Flex","Anchor","testmod-ArcanaOfDestiny","Fire Potion","Shrug It Off","Warcry","Self Forming Clay","FossilizedHelix","Sling","Discovery","Blood Vial","Peace Pipe","BargainBundle","Dark Shackles","testmod-TheFather","ReplayTheSpireMod:Lightbulb","Membership Card","Cursed Concoction","champ:CounterPotion","bronze:DecasWashers","Snack Pack","champ:Barbells","Adrenaline Potion","Replay:Bottled Eggs","Vajra","HandDrill","ReplayTheSpireMod:Private Reserves"],"campfire_rested":0,"item_purchase_floors":[4,4,4,4,4,4,4,4,7,7,7,7,7,21,21,21,21,29,29,29,29,38,38,38,38,38,39,39,39,39,41,41,41,41],"current_hp_per_floor":[88,88,88,88,88,88,88,88,88,88,88,88,88,88,88,88,88,88,53,53,53,53,53,59,65,65,71,77,77,85,88,88,93,93,93,93,93,93,93,93,93,93,93,93,93,93,93,93,93,80],"gold":8145,"neow_bonus":"TEN_PERCENT_HP_BONUS","is_daily":false,"chose_seed":false,"campfire_upgraded":9,"win_rate":0.0,"timestamp":1613717475,"path_taken":["M","?","M","$","M","R","$","R","T","?","R","E","?","E","R","BOSS","M","?","?","$","?","R","E","M","T","M","E","$","E","M","R","BOSS","M","?","?","?","$","E","$","?","T","?","R","?","R","M","R","BOSS"],"items_purchased_type":["Relic","Relic","Relic","Potion","Potion","Card","Card","Card","Relic","Relic","Potion","Card","Card","Relic","Relic","Relic","Card","Relic","Relic","Relic","Card","Relic","Relic","Relic","Potion","Potion","Relic","Relic","Relic","Potion","Relic","Relic","Relic","Card"],"build_version":"2020-12-22","purchased_purges":7,"victory":true,"max_hp_per_floor":[88,88,88,88,88,88,88,88,88,88,88,88,88,88,88,88,88,88,88,88,88,88,88,88,88,88,88,88,88,88,88,88,93,93,93,93,93,93,93,93,93,93,93,93,93,93,93,93,93,93],"relic_stats":{"Blood Vial":4,"Peace Pipe":0,"counters":[22,48],"Sundial":[2],"Self Forming Clay":[3],"HandDrill":[2],"Champion Belt":[8],"MawBank":12,"obtain_stats":[{"Golden Egg":26,"Vajra":41,"Sling":21,"Burning Blood":0,"Blood Vial":29,"Replay:Wanted Poster":34,"Frozen Eye":4,"DollysMirror":2,"Sundial":12,"testmod-TheFather":38,"testmod-DragonStarHat":4,"HandDrill":41,"Replay:Bottled Eggs":41,"testmod-ArcanaOfDestiny":7,"Potion Belt":9,"champ:Barbells":39,"BargainBundle":29,"testmod-TestBox":0,"testmod-TimeTraveler":0,"Self Forming Clay":21,"bronze:DecasWashers":39,"hexamod:Sixitude":24,"Guardian:PocketSentry":28,"Odd Mushroom":10,"Frozen Egg 2":43,"MawBank":40,"Peace Pipe":29,"Anchor":7,"Coffee Dripper":17,"Snack Pack":39,"Champion Belt":30,"Membership Card":38,"Grinning Jar":14,"ReplayTheSpireMod:Lightbulb":38,"testmod-OneHitWonder":4,"FossilizedHelix":21},{"Golden Egg":10,"Vajra":18,"Sling":8,"Burning Blood":0,"Blood Vial":12,"Replay:Wanted Poster":15,"Frozen Eye":2,"DollysMirror":1,"Sundial":5,"testmod-TheFather":17,"testmod-DragonStarHat":2,"HandDrill":18,"Replay:Bottled Eggs":18,"testmod-ArcanaOfDestiny":3,"Potion Belt":3,"champ:Barbells":17,"BargainBundle":12,"testmod-TestBox":0,"testmod-TimeTraveler":0,"Self Forming Clay":8,"bronze:DecasWashers":17,"hexamod:Sixitude":9,"Guardian:PocketSentry":12,"Odd Mushroom":4,"Frozen Egg 2":18,"MawBank":18,"Peace Pipe":12,"Anchor":3,"Coffee Dripper":7,"Snack Pack":17,"Champion Belt":13,"Membership Card":17,"Grinning Jar":6,"ReplayTheSpireMod:Lightbulb":17,"testmod-OneHitWonder":2,"FossilizedHelix":8},{"Golden Egg":24,"Vajra":40,"Sling":20,"Burning Blood":0,"Blood Vial":28,"Replay:Wanted Poster":34,"Frozen Eye":5,"DollysMirror":3,"Sundial":11,"testmod-TheFather":38,"testmod-DragonStarHat":5,"HandDrill":40,"Replay:Bottled Eggs":40,"testmod-ArcanaOfDestiny":7,"Potion Belt":7,"champ:Barbells":38,"BargainBundle":28,"testmod-TestBox":0,"testmod-TimeTraveler":0,"Self Forming Clay":20,"bronze:DecasWashers":38,"hexamod:Sixitude":22,"Guardian:PocketSentry":28,"Odd Mushroom":9,"Frozen Egg 2":40,"MawBank":40,"Peace Pipe":28,"Anchor":7,"Coffee Dripper":18,"Snack Pack":38,"Champion Belt":30,"Membership Card":38,"Grinning Jar":14,"ReplayTheSpireMod:Lightbulb":38,"testmod-OneHitWonder":5,"FossilizedHelix":20}],"Burning Blood":40},"card_choices":[{"not_picked":["Shrug It Off","Massacre"],"picked":"Searing Blow","floor":1},{"not_picked":["Second Wind","Run Through"],"picked":"Warcry","floor":3},{"not_picked":["ReplayTheSpireMod:Strike From Hell","Battle Trance"],"picked":"Headbutt","floor":5},{"not_picked":["True Grit","Warcry"],"picked":"Inflame","floor":12},{"not_picked":["ReplayTheSpireMod:Strike From Hell","Life Link","Run Through"],"picked":"SKIP","floor":14},{"not_picked":["Berserk","Fiend Fire"],"picked":"Offering","floor":16},{"not_picked":["Warcry","Power Through"],"picked":"Intimidate+1","floor":18},{"not_picked":["Cleave+1","Dark Embrace+1"],"picked":"Armaments","floor":19},{"not_picked":["Armaments","Whirlwind","Wild Strike"],"picked":"SKIP","floor":24},{"not_picked":["Berserk","Flex","Iron Wave"],"picked":"SKIP","floor":25},{"not_picked":["Twin Strike","Cleave+1"],"picked":"Armaments+1","floor":27},{"not_picked":["Massacre","Perfected Strike","Wild Strike"],"picked":"SKIP","floor":28},{"not_picked":["Shockwave","ReplayReversal+1","Clash"],"picked":"SKIP","floor":30},{"not_picked":["Armaments+1","Battle Trance","ReplayReversal"],"picked":"SKIP","floor":31},{"not_picked":["Offering","Reaper"],"picked":"Demon Form","floor":33},{"not_picked":["Thunderclap","Clash","Hemokinesis"],"picked":"SKIP","floor":35},{"not_picked":["Sword Boomerang","Feel No Pain+1"],"picked":"Dropkick","floor":37},{"not_picked":["True Grit+1","Bloodletting+1","Bludgeon"],"picked":"SKIP","floor":40},{"not_picked":["Replay:Undeath\u0027s Touch","ReplayTheSpireMod:Muscle Training","Feel No Pain+1"],"picked":"SKIP","floor":44},{"not_picked":["Flex","Searing Blow+1","Havoc"],"picked":"SKIP","floor":46},{"not_picked":["Clash+1","Iron Wave+1"],"picked":"Headbutt","floor":48}],"player_experience":123513,"relics_obtained":[{"floor":9,"key":"Potion Belt"},{"floor":10,"key":"Odd Mushroom"},{"floor":12,"key":"Sundial"},{"floor":14,"key":"Grinning Jar"},{"floor":24,"key":"hexamod:Sixitude"},{"floor":26,"key":"Golden Egg"},{"floor":28,"key":"Guardian:PocketSentry"},{"floor":30,"key":"Champion Belt"},{"floor":40,"key":"MawBank"},{"floor":43,"key":"Frozen Egg 2"}],"event_choices":[{"damage_healed":0,"gold_gain":0,"player_choice":"Swap Relic","damage_taken":0,"relics_obtained":["DollysMirror"],"max_hp_gain":0,"max_hp_loss":0,"event_name":"给自己的盒子","floor":2,"relics_lost":["DollysMirror"],"gold_loss":0},{"damage_healed":0,"gold_gain":0,"player_choice":"Fought Mushrooms","damage_taken":0,"max_hp_gain":0,"max_hp_loss":0,"event_name":"Mushrooms","floor":10,"gold_loss":0},{"damage_healed":0,"gold_gain":100,"player_choice":"Pray","damage_taken":0,"max_hp_gain":0,"max_hp_loss":0,"event_name":"Golden Shrine","floor":13,"gold_loss":0},{"cards_removed":["Searing Blow"],"damage_healed":0,"gold_gain":0,"player_choice":"Gave Gold","damage_taken":0,"max_hp_gain":0,"max_hp_loss":0,"event_name":"Beggar","floor":20,"gold_loss":75},{"damage_healed":0,"gold_gain":400,"player_choice":"Sell","damage_taken":0,"max_hp_gain":0,"max_hp_loss":0,"event_name":"恩洛斯的盘子","floor":22,"relics_lost":["testmod-TestBox"],"gold_loss":0},{"damage_healed":0,"gold_gain":0,"player_choice":"1 cards matched","damage_taken":0,"max_hp_gain":0,"max_hp_loss":0,"event_name":"Match and Keep!","floor":36,"gold_loss":0,"cards_obtained":["Jack Of All Trades"]},{"damage_healed":0,"gold_gain":100,"player_choice":"Pray","damage_taken":0,"max_hp_gain":0,"max_hp_loss":0,"event_name":"Golden Shrine","floor":42,"gold_loss":0}],"is_beta":false,"boss_relics":[{"not_picked":["testmod-SaigiyounoYou","testmod-IncinerationGenerator"],"picked":"Coffee Dripper"},{"not_picked":["testmod-Prudence","SlaversCollar"],"picked":"Replay:Wanted Poster"}],"items_purged_floors":[4,7,21,29,38,39,41],"is_endless":false,"potions_floor_spawned":[3,5,16,24,25,27,30,31,40,44,48],"ascension_level":4}}