{"host":"qheym18ww6mhskxf","time":1613708916,"event":{"mods":["100% Spire Juice","BaseMod","CapriCore","Friendly Minions","GungeonMod","KOR Keyword Fix","Kiyohime£¨?ýï£©","Minty Spire (QoL Compilation)","Prisma Mod","Quick Restart","Rare Cards Sparkle","Shop Mod","Spicy Shops","StSLib","Td1madao Mod","The Dragon Tamer","Username Fix"],"gold_per_floor":[116,129,129,145,155,181,10,37,37,37,65,78,78,97,97,199,199,212,30,49,49,73,101,101,143,194,226,238,249,174,188,188,300,300,319,319,336,58,87,87,112,112,112,140,162,182,217,237,237,335,335,346,372,391,341,358,400,400,428,428,428,467,467,184,9,9,112,112,135,135,145,145,21,56,56,83,116,126,126,23,60,88,88,191,191,204,231,231,244,74,85,135,162,204,204,238,238,272,286,286,386,386,386,386],"floor_reached":103,"language":"KOR","playtime":3243,"items_purged":["Pride","Defend_B","Strike_B","Strike_B","Defend_B+1","Defend_B+1"],"score":4513,"play_id":"c66a4b08-4843-448b-9dc2-ab75c1965739","local_time":"20210219132836","daily_mods":["Heirloom","Time Dilation","DeadlyEvents","Elite Swarm","Uncertain Future"],"is_ascension_mode":true,"campfire_choices":[{"floor":13.0,"key":"REST"},{"floor":15.0,"key":"REST"},{"data":"PrismaMod:ChloeGaeBolg","floor":24.0,"key":"SMITH"},{"data":"Dualcast","floor":32.0,"key":"SMITH"},{"data":"PrismaMod:IllyaGrail","floor":40.0,"key":"SMITH"},{"data":"1","floor":42.0,"key":"LIFT"},{"data":"2","floor":49.0,"key":"LIFT"},{"data":"3","floor":58.0,"key":"LIFT"},{"data":"PrismaMod:IllyaGrail","floor":61.0,"key":"SMITH"},{"data":"Electrodynamics","floor":66.0,"key":"SMITH"},{"data":"Core Surge","floor":75.0,"key":"SMITH"},{"data":"Conserve Battery","floor":79.0,"key":"SMITH"},{"data":"PrismaMod:ChloeCheapAttack","floor":83.0,"key":"SMITH"},{"data":"PrismaMod:ChloeCarnivalDefend","floor":95.0,"key":"SMITH"},{"data":"PrismaMod:ChloeCarnivalDefend","floor":97.0,"key":"SMITH"},{"floor":100.0,"key":"REST"}],"circlet_count":0,"master_deck":["Zap+1","Dualcast+1","PrismaMod:ChloeGaeBolg+1","PrismaMod:IllyaGrail+1","Conserve Battery+1","PrismaMod:ChloeCarnivalDefend+1","Electrodynamics+1","Leap+1","PrismaMod:IllyaBerserCAR+1","PrismaMod:IllyaGrail+1","PrismaMod:ChloeCarnivalDefend+1","Core Surge+1","PrismaMod:ChloeCaladbolg+1","Double Energy+1","PrismaMod:ChloeCarnivalDefend+1","PrismaMod:ChloeCheapAttack+1","PrismaMod:IllyaBride+1","PrismaMod:ChloeCarnivalDefend+1"],"relics":["Cracked Core","Incense Burner","Mercury Hourglass","MerchantsRug","HandDrill","Symbiotic Virus","DemoMod:WaxWing","DemoMod:MeltedRock","CeramicFish","DemoMod:NanoMachines","DemoMod:ClearGuonStone","Nunchaku","Girya","DemoMod:RiddleOfLead","Membership Card","Blood Vial","DemoMod:GlassGuonStoneRelic","Smiling Mask","Bronze Scales","Cables","Eternal Feather","FossilizedHelix","SlaversCollar","Lantern","DemoMod:PinkGuonStone","ClockworkSouvenir","Bag of Preparation","Toxic Egg 2","Kunai","Sling","Inserter","Frozen Egg 2","Medical Kit","Molten Egg 2","Runic Capacitor","Vajra","Ginger","SacredBark"],"acts_visited":["Exordium","TheCity","TheBeyond","Exordium","TheCity","TheBeyond","Exordium"],"potions_floor_usage":[],"damage_taken":[{"damage":1.0,"enemies":"Cultist","floor":1.0,"turns":3.0},{"damage":0.0,"enemies":"2 Louse","floor":2.0,"turns":1.0},{"damage":0.0,"enemies":"Small Slimes","floor":4.0,"turns":2.0},{"damage":0.0,"enemies":"3 Louse","floor":5.0,"turns":3.0},{"damage":0.0,"enemies":"Gremlin Nob","floor":6.0,"turns":4.0},{"damage":17.0,"enemies":"Lagavulin","floor":8.0,"turns":5.0},{"damage":20.0,"enemies":"Gremlin Nob","floor":11.0,"turns":4.0},{"damage":0.0,"enemies":"Looter","floor":12.0,"turns":2.0},{"damage":16.0,"enemies":"Lots of Slimes","floor":14.0,"turns":3.0},{"damage":13.0,"enemies":"The Guardian","floor":16.0,"turns":9.0},{"damage":0.0,"enemies":"3 Byrds","floor":18.0,"turns":3.0},{"damage":0.0,"enemies":"Chosen","floor":20.0,"turns":4.0},{"damage":0.0,"enemies":"Shelled Parasite and Fungi","floor":22.0,"turns":5.0},{"damage":19.0,"enemies":"Book of Stabbing","floor":23.0,"turns":5.0},{"damage":5.0,"enemies":"Gremlin Leader","floor":25.0,"turns":6.0},{"damage":0.0,"enemies":"Book of Stabbing","floor":27.0,"turns":6.0},{"damage":0.0,"enemies":"Cultist and Chosen","floor":28.0,"turns":4.0},{"damage":0.0,"enemies":"3 Cultists","floor":29.0,"turns":4.0},{"damage":0.0,"enemies":"Chosen and Byrds","floor":31.0,"turns":5.0},{"damage":0.0,"enemies":"Automaton","floor":33.0,"turns":9.0},{"damage":0.0,"enemies":"Orb Walker","floor":35.0,"turns":2.0},{"damage":0.0,"enemies":"3 Darklings","floor":37.0,"turns":3.0},{"damage":34.0,"enemies":"Giant Head","floor":39.0,"turns":10.0},{"damage":3.0,"enemies":"Reptomancer","floor":41.0,"turns":4.0},{"damage":0.0,"enemies":"Nemesis","floor":44.0,"turns":3.0},{"damage":0.0,"enemies":"Jaw Worm Horde","floor":45.0,"turns":2.0},{"damage":0.0,"enemies":"Maw","floor":46.0,"turns":6.0},{"damage":0.0,"enemies":"Reptomancer","floor":47.0,"turns":4.0},{"damage":0.0,"enemies":"4 Shapes","floor":48.0,"turns":3.0},{"damage":0.0,"enemies":"Awakened One","floor":50.0,"turns":12.0},{"damage":0.0,"enemies":"2 Louse","floor":52.0,"turns":1.0},{"damage":0.0,"enemies":"Small Slimes","floor":53.0,"turns":1.0},{"damage":0.0,"enemies":"Jaw Worm","floor":54.0,"turns":1.0},{"damage":0.0,"enemies":"Lots of Slimes","floor":56.0,"turns":1.0},{"damage":0.0,"enemies":"Lagavulin","floor":57.0,"turns":2.0},{"damage":0.0,"enemies":"3 Sentries","floor":59.0,"turns":3.0},{"damage":0.0,"enemies":"Gremlin Nob","floor":62.0,"turns":2.0},{"damage":0.0,"enemies":"Slime Boss","floor":67.0,"turns":3.0},{"damage":0.0,"enemies":"Spheric Guardian","floor":69.0,"turns":1.0},{"damage":0.0,"enemies":"Shell Parasite","floor":71.0,"turns":1.0},{"damage":0.0,"enemies":"Book of Stabbing","floor":74.0,"turns":1.0},{"damage":0.0,"enemies":"Slavers","floor":76.0,"turns":1.0},{"damage":0.0,"enemies":"Gremlin Leader","floor":77.0,"turns":1.0},{"damage":0.0,"enemies":"Snake Plant","floor":78.0,"turns":1.0},{"damage":0.0,"enemies":"Slavers","floor":81.0,"turns":1.0},{"damage":0.0,"enemies":"Centurion and Healer","floor":82.0,"turns":2.0},{"damage":0.0,"enemies":"Champ","floor":84.0,"turns":8.0},{"damage":0.0,"enemies":"Orb Walker","floor":86.0,"turns":1.0},{"damage":0.0,"enemies":"3 Shapes","floor":87.0,"turns":1.0},{"damage":0.0,"enemies":"Transient","floor":89.0,"turns":5.0},{"damage":0.0,"enemies":"Spire Growth","floor":91.0,"turns":1.0},{"damage":0.0,"enemies":"Mind Bloom Boss Battle","floor":92.0,"turns":2.0},{"damage":0.0,"enemies":"Nemesis","floor":93.0,"turns":3.0},{"damage":0.0,"enemies":"Reptomancer","floor":94.0,"turns":2.0},{"damage":0.0,"enemies":"Giant Head","floor":96.0,"turns":6.0},{"damage":0.0,"enemies":"Reptomancer","floor":98.0,"turns":1.0},{"damage":0.0,"enemies":"Writhing Mass","floor":99.0,"turns":3.0},{"damage":0.0,"enemies":"Time Eater","floor":101.0,"turns":6.0},{"damage":0,"enemies":"Cultist","floor":103,"turns":1}],"seed_played":"7132158669932131968","potions_obtained":[{"floor":2.0,"key":"Weak Potion"},{"floor":6.0,"key":"Ancient Potion"},{"floor":8.0,"key":"Weak Potion"},{"floor":11.0,"key":"Strength Potion"},{"floor":14.0,"key":"DemoMod:LeadSkinPotion"},{"floor":20.0,"key":"Weak Potion"},{"floor":23.0,"key":"FocusPotion"},{"floor":27.0,"key":"AttackPotion"},{"floor":28.0,"key":"Explosive Potion"},{"floor":35.0,"key":"EssenceOfSteel"},{"floor":37.0,"key":"Weak Potion"},{"floor":47.0,"key":"SteroidPotion"},{"floor":52.0,"key":"Weak Potion"},{"floor":54.0,"key":"SpeedPotion"},{"floor":77.0,"key":"FocusPotion"},{"floor":78.0,"key":"Dexterity Potion"},{"floor":81.0,"key":"Energy Potion"},{"floor":84.0,"key":"Energy Potion"},{"floor":92.0,"key":"ColorlessPotion"},{"floor":93.0,"key":"Explosive Potion"},{"floor":94.0,"key":"DuplicationPotion"}],"is_trial":true,"path_per_floor":["M","M","T","M","M","E","$","E","T","T","E","M","R","M","R","B",null,"M","$","M","?","M","E","R","E","T","E","M","M","?","M","R","B",null,"M","?","M","$","E","R","E","R","T","E","M","M","E","M","R","B",null,"M","M","M","?","M","E","R","E","T","R","E","?","$","$","R","B",null,"M","?","M","?","$","E","R","E","E","M","R","$","E","M","R","B",null,"M","M","?","M","$","M","?","E","E","R","E","R","E","M","R","B",null,"M"],"character_chosen":"DEFECT","items_purchased":["MerchantsRug","HandDrill","DemoMod:MeltedRock","CeramicFish","Membership Card","Blood Vial","Matryoshka","ClockworkSouvenir","Bag of Preparation","Pocketwatch","DemoMod:Orange","Toxic Egg 2","Kunai","Sling","Frozen Egg 2","Medical Kit","Double Energy+1","Molten Egg 2","Runic Capacitor","Vajra"],"campfire_rested":3,"item_purchase_floors":[7,7,19,19,38,38,38,64,64,64,64,65,65,65,73,80,80,90,90,90],"current_hp_per_floor":[67,67,67,67,67,67,67,50,50,50,30,30,52,36,58,45,68,68,68,68,68,68,49,49,44,44,44,44,44,44,44,44,44,85,85,85,85,85,51,51,50,50,50,52,54,56,58,60,69,71,82,84,85,85,85,85,85,85,85,92,92,92,92,104,104,104,104,104,104,83,85,85,85,87,96,98,100,102,109,109,109,109,109,109,109,109,109,104,104,104,104,104,104,104,104,104,104,104,104,104,104,104,104,104],"gold":386,"neow_bonus":"","is_daily":false,"chose_seed":false,"campfire_upgraded":10,"win_rate":0.0,"timestamp":1613708916,"path_taken":["M","M","?","?","M","E","$","E","T","?","E","M","R","M","R","BOSS","M","$","?","?","M","E","R","E","T","E","M","M","?","M","R","BOSS","M","?","M","$","?","R","E","R","T","E","M","?","E","M","R","BOSS","M","M","M","?","M","E","R","E","T","R","E","?","?","$","R","BOSS","M","?","M","?","?","E","R","E","E","M","R","$","E","M","R","BOSS","M","M","?","?","$","M","?","E","E","R","E","R","E","M","R","BOSS","M"],"items_purchased_type":["Relic","Relic","Relic","Relic","Relic","Relic","Relic","Relic","Relic","Relic","Relic","Relic","Relic","Relic","Relic","Relic","Card","Relic","Relic","Relic"],"build_version":"2020-12-22","purchased_purges":6,"victory":false,"max_hp_per_floor":[75,75,75,75,75,75,75,75,75,75,75,75,75,75,75,75,75,75,75,75,75,75,75,75,75,75,75,75,75,75,75,75,75,85,85,85,85,85,85,85,85,85,85,85,85,85,85,85,85,85,85,85,85,85,85,85,85,85,85,92,92,92,92,104,104,104,104,104,104,109,109,109,109,109,109,109,109,109,109,109,109,109,109,109,109,109,109,104,104,104,104,104,104,104,104,104,104,104,104,104,104,104,104,104],"card_choices":[{"not_picked":["PrismaMod:IllyaCheapChannelPoison","Streamline"],"picked":"PrismaMod:ChloeGaeBolg","floor":1.0},{"not_picked":["PrismaMod:IllyaRapidFire","PrismaMod:ChloeUncommonAOEAttack","PrismaMod:ChloeExhaustTwo"],"picked":"SKIP","floor":2.0},{"not_picked":["PrismaMod:ChloeExhaustOne","Compile Driver","Reprogram"],"picked":"SKIP","floor":4.0},{"not_picked":["Redo","PrismaMod:ChloeCheapAttackTwo","Fusion"],"picked":"SKIP","floor":5.0},{"not_picked":["All For One","PrismaMod:ChloeAnyPowerTrace","Amplify"],"picked":"SKIP","floor":6.0},{"not_picked":["Reboot","All For One","Biased Cognition"],"picked":"SKIP","floor":8.0},{"not_picked":["Hyperbeam","Thunder Strike","PrismaMod:ChloeAnyPowerTrace"],"picked":"SKIP","floor":11.0},{"not_picked":["PrismaMod:IllyaCommonEvoke","PrismaMod:IllyaStunPoison","PrismaMod:IllyaGrailKun"],"picked":"SKIP","floor":12.0},{"not_picked":["PrismaMod:ChloeExhaustOne","PrismaMod:ChloeCheapAttackTwo","PrismaMod:IllyaUberPoisonBlock"],"picked":"SKIP","floor":14.0},{"not_picked":["Chill+1","Hello World"],"picked":"PrismaMod:IllyaGrail","floor":18.0},{"not_picked":["Go for the Eyes","PrismaMod:IllyaCheapChannelDefend","PrismaMod:IllyaBoysLove+1"],"picked":"SKIP","floor":20.0},{"not_picked":["Go for the Eyes","PrismaMod:IllyaCheapChannelDefend","PrismaMod:IllyaBoysLove+1"],"picked":"SKIP","floor":20.0},{"not_picked":["PrismaMod:ChloeCheapDefend","Steam"],"picked":"Conserve Battery","floor":22.0},{"not_picked":["Multi-Cast","PrismaMod:ChloeHalloween","PrismaMod:ChloeAnyPowerTrace"],"picked":"SKIP","floor":23.0},{"not_picked":["Rainbow","PrismaMod:ChloeCarnivalAOEAttack"],"picked":"PrismaMod:ChloeCarnivalDefend","floor":25.0},{"not_picked":["PrismaMod:IllyaUberPoisonChannel","PrismaMod:ChloeDevil","PrismaMod:IllyaUberDefendChannel"],"picked":"SKIP","floor":27.0},{"not_picked":["PrismaMod:IllyaPoisoningPhantasm","PrismaMod:ChloeExhaustTwo","PrismaMod:ChloeUncommonAttack+1"],"picked":"SKIP","floor":28.0},{"not_picked":["Undo+1","Gash","PrismaMod:IllyaCarnivalOrbs"],"picked":"SKIP","floor":29.0},{"not_picked":["Barrage","Ball Lightning","PrismaMod:IllyaHassanGift"],"picked":"SKIP","floor":31.0},{"not_picked":["Fission","Amplify"],"picked":"Electrodynamics","floor":33.0},{"not_picked":["Steam+1","Barrage+1","PrismaMod:IllyaRubysPotion"],"picked":"SKIP","floor":35.0},{"not_picked":["PrismaMod:IllyaSaphire","PrismaMod:IllyaCheapChannelDefend","PrismaMod:IllyaFeed"],"picked":"SKIP","floor":37.0},{"not_picked":["Fission","Biased Cognition","PrismaMod:IllyaCarnivalDefend"],"picked":"SKIP","floor":39.0},{"not_picked":["PrismaMod:IllyaCarnivalAttack","Multi-Cast","Hyperbeam"],"picked":"SKIP","floor":41.0},{"not_picked":["Biased Cognition","PrismaMod:ChloeHalloween","PrismaMod:ChloeReshuffleDiscard"],"picked":"SKIP","floor":44.0},{"not_picked":["PrismaMod:ChloeCheapAttackTwo+1","Loop+1"],"picked":"Leap+1","floor":45.0},{"not_picked":["PrismaMod:IllyaAssassinRevenge+1","Turbo"],"picked":"PrismaMod:IllyaBerserCAR+1","floor":46.0},{"not_picked":["PrismaMod:ChloeAnyCommonTrace","Thunder Strike","Reboot"],"picked":"SKIP","floor":47.0},{"not_picked":["Conserve Battery","Sweeping Beam","Ball Lightning+1"],"picked":"SKIP","floor":48.0},{"not_picked":["PrismaMod:IllyaDetonatingBlow","PrismaMod:ChloeDiscardRecovery","Rebound"],"picked":"SKIP","floor":52.0},{"not_picked":["PrismaMod:ChloeMaid","PrismaMod:IllyaBerserCAR"],"picked":"PrismaMod:IllyaGrail","floor":53.0},{"not_picked":["PrismaMod:IllyaCarnivalOrbs","PrismaMod:ChloeCommonAOEAttack","PrismaMod:IllyaCommonEvoke"],"picked":"SKIP","floor":54.0},{"not_picked":["PrismaMod:ChloeCheapDefendTwo","PrismaMod:IllyaGun","PrismaMod:IllyaCheapChannelAttack"],"picked":"SKIP","floor":56.0},{"not_picked":["PrismaMod:ChloeCarnivalAttack","Seek"],"picked":"PrismaMod:ChloeCarnivalDefend","floor":57.0},{"not_picked":["Fission","PrismaMod:ChloeAnyUncommonTrace","PrismaMod:ChloeCarnivalAttack"],"picked":"SKIP","floor":59.0},{"not_picked":["PrismaMod:ChloeAnyAttackTrace","PrismaMod:ChloeUnlimitedBladeWorks","Core Surge"],"picked":"SKIP","floor":62.0},{"not_picked":["PrismaMod:ChloeAnyAttackTrace","PrismaMod:ChloeUnlimitedBladeWorks","Core Surge"],"picked":"SKIP","floor":62.0},{"not_picked":["PrismaMod:ChloeAnyAttackTrace","PrismaMod:ChloeUnlimitedBladeWorks"],"picked":"Core Surge","floor":62.0},{"not_picked":["Barrage+1","Hologram+1"],"picked":"PrismaMod:ChloeCaladbolg+1","floor":69.0},{"not_picked":["PrismaMod:IllyaPoisonTippedWeapons","PrismaMod:ChloeChristmas+1","PrismaMod:IllyaFriendMaker"],"picked":"SKIP","floor":71.0},{"not_picked":["PrismaMod:ChloeAnyPowerTrace+1","Amplify+1","PrismaMod:IllyaZwei+1"],"picked":"SKIP","floor":74.0},{"not_picked":["PrismaMod:IllyaCarnivalPrismaAstolfo+1","PrismaMod:IllyaZwei+1","PrismaMod:ChloeReshuffleDiscard+1"],"picked":"SKIP","floor":76.0},{"not_picked":["Meteor Strike","Hyperbeam","PrismaMod:ChloeHalloween+1"],"picked":"SKIP","floor":77.0},{"not_picked":["Tempest+1","PrismaMod:ChloeUncommonAOEAttack","PrismaMod:IllyaFeed"],"picked":"SKIP","floor":78.0},{"not_picked":["Reboot+1","Machine Learning+1"],"picked":"PrismaMod:ChloeCarnivalDefend+1","floor":81.0},{"not_picked":["Glacier+1","PrismaMod:IllyaStunPoison+1"],"picked":"PrismaMod:ChloeCheapAttack","floor":82.0},{"not_picked":["Barrage","PrismaMod:IllyaGrailKun+1","PrismaMod:ChloeRitsuka+1"],"picked":"SKIP","floor":86.0},{"not_picked":["PrismaMod:IllyaBoysLove+1","Rebound+1"],"picked":"PrismaMod:IllyaBride+1","floor":87.0},{"not_picked":["PrismaMod:ChloeMaid+1","Melter","PrismaMod:IllyaMinorRapidFire"],"picked":"SKIP","floor":89.0},{"not_picked":["PrismaMod:IllyaCheapChannelAttack+1","Stack+1","PrismaMod:IllyaCheapChannelDefend+1"],"picked":"SKIP","floor":91.0},{"not_picked":["PrismaMod:ChloeExhaustThree+1","PrismaMod:ChloeCarnivalAttack+1","Rainbow+1"],"picked":"SKIP","floor":93.0},{"not_picked":["Amplify+1","PrismaMod:ChloeUnlimitedBladeWorks+1"],"picked":"PrismaMod:ChloeCarnivalDefend+1","floor":94.0},{"not_picked":["Fission+1","Hyperbeam+1","PrismaMod:IllyaUberDefendChannel+1"],"picked":"SKIP","floor":96.0},{"not_picked":["PrismaMod:ChloeCarnivalAOEAttack+1","Fission+1","PrismaMod:ChloeReshuffleDiscard+1"],"picked":"SKIP","floor":98.0},{"not_picked":["Lockon+1","Turbo+1","PrismaMod:IllyaRubysPotion+1"],"picked":"SKIP","floor":99.0}],"player_experience":506986,"relics_obtained":[{"floor":3.0,"key":"War Paint"},{"floor":6.0,"key":"Mercury Hourglass"},{"floor":8.0,"key":"Art of War"},{"floor":9.0,"key":"Lizard Tail"},{"floor":10.0,"key":"Symbiotic Virus"},{"floor":11.0,"key":"Blue Candle"},{"floor":23.0,"key":"DemoMod:NanoMachines"},{"floor":25.0,"key":"DemoMod:ClearGuonStone"},{"floor":26.0,"key":"Nunchaku"},{"floor":27.0,"key":"Girya"},{"floor":39.0,"key":"DemoMod:BigBoy"},{"floor":41.0,"key":"Smiling Mask"},{"floor":43.0,"key":"Bronze Scales"},{"floor":43.0,"key":"Cables"},{"floor":44.0,"key":"Eternal Feather"},{"floor":47.0,"key":"FossilizedHelix"},{"floor":60.0,"key":"Lantern"},{"floor":60.0,"key":"DemoMod:PinkGuonStone"},{"floor":92.0,"key":"Ginger"}],"event_choices":[{"cards_removed":["Defend_B"],"damage_healed":0.0,"max_hp_gain":0.0,"max_hp_loss":0.0,"gold_gain":0.0,"event_name":"Beggar","player_choice":"Gave Gold","floor":30.0,"gold_loss":75.0,"damage_taken":0.0},{"damage_healed":0.0,"max_hp_gain":0.0,"max_hp_loss":0.0,"gold_gain":0.0,"event_name":"Upgrade Shrine","player_choice":"Upgraded","floor":36.0,"gold_loss":0.0,"damage_taken":0.0,"cards_upgraded":["Zap"]},{"cards_removed":["Strike_B"],"damage_healed":0.0,"max_hp_gain":0.0,"max_hp_loss":0.0,"gold_gain":0.0,"event_name":"The Cleric","player_choice":"Card Removal","floor":55.0,"gold_loss":50.0,"damage_taken":0.0},{"cards_removed":["Strike_B"],"damage_healed":0.0,"max_hp_gain":0.0,"max_hp_loss":0.0,"gold_gain":0.0,"event_name":"Living Wall","player_choice":"Forget","floor":63.0,"gold_loss":0.0,"damage_taken":0.0},{"damage_healed":0.0,"max_hp_gain":5.0,"max_hp_loss":0.0,"gold_gain":0.0,"event_name":"Forgotten Altar","player_choice":"Shed Blood","floor":70.0,"gold_loss":0.0,"damage_taken":26.0},{"damage_healed":0.0,"max_hp_gain":0.0,"max_hp_loss":0.0,"gold_gain":0.0,"event_name":"Vampires","player_choice":"Ignored","floor":72.0,"gold_loss":0.0,"damage_taken":0.0},{"damage_healed":0.0,"max_hp_gain":0.0,"max_hp_loss":5.0,"gold_gain":0.0,"event_name":"Winding Halls","player_choice":"Max HP","floor":88.0,"gold_loss":0.0,"damage_taken":0.0},{"damage_healed":0.0,"max_hp_gain":0.0,"max_hp_loss":0.0,"gold_gain":0.0,"event_name":"MindBloom","player_choice":"Fight","floor":92.0,"gold_loss":0.0,"damage_taken":0.0}],"is_beta":false,"boss_relics":[{"not_picked":["Runic Pyramid","Pandora\u0027s Box"],"picked":"DemoMod:WaxWing"},{"not_picked":["Fusion Hammer","Astrolabe"],"picked":"DemoMod:RiddleOfLead"},{"not_picked":["Velvet Choker","FrozenCore"],"picked":"SlaversCollar"},{"not_picked":["Coffee Dripper","Pandora\u0027s Box"],"picked":"Inserter"},{"not_picked":["Calling Bell","Snecko Eye"],"picked":"Fusion Hammer"},{"not_picked":["Astrolabe","Tiny House"],"picked":"SacredBark"}],"items_purged_floors":[38,38,64,64,80,90],"is_endless":true,"potions_floor_spawned":[2,6,8,11,14,20,23,27,28,29,35,37,47,52,54,77,78,81,84,92,93,94,98,99,101],"killed_by":"Cultist","ascension_level":9}}