{"host":"flm17o2q7bfjyna6","time":1613747175,"event":{"mods":["2.2 Compatiblity","Act Like it!","BaseMod","Better Altar","Better Match","Better Note","Better Sensory Stone","Better Skull","Better Third Choice","Better Vampires","Colored Map","Colored Powertips","DeckTracker","Downfall","Fox Events","Minty Spire (QoL Compilation)","Quick Restart","Replay The Spire","Reworked Bosses","Spicy Shops","StSLib","TheSwordswoman","Wandering Minibosses"],"gold_per_floor":[99,118,118,134,67,82,82,142,142,417,433,433,466,477,492,492,492,492],"floor_reached":16,"language":"ENG","playtime":991,"items_purged":[],"score":92,"play_id":"8379799a-7960-4b05-b4be-21ac7c40eee5","local_time":"20210219100615","is_ascension_mode":false,"campfire_choices":[{"data":"champ:Taunt","floor":1,"key":"SMITH"},{"data":"champ:SkillfulDodge","floor":12,"key":"SMITH"}],"circlet_count":0,"master_deck":["champ:Strike","champ:Strike","champ:Strike","champ:Defend","champ:Defend","champ:Defend","champ:Defend","champ:Execute","champ:Taunt+1","champ:BerserkersShout","champ:SkillfulDodge+1","champ:TornadoPunch","champ:StanceDance","champ:Haymaker","champ:Encircle","champ:CrookedStrike+1","Parasite","Regret","champ:FlashCut+1","champ:ShieldWall","champ:DeathBlow+1"],"relics":["champ:ChampionCrown","Replay:WaspNest","Molten Egg 2","foxEvents:LuckyCharm"],"acts_visited":["Exordium"],"potions_floor_usage":[8,16],"damage_taken":[{"damage":25,"enemies":"Cultist","floor":2,"turns":7},{"damage":18,"enemies":"2 Louse","floor":4,"turns":4},{"damage":41,"enemies":"downfall:FleeingMerchant","floor":5,"turns":4},{"damage":5,"enemies":"Small Slimes","floor":6,"turns":2},{"damage":72,"enemies":"Lagavulin Event","floor":8,"turns":7},{"damage":3,"enemies":"3 Louse","floor":11,"turns":2},{"damage":44,"enemies":"Colosseum Slavers","floor":13,"turns":3},{"damage":10,"enemies":"Red Slaver","floor":14,"turns":5},{"damage":0,"enemies":"Blue Slaver","floor":15,"turns":3},{"damage":65,"enemies":"DF_ARCHETYPE_STREAMLINE","floor":16,"turns":6}],"seed_played":"-7126421377355371087","potions_obtained":[{"floor":2,"key":"Regen Potion"},{"floor":6,"key":"SkillPotion"},{"floor":13,"key":"champ:CounterPotion"},{"floor":14,"key":"champ:OpenerPotion"}],"is_trial":false,"path_per_floor":["R","M","?","M","$","M","T","?","?","?","M","R","?","M","M","B"],"character_chosen":"THE_CHAMP","items_purchased":["champ:Haymaker"],"campfire_rested":0,"item_purchase_floors":[5],"current_hp_per_floor":[99,94,94,91,85,85,85,43,67,67,64,64,35,30,30,0,0,0],"gold":492,"neow_bonus":"TEN_PERCENT_HP_BONUS","is_daily":false,"chose_seed":false,"campfire_upgraded":2,"win_rate":0.0,"timestamp":1613747175,"path_taken":["R","M","?","M","$","?","T","?","?","?","?","R","?","M","M","BOSS"],"items_purchased_type":["Card"],"build_version":"2020-12-22","purchased_purges":0,"victory":false,"max_hp_per_floor":[99,99,99,99,99,99,99,99,99,99,99,99,99,99,99,99,99,99],"card_choices":[{"not_picked":["champ:Shatter","champ:CrownThrow"],"picked":"champ:BerserkersShout","floor":2},{"not_picked":["champ:DefensiveShout","champ:RecklessLeap"],"picked":"champ:TornadoPunch","floor":4},{"not_picked":["champ:ShieldSlam","champ:GutPunch"],"picked":"champ:StanceDance","floor":5},{"not_picked":["champ:DeathBlow","champ:Shatter"],"picked":"champ:Encircle","floor":6},{"not_picked":["champ:RisingSlash+1","champ:BladeFlurry+1"],"picked":"champ:CrookedStrike+1","floor":8},{"not_picked":["champ:ShieldSlam","champ:EnragedBash+1"],"picked":"champ:FlashCut+1","floor":11},{"not_picked":["champ:DancingMaster","champ:AdrenalArmor"],"picked":"champ:ShieldWall","floor":14},{"not_picked":["champ:RapidStrikes+1","champ:CrookedStrike+1"],"picked":"champ:DeathBlow+1","floor":15}],"player_experience":1952675,"relics_obtained":[{"floor":7,"key":"Replay:WaspNest"},{"floor":8,"key":"Molten Egg 2"},{"floor":13,"key":"foxEvents:LuckyCharm"}],"event_choices":[{"damage_healed":24,"gold_gain":0,"player_choice":"Healed and dodged fight","damage_taken":0,"max_hp_gain":0,"max_hp_loss":0,"event_name":"Mushrooms","floor":9,"gold_loss":0,"cards_obtained":["Parasite"]}],"is_beta":false,"boss_relics":[],"items_purged_floors":[],"is_endless":false,"potions_floor_spawned":[2,6,13,14],"killed_by":"DF_ARCHETYPE_STREAMLINE","ascension_level":0}}