{"host":"fbdlh90rovbiajun","time":1613764782,"event":{"mods":["AchievementEnabler","BaseMod","Colored Map","Keyboard Shortcuts","Minty Spire (QoL Compilation)","SuperFastMode"],"gold_per_floor":[116,134,150,51,51,51,51,51,51,51,51,51,64,92,92,189,189,203,219,219,219,238,238,238,238,283,147,162,195,221,96,96,192,192,208,226,226,226],"floor_reached":37,"language":"KOR","playtime":1128,"items_purged":["Defend_P","Defend_P","Meditate"],"score":558,"play_id":"b7bd2cf0-e5eb-43e0-9b36-5673a336e8c3","local_time":"20210220045942","is_ascension_mode":true,"campfire_choices":[{"data":"Eruption","floor":6,"key":"SMITH"},{"data":"ReachHeaven","floor":8,"key":"SMITH"},{"data":"MentalFortress","floor":10,"key":"SMITH"},{"data":"Halt","floor":12,"key":"SMITH"},{"data":"Vigilance","floor":15,"key":"SMITH"},{"data":"Adaptation","floor":23,"key":"SMITH"},{"floor":25,"key":"REST"},{"floor":32,"key":"REST"}],"circlet_count":0,"master_deck":["Strike_P","Strike_P","Defend_P+1","Eruption+1","Vigilance+1","ReachHeaven+1","MentalFortress+1","Halt+1","Adaptation+1","Brilliance","Adaptation","FearNoEvil","Vault","CurseOfTheBell"],"relics":["PureWater","NeowsBlessing","Juzu Bracelet","Kunai","Damaru","Empty Cage","Regal Pillow","Red Mask","Akabeko","Calling Bell","MealTicket","Yang","Incense Burner"],"acts_visited":["Exordium","TheCity","TheBeyond"],"potions_floor_usage":[18,29,30,30,30,33],"damage_taken":[{"damage":0,"enemies":"2 Louse","floor":1,"turns":1},{"damage":0,"enemies":"Small Slimes","floor":2,"turns":1},{"damage":0,"enemies":"Jaw Worm","floor":3,"turns":1},{"damage":0,"enemies":"Red Slaver","floor":13,"turns":2},{"damage":2,"enemies":"3 Sentries","floor":14,"turns":4},{"damage":0,"enemies":"Slime Boss","floor":16,"turns":4},{"damage":36,"enemies":"2 Thieves","floor":18,"turns":4},{"damage":24,"enemies":"Shell Parasite","floor":19,"turns":3},{"damage":7,"enemies":"Snake Plant","floor":22,"turns":4},{"damage":0,"enemies":"Snecko","floor":28,"turns":4},{"damage":18,"enemies":"Masked Bandits","floor":29,"turns":5},{"damage":29,"enemies":"Slavers","floor":30,"turns":6},{"damage":0,"enemies":"Collector","floor":33,"turns":7},{"damage":13,"enemies":"3 Shapes","floor":35,"turns":3},{"damage":8,"enemies":"Orb Walker","floor":36,"turns":4},{"damage":51,"enemies":"Writhing Mass","floor":37,"turns":3}],"seed_played":"-7430300035976265893","potions_obtained":[{"floor":1,"key":"Explosive Potion"},{"floor":3,"key":"Block Potion"},{"floor":14,"key":"Swift Potion"},{"floor":28,"key":"Regen Potion"},{"floor":29,"key":"Regen Potion"},{"floor":30,"key":"Explosive Potion"},{"floor":33,"key":"SneckoOil"}],"is_trial":false,"path_per_floor":["M","M","M","$","?","R","$","R","T","R","?","R","M","E","R","B",null,"M","M","?","?","M","R","?","R","T","$","M","?","E","$","R","B",null,"M","M","M"],"character_chosen":"WATCHER","items_purchased":["Halt","Adaptation"],"campfire_rested":2,"item_purchase_floors":[4,27],"current_hp_per_floor":[72,72,72,72,72,72,72,72,72,72,65,65,65,63,63,63,72,36,12,12,12,5,5,5,26,26,26,26,8,19,19,55,55,72,59,51,0,0],"gold":226,"neow_bonus":"THREE_ENEMY_KILL","is_daily":false,"chose_seed":false,"campfire_upgraded":6,"win_rate":0.0,"timestamp":1613764782,"path_taken":["M","M","M","$","?","R","$","R","T","R","?","R","M","E","R","BOSS","M","M","?","?","M","R","?","R","T","?","M","?","E","$","R","BOSS","M","M","M"],"items_purchased_type":["Card","Card"],"build_version":"2020-12-22","purchased_purges":3,"victory":false,"max_hp_per_floor":[72,72,72,72,72,72,72,72,72,72,72,72,72,72,72,72,72,72,72,72,72,72,72,72,72,72,72,72,72,72,72,72,72,72,72,72,72,72],"card_choices":[{"not_picked":["ForeignInfluence","Prostrate","PathToVictory"],"picked":"SKIP","floor":1},{"not_picked":["FollowUp","Meditate"],"picked":"ReachHeaven","floor":2},{"not_picked":["Nirvana","ClearTheMind"],"picked":"MentalFortress","floor":3},{"not_picked":["PathToVictory","Protect","ThirdEye"],"picked":"SKIP","floor":13},{"not_picked":["MentalFortress","SignatureMove","Devotion"],"picked":"SKIP","floor":14},{"not_picked":["SashWhip","PathToVictory","ThirdEye"],"picked":"SKIP","floor":18},{"not_picked":["EmptyFist","PathToVictory+1","ClearTheMind"],"picked":"SKIP","floor":19},{"not_picked":["DeceiveReality+1","Conclude","Tantrum"],"picked":"SKIP","floor":22},{"not_picked":["Study","ThirdEye"],"picked":"Meditate","floor":28},{"not_picked":["WreathOfFlame","Consecrate"],"picked":"FearNoEvil","floor":29},{"not_picked":["Wireheading","Evaluate+1","SignatureMove"],"picked":"SKIP","floor":30},{"not_picked":["DeusExMachina","LessonLearned"],"picked":"Vault","floor":33},{"not_picked":["EmptyBody+1","JustLucky+1","Wireheading"],"picked":"SKIP","floor":35},{"not_picked":["FearNoEvil","LikeWater+1","FlurryOfBlows"],"picked":"SKIP","floor":36}],"player_experience":101582,"relics_obtained":[{"floor":9,"key":"Kunai"},{"floor":14,"key":"Damaru"},{"floor":26,"key":"Regal Pillow"},{"floor":29,"key":"Red Mask"},{"floor":30,"key":"Akabeko"},{"floor":34,"key":"MealTicket"},{"floor":34,"key":"Yang"},{"floor":34,"key":"Incense Burner"}],"event_choices":[{"damage_healed":0,"gold_gain":0,"player_choice":"Box","damage_taken":0,"relics_obtained":["Juzu Bracelet"],"max_hp_gain":0,"max_hp_loss":0,"event_name":"Big Fish","floor":5,"gold_loss":0,"cards_obtained":["Regret"]},{"cards_removed":["Regret"],"damage_healed":0,"gold_gain":0,"player_choice":"Card Removal","damage_taken":7,"max_hp_gain":0,"max_hp_loss":0,"event_name":"Golden Wing","floor":11,"gold_loss":0},{"damage_healed":0,"gold_gain":0,"player_choice":"Forge","damage_taken":0,"max_hp_gain":0,"max_hp_loss":0,"event_name":"Accursed Blacksmith","floor":20,"gold_loss":0,"cards_upgraded":["Defend_P"]},{"damage_healed":0,"gold_gain":0,"player_choice":"Read","damage_taken":0,"max_hp_gain":0,"max_hp_loss":0,"event_name":"The Library","floor":21,"gold_loss":0,"cards_obtained":["Adaptation"]},{"damage_healed":0,"gold_gain":0,"cards_transformed":["Strike_P"],"player_choice":"Transformed","damage_taken":0,"max_hp_gain":0,"max_hp_loss":0,"event_name":"Transmorgrifier","floor":24,"gold_loss":0,"cards_obtained":["Brilliance"]},{"damage_healed":0,"gold_gain":0,"player_choice":"Fought Bandits","damage_taken":0,"max_hp_gain":0,"max_hp_loss":0,"event_name":"Masked Bandits","floor":29,"gold_loss":0}],"is_beta":false,"boss_relics":[{"not_picked":["Fusion Hammer","Coffee Dripper"],"picked":"Empty Cage"},{"not_picked":["Philosopher\u0027s Stone","SacredBark"],"picked":"Calling Bell"}],"items_purged_floors":[4,27,31],"is_endless":false,"potions_floor_spawned":[1,3,14,28,29,30,33],"killed_by":"Writhing Mass","ascension_level":3}}