{"host":"v0n6ky7dmveherv3","time":1613772043,"event":{"mods":["BaseMod","Better Third Choice","Downfall","Minty Spire (QoL Compilation)","StSLib"],"gold_per_floor":[99,113,123,143,143,160,160,177,77,91,91,121,121,133,150,255,255,255,270,288,304,317,317,317,331,358,370,370,390,6,19,32,135,135,135,152,165,165,165,218,244,261,292,307,317,351,251,285,300,300],"floor_reached":51,"language":"ENG","playtime":4121,"items_purged":["downfall:Bewildered"],"score":921,"play_id":"5b01d56c-cb28-48ac-a122-6a7ef29f8035","local_time":"20210219150043","is_ascension_mode":false,"campfire_choices":[{"floor":1.0,"key":"RECALL"},{"floor":9.0,"key":"REST"},{"data":"hexamod:GiftsFromTheDead","floor":13.0,"key":"SMITH"},{"data":"hexamod:ParanormalForm","floor":18,"key":"SMITH"},{"floor":23,"key":"REST"},{"data":"hexamod:HexaLevel","floor":35,"key":"SMITH"},{"floor":47,"key":"REST"}],"circlet_count":0,"master_deck":["hexamod:Strike+1","hexamod:Strike+1","hexamod:Defend+1","hexamod:Defend+1","hexamod:Defend+1","hexamod:Sear+1","hexamod:Float+1","hexamod:SixthSeal","hexamod:ThermalTransfer+1","hexamod:Again+1","hexamod:ShieldOfDarkness+1","hexamod:GiftsFromTheDead+1","hexamod:ParanormalForm+1","hexamod:RecurringNightmare+1","hexamod:Haunt+1","hexamod:RecurringNightmare+1","hexamod:ParanormalForm+1","hexamod:NightmareGuise+1","hexamod:UnlimitedPower+1","hexamod:Hexaguard+1","hexamod:FlamesFromBeyond+1","hexamod:FlamesFromBeyond+1","hexamod:FlamesFromBeyond+1","hexamod:UnleashSpirits+1","hexamod:EtherealExpedition+1","hexamod:Hexaguard+1","hexamod:RecurringNightmare+1","hexamod:HexaLevel+1","hexamod:SpectersWail+1","expansioncontent:AwakenDeath+1","hexamod:EmpoweredFlame+1","Parasite","hexamod:GhostflameBarrier+1","hexamod:RecurringNightmare+1","hexamod:ParanormalForm+1"],"relics":["hexamod:SpiritBrand","hexamod:MatchstickCase","downfall:HeartBlessingRed","Darkstone Periapt","Runic Dome","Art of War","Mummified Hand","Happy Flower","Centennial Puzzle","hexamod:IceCube","TungstenRod","War Paint","PreservedInsect","InkBottle","downfall:HeartBlessingGreen","Bronze Scales"],"acts_visited":["Exordium","TheCity","TheBeyond"],"potions_floor_usage":[16,33,33,43],"damage_taken":[{"damage":10.0,"enemies":"2 Louse","floor":2.0,"turns":4.0},{"damage":1.0,"enemies":"Cultist","floor":3.0,"turns":4.0},{"damage":10.0,"enemies":"Small Slimes","floor":4.0,"turns":4.0},{"damage":17.0,"enemies":"Gremlin Gang","floor":6.0,"turns":7.0},{"damage":13.0,"enemies":"Lots of Slimes","floor":8.0,"turns":6.0},{"damage":3.0,"enemies":"Large Slime","floor":10.0,"turns":6.0},{"damage":6.0,"enemies":"3 Sentries","floor":12.0,"turns":9.0},{"damage":2.0,"enemies":"downfall:LooterAlt","floor":14.0,"turns":4.0},{"damage":1.0,"enemies":"2 Fungi Beasts","floor":15.0,"turns":3.0},{"damage":9,"enemies":"WA_ARCHETYPE_RETAIN","floor":16,"turns":3},{"damage":10,"enemies":"Spheric Guardian","floor":19,"turns":6},{"damage":0,"enemies":"Chosen","floor":20,"turns":3},{"damage":8,"enemies":"3 Cultists","floor":21,"turns":5},{"damage":8,"enemies":"Snecko","floor":22,"turns":4},{"damage":5,"enemies":"Cultist and Chosen","floor":25,"turns":3},{"damage":15,"enemies":"Slavers","floor":26,"turns":4},{"damage":0,"enemies":"Snake Plant","floor":27,"turns":3},{"damage":0,"enemies":"Chosen and Byrds","floor":29,"turns":3},{"damage":0,"enemies":"downfall:FleeingMerchant","floor":30,"turns":4},{"damage":0,"enemies":"Snecko","floor":31,"turns":3},{"damage":0,"enemies":"Sentry and Sphere","floor":32,"turns":3},{"damage":7,"enemies":"DF_ARCHETYPE_CLAW","floor":33,"turns":6},{"damage":2,"enemies":"3 Shapes","floor":36,"turns":3},{"damage":0,"enemies":"Orb Walker","floor":37,"turns":4},{"damage":26,"enemies":"2 Orb Walkers","floor":40,"turns":4},{"damage":1,"enemies":"Maw","floor":42,"turns":4},{"damage":18,"enemies":"Nemesis","floor":43,"turns":5},{"damage":0,"enemies":"4 Shapes","floor":44,"turns":3},{"damage":0,"enemies":"Writhing Mass","floor":45,"turns":4},{"damage":0,"enemies":"Giant Head","floor":46,"turns":7},{"damage":0,"enemies":"Reptomancer","floor":48,"turns":1},{"damage":0,"enemies":"3 Darklings","floor":49,"turns":2},{"damage":0,"enemies":"SI_POISON_ARCHETYPE","floor":50,"turns":4}],"seed_played":"1072324981153259347","potions_obtained":[{"floor":4.0,"key":"champ:CounterPotion"},{"floor":10.0,"key":"Block Potion"},{"floor":12.0,"key":"ColorlessPotion"},{"floor":20,"key":"bronze:BurnAndBuffPotion"},{"floor":22,"key":"hexamod:DoubleChargePotion"},{"floor":25,"key":"Weak Potion"},{"floor":27,"key":"DistilledChaos"},{"floor":33,"key":"SkillPotion"},{"floor":43,"key":"sneckomod:MuddlingPotion"},{"floor":44,"key":"hexamod:DoubleChargePotion"},{"floor":45,"key":"hexamod:EctoCoolerPotion"}],"is_trial":false,"path_per_floor":["R","M","M","M","?","M","T","M","R","M","?","E","R","M","M","B",null,"R","M","M","M","M","R","T","M","E","M","?","M","$","M","M","B",null,"R","M","M","?","?","?","T","M","E","M","M","E","R","E","M","B",null],"character_chosen":"THE_SPIRIT","items_purchased":["Happy Flower","Centennial Puzzle"],"campfire_rested":3,"item_purchase_floors":[30,30],"current_hp_per_floor":[63,53,52,42,42,25,25,12,30,27,27,21,21,19,18,9,63,63,53,53,45,37,55,55,50,35,35,35,35,35,35,35,28,63,63,61,61,61,61,35,35,34,16,16,22,22,42,42,42,42],"gold":300,"neow_bonus":"THREE_RARE_CARDS","is_daily":false,"chose_seed":false,"campfire_upgraded":3,"win_rate":0.0,"timestamp":1613772043,"path_taken":["R","M","M","M","?","M","T","?","R","M","?","E","R","?","M","BOSS","R","M","M","M","M","R","T","?","E","M","?","M","$","M","M","BOSS","R","?","M","?","?","?","T","M","E","M","M","E","R","E","M","BOSS"],"items_purchased_type":["Relic","Relic"],"build_version":"2020-12-22","purchased_purges":1,"victory":true,"max_hp_per_floor":[63,63,63,63,63,63,63,63,63,63,63,63,63,63,63,63,63,63,63,63,63,63,63,63,63,63,63,63,63,63,63,63,63,63,63,63,63,63,63,63,63,63,63,63,69,69,69,69,69,69],"card_choices":[{"not_picked":["hexamod:TimeOfNeed","hexamod:WildfireWeapon"],"picked":"hexamod:SixthSeal","floor":0.0},{"not_picked":["hexamod:HauntingEcho","hexamod:PhantomCloak"],"picked":"hexamod:ThermalTransfer","floor":2.0},{"not_picked":["hexamod:FourthSeal","hexamod:StepThrough"],"picked":"hexamod:Again","floor":3.0},{"not_picked":["hexamod:BurningTouch","hexamod:SwordOfDarkness","hexamod:FlamesFromBeyond"],"picked":"SKIP","floor":4.0},{"not_picked":["hexamod:NecessarySacrifice","hexamod:GhostOfSpireFuture"],"picked":"hexamod:RecurringNightmare","floor":6.0},{"not_picked":["hexamod:HauntingEcho","hexamod:Incineration"],"picked":"hexamod:Haunt","floor":8.0},{"not_picked":["hexamod:SpectersWail","hexamod:NightmareGuise"],"picked":"hexamod:RecurringNightmare","floor":10.0},{"not_picked":["hexamod:Incineration","hexamod:BurningTouch"],"picked":"hexamod:ParanormalForm","floor":12.0},{"not_picked":["hexamod:SwordOfDarkness","hexamod:HauntingEcho","hexamod:InspiringFlames"],"picked":"SKIP","floor":14.0},{"not_picked":["hexamod:RadiantFlame","hexamod:FourthSeal"],"picked":"hexamod:NightmareGuise","floor":15.0},{"not_picked":["hexamod:SearingWound","hexamod:TimeWarp"],"picked":"hexamod:UnlimitedPower","floor":16},{"not_picked":["hexamod:FastForward+1","hexamod:Firestarter"],"picked":"hexamod:Hexaguard+1","floor":19},{"not_picked":["hexamod:BacktrackSmack","hexamod:RecurringNightmare"],"picked":"hexamod:FlamesFromBeyond+1","floor":20},{"not_picked":["hexamod:SwordOfDarkness","hexamod:Hexaguard"],"picked":"hexamod:FlamesFromBeyond","floor":21},{"not_picked":["hexamod:RetreatToShadows","hexamod:FlamesFromBeyond","hexamod:BurningTouch"],"picked":"SKIP","floor":22},{"not_picked":["hexamod:RetreatToShadows","hexamod:BurningTouch"],"picked":"hexamod:FlamesFromBeyond","floor":22},{"not_picked":["hexamod:Hexaguard","hexamod:PhantomCloak","hexamod:GhostShield"],"picked":"SKIP","floor":25},{"not_picked":["hexamod:NightmareStrike","hexamod:GhostOfSpireFuture","hexamod:InspiringFlames"],"picked":"SKIP","floor":26},{"not_picked":["hexamod:Firestarter+1","hexamod:SpectralAdrenaline"],"picked":"hexamod:UnleashSpirits","floor":27},{"not_picked":["hexamod:HeatCrush+1","hexamod:FirstSeal"],"picked":"hexamod:EtherealExpedition","floor":29},{"not_picked":["hexamod:InspiringFlames","hexamod:AdvancingGuard"],"picked":"hexamod:Hexaguard+1","floor":30},{"not_picked":["hexamod:ChargedBarrage","hexamod:FastForward+1","hexamod:GhostLash+1"],"picked":"SKIP","floor":31},{"not_picked":["hexamod:ThermalTransfer","hexamod:SpectersWail"],"picked":"hexamod:RecurringNightmare+1","floor":32},{"not_picked":["hexamod:SixthSeal","hexamod:FifthSeal"],"picked":"hexamod:HexaLevel","floor":33},{"not_picked":["hexamod:NightmareStrike","hexamod:GhostLash","hexamod:ThermalTransfer+1"],"picked":"SKIP","floor":36},{"not_picked":["hexamod:CatchUp+1","hexamod:GhostShield"],"picked":"hexamod:SpectersWail","floor":37},{"not_picked":["expansioncontent:GuardianWhirl","expansioncontent:HyperBeam"],"picked":"expansioncontent:AwakenDeath","floor":39},{"not_picked":["hexamod:AdvancingGuard","hexamod:InspiringFlames"],"picked":"hexamod:EmpoweredFlame","floor":40},{"not_picked":["hexamod:FastForward","hexamod:CatchUp","hexamod:SkipABeat"],"picked":"SKIP","floor":42},{"not_picked":["hexamod:InspiringFlames","hexamod:PowerFromBeyond","hexamod:GhostShield+1"],"picked":"SKIP","floor":43},{"not_picked":["hexamod:SkipABeat","hexamod:SecondSeal","hexamod:AdvancingGuard+1"],"picked":"SKIP","floor":44},{"not_picked":["hexamod:BurningTouch","hexamod:ThirdSeal"],"picked":"hexamod:GhostflameBarrier+1","floor":45},{"not_picked":["hexamod:Firestarter","hexamod:FastForward+1"],"picked":"hexamod:RecurringNightmare+1","floor":46},{"not_picked":["hexamod:PhantomCloak","hexamod:GhostShield"],"picked":"hexamod:ParanormalForm","floor":48},{"not_picked":["hexamod:ThirdSeal","hexamod:AdvancingGuard+1","hexamod:SpectersWail"],"picked":"SKIP","floor":49}],"player_experience":143618,"relics_obtained":[{"floor":7.0,"key":"hexamod:MatchstickCase"},{"floor":12.0,"key":"Darkstone Periapt"},{"floor":24,"key":"Art of War"},{"floor":26,"key":"Mummified Hand"},{"floor":40,"key":"TungstenRod"},{"floor":41,"key":"War Paint"},{"floor":43,"key":"PreservedInsect"},{"floor":46,"key":"InkBottle"},{"floor":48,"key":"Bronze Scales"}],"event_choices":[{"damage_healed":0.0,"max_hp_gain":0.0,"max_hp_loss":0.0,"gold_gain":0.0,"event_name":"Accursed Blacksmith","player_choice":"Forge","floor":11.0,"gold_loss":0.0,"damage_taken":0.0,"cards_upgraded":["hexamod:RecurringNightmare"]},{"damage_healed":0,"gold_gain":0,"player_choice":"Leave","damage_taken":0,"max_hp_gain":0,"max_hp_loss":0,"event_name":"FaceTrader","floor":28,"gold_loss":0},{"damage_healed":0,"gold_gain":0,"player_choice":"Fight","damage_taken":0,"max_hp_gain":0,"max_hp_loss":0,"event_name":"Mysterious Sphere","floor":40,"gold_loss":0}],"is_beta":false,"boss_relics":[{"not_picked":["Empty Cage","Tiny House"],"picked":"Runic Dome"},{"not_picked":["Pandora\u0027s Box","expansioncontent:StudyCardRelic"],"picked":"hexamod:IceCube"}],"items_purged_floors":[30],"is_endless":false,"potions_floor_spawned":[4,10,12,20,22,25,27,33,43,44,45,48],"ascension_level":0}}