{"host":"lvglfvqy3xrupc2a","time":1613707041,"event":{"mods":["Act Like it!","Aspiration","BaseMod","Better Altar","Better Match","Better Note","Better Sensory Stone","Better Skull","Better Third Choice","BetterRewards","Conspire","Friendly Minions","Gensokyo","Grow up Mod","Hubris","HumanHunterMod(????mod)","Humility","Infinite Spire","Lobotomy","LobotomyExtend","Mimic Mod","Minty Spire (QoL Compilation)","MostiFishMod","Remove Card Discount Mod","Replay The Spire","Reworked Bosses","Ruina","Spicy Shops","StSLib","The Blackbeard","The Blue Laboratory","Uncapped","[IsaacMod]????"],"gold_per_floor":[118,133,133,133,133,133,133,133],"floor_reached":6,"language":"ENG","playtime":219,"items_purged":[],"score":94,"play_id":"afe85c4a-8bd3-4dce-94fc-62b99373a03c","local_time":"20210218215721","is_ascension_mode":true,"campfire_choices":[],"circlet_count":0,"master_deck":["blackbeard:BlackbeardStrike","blackbeard:BlackbeardStrike","blackbeard:BlackbeardStrike","blackbeard:BlackbeardStrike","blackbeard:IntimidatingStrike+1","blackbeard:BlackbeardDefend","blackbeard:BlackbeardDefend","blackbeard:BlackbeardDefend","blackbeard:BlackbeardDefend","blackbeard:Cutlass+1","ShyLook","blackbeard:WiseDefense","CherryBlossoms","blackbeard:Spear","blackbeard:Rum"],"relics":["blackbeard:LoadTheCannons","HushsDoor","DaveBox","CogitoBucket","RabbitCall","DeathBook","Technique","SynthV:TestCard","LetterFromLob"],"acts_visited":["Exordium"],"potions_floor_usage":[],"damage_taken":[{"damage":0,"enemies":"Small Slimes","floor":1,"turns":2},{"damage":12,"enemies":"2 Louse","floor":2,"turns":7},{"damage":8,"enemies":"3 Sentries","floor":6,"turns":2}],"seed_played":"7014419914325405053","potions_obtained":[],"is_trial":false,"path_per_floor":["M","M","?","?","?","E"],"character_chosen":"BLACKBEARD_CLASS","items_purchased":[],"campfire_rested":0,"item_purchase_floors":[],"current_hp_per_floor":[88,86,96,106,116,108,108,108],"gold":133,"neow_bonus":"","is_daily":false,"chose_seed":false,"campfire_upgraded":0,"win_rate":0.0,"timestamp":1613707041,"path_taken":["M","M","?","?","?","E"],"items_purchased_type":[],"build_version":"2020-12-22","purchased_purges":0,"victory":false,"max_hp_per_floor":[95,105,115,125,135,135,135,135],"card_choices":[{"not_picked":["VoidDream","Murderer","Woodsman"],"picked":"Singing Bowl","floor":1},{"not_picked":["VoidDream","LittlePrince"],"picked":"ShyLook","floor":1},{"not_picked":["blackbeard:Revenge","blackbeard:CannonballSupply"],"picked":"blackbeard:WiseDefense","floor":1},{"not_picked":["Wellcheers","Porccubus","Variant"],"picked":"Singing Bowl","floor":2},{"not_picked":["MeatLantern","BlackSwan"],"picked":"CherryBlossoms","floor":2},{"not_picked":["Bomb","blackbeard:Dagger","blackbeard:RemoveScurvy","blackbeard:TacticalRetreat"],"picked":"blackbeard:Spear","floor":2}],"player_experience":1129614,"relics_obtained":[{"floor":1,"key":"SynthV:TestCard"},{"floor":1,"key":"LetterFromLob"}],"event_choices":[{"damage_healed":0,"gold_gain":0,"player_choice":"Leave","damage_taken":0,"max_hp_gain":0,"max_hp_loss":0,"event_name":"The Cleric","floor":3,"gold_loss":0}],"is_beta":false,"boss_relics":[],"items_purged_floors":[],"is_endless":false,"potions_floor_spawned":[],"killed_by":"3 Sentries","ascension_level":6,"is_humility":true}}