{"host":"t4313i2190y6fz3q","time":1613699174,"event":{"mods":["2.2 Compatiblity","AchievementEnabler","Act Like it!","BaseMod","Colored Powertips","Minty Spire (QoL Compilation)","Permanent Neow","Quick Restart","Rare Cards Sparkle","StSLib"],"gold_per_floor":[116,135,155,0,15,15,15,15],"floor_reached":7,"language":"ENG","playtime":290,"items_purged":["Dualcast"],"score":82,"play_id":"db6bc7f2-9ae3-4cc8-ab1f-4b023309cab7","local_time":"20210218174614","is_ascension_mode":true,"campfire_choices":[{"data":"Hologram","floor":6,"key":"SMITH"}],"circlet_count":0,"master_deck":["AscendersBane","Strike_B","Strike_B","Strike_B","Strike_B","Defend_B","Defend_B","Defend_B","Defend_B","Zap","CurseOfTheBell","Hologram+1","Conserve Battery","Gash","FTL"],"relics":["Calling Bell","Boot","Kunai","FossilizedHelix"],"acts_visited":["Exordium"],"potions_floor_usage":[7,7],"damage_taken":[{"damage":4.0,"enemies":"Cultist","floor":1.0,"turns":5.0},{"damage":14.0,"enemies":"Jaw Worm","floor":2.0,"turns":5.0},{"damage":15.0,"enemies":"Small Slimes","floor":3.0,"turns":5.0},{"damage":0,"enemies":"Looter","floor":5,"turns":4},{"damage":13,"enemies":"3 Sentries","floor":7,"turns":4}],"seed_played":"-135104537123218954","potions_obtained":[{"floor":2.0,"key":"Energy Potion"},{"floor":3.0,"key":"DistilledChaos"},{"floor":5,"key":"Regen Potion"}],"is_trial":false,"path_per_floor":["M","M","M","$","M","R","E"],"character_chosen":"DEFECT","items_purchased":["FTL"],"campfire_rested":0,"item_purchase_floors":[4],"current_hp_per_floor":[60,46,31,31,31,31,30,30],"gold":15,"neow_bonus":"BOSS_RELIC","is_daily":false,"chose_seed":false,"campfire_upgraded":1,"win_rate":0.0,"timestamp":1613699174,"path_taken":["M","M","?","$","M","R","E"],"items_purchased_type":["Card"],"build_version":"2020-12-22","purchased_purges":1,"victory":false,"max_hp_per_floor":[71,71,71,71,71,71,71,71],"card_choices":[{"not_picked":["Chill","Lockon"],"picked":"Hologram","floor":1.0},{"not_picked":["Double Energy","Coolheaded"],"picked":"Conserve Battery","floor":2.0},{"not_picked":["Redo","Cold Snap"],"picked":"Gash","floor":3.0},{"not_picked":["Coolheaded","Static Discharge","Blizzard"],"picked":"SKIP","floor":5}],"player_experience":209435,"relics_obtained":[{"floor":0.0,"key":"Boot"},{"floor":0.0,"key":"Kunai"},{"floor":0.0,"key":"FossilizedHelix"}],"event_choices":[],"is_beta":false,"boss_relics":[],"items_purged_floors":[4],"is_endless":false,"potions_floor_spawned":[2,3,5],"killed_by":"3 Sentries","ascension_level":18}}