{"host":"n43wxkei7kulhi8o","time":1613753732,"event":{"mods":["BaseMod","Bestiary","Block Reminder","Colored Map","Colored Powertips","Curses Come First","Custom Start","Dark Map","Highlight Path","Minty Spire (QoL Compilation)","Relic Stats","StSLib"],"gold_per_floor":[116,134,153,153,153,153,10,30,30,44,44,44,44,79,79,178,178,191,191,191,203,49,49,67,67,67,67,81,81,101,116,116,214,214,229,243,92,103,103,103,122,122,122,122,140,140,150,150,150],"floor_reached":48,"language":"ENG","playtime":1293,"items_purged":[],"score":459,"play_id":"fe63c17f-b171-4bb6-a754-18c010aa0ec4","local_time":"20210219115532","is_ascension_mode":false,"campfire_choices":[{"data":"Dualcast","floor":11.0,"key":"SMITH"},{"data":"Reinforced Body","floor":15.0,"key":"SMITH"},{"data":"Streamline","floor":23.0,"key":"SMITH"},{"floor":25.0,"key":"REST"},{"floor":27.0,"key":"REST"},{"floor":29.0,"key":"REST"},{"floor":32,"key":"REST"},{"floor":40,"key":"REST"},{"data":"Loop","floor":42,"key":"SMITH"},{"data":"Defend_B","floor":44,"key":"SMITH"}],"circlet_count":0,"master_deck":["Strike_B","Strike_B","Strike_B","Strike_B","Defend_B+1","Defend_B","Defend_B","Defend_B","Zap+1","Dualcast+1","Streamline+1","Ball Lightning","Ball Lightning","Reinforced Body+1","Doom and Gloom","Thunder Strike+1","Tempest+1","Melter","Loop+1","Defragment+1","Auto Shields+1","Defragment+1","Defragment+1","FTL+1","Parasite"],"relics":["FrozenCore","Du-Vu Doll","Pantograph","Nunchaku","Akabeko","Strawberry","Omamori","Cursed Key","Runic Capacitor","Bottled Tornado","DollysMirror","Shuriken"],"acts_visited":["Exordium","TheCity","TheBeyond"],"potions_floor_usage":[31,33,47],"damage_taken":[{"damage":2.0,"enemies":"2 Louse","floor":1.0,"turns":3.0},{"damage":3.0,"enemies":"Jaw Worm","floor":2.0,"turns":3.0},{"damage":1.0,"enemies":"Cultist","floor":3.0,"turns":3.0},{"damage":24.0,"enemies":"Gremlin Gang","floor":8.0,"turns":4.0},{"damage":2.0,"enemies":"Blue Slaver","floor":10.0,"turns":2.0},{"damage":0.0,"enemies":"Gremlin Nob","floor":14.0,"turns":2.0},{"damage":12.0,"enemies":"Slime Boss","floor":16.0,"turns":6.0},{"damage":0.0,"enemies":"Spheric Guardian","floor":18.0,"turns":3.0},{"damage":30.0,"enemies":"2 Thieves","floor":21.0,"turns":3.0},{"damage":37.0,"enemies":"Centurion and Healer","floor":24.0,"turns":5.0},{"damage":32.0,"enemies":"Snake Plant","floor":28.0,"turns":3.0},{"damage":17,"enemies":"3 Cultists","floor":30,"turns":4},{"damage":15,"enemies":"Centurion and Healer","floor":31,"turns":4},{"damage":37,"enemies":"Automaton","floor":33,"turns":6},{"damage":32,"enemies":"3 Shapes","floor":35,"turns":4},{"damage":11,"enemies":"3 Darklings","floor":36,"turns":5},{"damage":0,"enemies":"Sphere and 2 Shapes","floor":38,"turns":5},{"damage":1,"enemies":"Transient","floor":41,"turns":5},{"damage":18,"enemies":"4 Shapes","floor":45,"turns":4},{"damage":11,"enemies":"Writhing Mass","floor":47,"turns":4},{"damage":33,"enemies":"Jaw Worm Horde","floor":48,"turns":3}],"seed_played":"6829170789621620469","potions_obtained":[{"floor":1.0,"key":"Swift Potion"},{"floor":10.0,"key":"Ancient Potion"},{"floor":14.0,"key":"Block Potion"},{"floor":18.0,"key":"DuplicationPotion"},{"floor":21.0,"key":"DistilledChaos"},{"floor":38,"key":"SpeedPotion"}],"is_trial":false,"path_per_floor":["M","M","M","?","T","?","$","M","T","M","R","?","$","E","R","B",null,"M","?","?","M","$","R","M","R","T","R","M","R","M","M","R","B",null,"M","M","$","M","?","R","M","R","T","R","M","?","M","M"],"character_chosen":"DEFECT","items_purchased":["Nunchaku","Runic Capacitor","DollysMirror"],"campfire_rested":5,"item_purchase_floors":[7,22,37],"current_hp_per_floor":[52,49,48,73,73,73,73,49,49,47,47,51,51,51,51,64,82,82,82,82,52,52,52,15,39,39,63,31,55,38,23,47,35,82,50,39,39,39,39,63,62,62,62,62,44,44,33,0,0],"gold":150,"neow_bonus":"ONE_RARE_RELIC","is_daily":false,"chose_seed":false,"campfire_upgraded":5,"win_rate":0.0,"timestamp":1613753732,"path_taken":["M","M","M","?","?","?","$","M","T","?","R","?","?","E","R","BOSS","M","?","?","M","$","R","M","R","T","R","M","R","M","?","R","BOSS","M","M","$","?","?","R","M","R","T","R","M","?","M","M"],"items_purchased_type":["Relic","Relic","Relic"],"build_version":"2020-12-22","purchased_purges":0,"victory":false,"max_hp_per_floor":[75,75,75,75,75,75,75,75,75,75,75,82,82,82,82,82,82,82,82,82,82,82,82,82,82,82,82,82,82,82,82,82,82,82,82,82,82,82,82,82,82,82,82,82,82,82,82,82,82],"relic_stats":{"Nunchaku":[11],"counters":[21,80],"Shuriken":[2],"Pantograph":50,"Cursed Key":2,"obtain_stats":[{"Omamori":14,"Runic Capacitor":22,"Bottled Tornado":26,"Cursed Key":17,"Akabeko":9,"FrozenCore":34,"Du-Vu Doll":0,"Nunchaku":7,"DollysMirror":37,"Shuriken":43,"Pantograph":5,"Strawberry":12,"Cracked Core":0},{"Omamori":6,"Runic Capacitor":9,"Bottled Tornado":10,"Cursed Key":7,"Akabeko":4,"FrozenCore":14,"Du-Vu Doll":0,"Nunchaku":3,"DollysMirror":16,"Shuriken":18,"Pantograph":3,"Strawberry":5,"Cracked Core":0},{"Omamori":17,"Runic Capacitor":29,"Bottled Tornado":34,"Cursed Key":23,"Akabeko":13,"FrozenCore":51,"Du-Vu Doll":0,"Nunchaku":9,"DollysMirror":60,"Shuriken":70,"Pantograph":9,"Strawberry":15,"Cracked Core":0}],"FrozenCore":[19]},"card_choices":[{"not_picked":["Darkness","Steam Power","Stack"],"picked":"SKIP","floor":1.0},{"not_picked":["Go for the Eyes","Hologram"],"picked":"Streamline","floor":2.0},{"not_picked":["Double Energy","Rebound"],"picked":"Ball Lightning","floor":3.0},{"not_picked":["Hologram","Go for the Eyes"],"picked":"Ball Lightning","floor":8.0},{"not_picked":["Stack","Hyperbeam"],"picked":"Reinforced Body","floor":10.0},{"not_picked":["Darkness","Streamline"],"picked":"Doom and Gloom","floor":14.0},{"not_picked":["Seek","Amplify"],"picked":"Thunder Strike","floor":16.0},{"not_picked":["Go for the Eyes+1","Coolheaded"],"picked":"Tempest+1","floor":18.0},{"not_picked":["Steam","Coolheaded","Streamline"],"picked":"SKIP","floor":21.0},{"not_picked":["Static Discharge","Go for the Eyes"],"picked":"Loop","floor":24.0},{"not_picked":["Rebound","Gash+1","Beam Cell+1"],"picked":"SKIP","floor":28.0},{"not_picked":["Sunder","Barrage"],"picked":"Defragment+1","floor":30},{"not_picked":["Force Field","Redo","Darkness"],"picked":"SKIP","floor":31},{"not_picked":["FTL","Streamline"],"picked":"Auto Shields+1","floor":35},{"not_picked":["Sweeping Beam+1","Loop+1"],"picked":"Defragment+1","floor":36},{"not_picked":["Lockon","Sweeping Beam"],"picked":"FTL+1","floor":38},{"not_picked":["Stack+1","Chaos","Steam Power"],"picked":"SKIP","floor":41},{"not_picked":["Self Repair+1","Rebound","Streamline"],"picked":"SKIP","floor":45},{"not_picked":["Compile Driver+1","Rebound","Go for the Eyes"],"picked":"SKIP","floor":47}],"player_experience":707973,"relics_obtained":[{"floor":5.0,"key":"Pantograph"},{"floor":9.0,"key":"Akabeko"},{"floor":14.0,"key":"Omamori"},{"floor":26.0,"key":"Bottled Tornado"},{"floor":43,"key":"Shuriken"}],"event_choices":[{"damage_healed":25.0,"max_hp_gain":0.0,"max_hp_loss":0.0,"gold_gain":0.0,"event_name":"Big Fish","player_choice":"Banana","floor":4.0,"gold_loss":0.0,"damage_taken":0.0},{"damage_healed":0.0,"max_hp_gain":0.0,"max_hp_loss":0.0,"gold_gain":0.0,"event_name":"Living Wall","player_choice":"Grow","floor":6.0,"gold_loss":0.0,"damage_taken":0.0,"cards_upgraded":["Zap"]},{"damage_healed":0.0,"max_hp_gain":0.0,"max_hp_loss":0.0,"gold_gain":0.0,"event_name":"Scrap Ooze","player_choice":"Success","floor":12.0,"gold_loss":0.0,"damage_taken":3.0,"relics_obtained":["Strawberry"]},{"damage_healed":0.0,"max_hp_gain":0.0,"max_hp_loss":0.0,"gold_gain":0.0,"event_name":"The Library","player_choice":"Read","floor":19.0,"gold_loss":0.0,"damage_taken":0.0,"cards_obtained":["Melter"]},{"damage_healed":0.0,"max_hp_gain":0.0,"max_hp_loss":0.0,"gold_gain":0.0,"event_name":"Upgrade Shrine","player_choice":"Upgraded","floor":20.0,"gold_loss":0.0,"damage_taken":0.0,"cards_upgraded":["Thunder Strike"]},{"damage_healed":0,"gold_gain":0,"player_choice":"Ignored","damage_taken":0,"max_hp_gain":0,"max_hp_loss":0,"event_name":"Mysterious Sphere","floor":39,"gold_loss":0},{"damage_healed":0,"gold_gain":0,"player_choice":"Memory 1","damage_taken":0,"max_hp_gain":0,"max_hp_loss":0,"event_name":"SensoryStone","floor":46,"gold_loss":0}],"is_beta":false,"boss_relics":[{"not_picked":["Velvet Choker","Inserter"],"picked":"Cursed Key"},{"not_picked":["Pandora\u0027s Box","Nuclear Battery"],"picked":"FrozenCore"}],"items_purged_floors":[],"is_endless":false,"potions_floor_spawned":[1,10,14,18,21,24,38],"killed_by":"Jaw Worm Horde","ascension_level":0}}