{"host":"kdt6w7ix8lwe69i9","time":1613752266,"event":{"mods":["100% Spire Juice","BaseMod","ChefMod","Evolution","Koishi","Minty Spire (QoL Compilation)","Poor People Problems","Reimu（博丽灵梦）","Robot Space Explorer","Shade Mod","Shapeshifter Mod","StSLib","The Druid","The Gatherer","The Poker Player","The Servant 0.9.4","TheSurvivalist"],"gold_per_floor":[115,115,132,148,148,159,159,13,39,64,81,114,8,23,23,123,123,139,139,152,152,166,166,177,177,177],"floor_reached":25,"language":"ENG","playtime":47541,"items_purged":[],"score":265,"play_id":"a0a41e3f-e63c-4c4f-a532-4bc1ef352174","local_time":"20210219113106","is_ascension_mode":false,"campfire_choices":[{"data":"StSShapeShifter:BurstOfLifeEscapeDeath","floor":7,"key":"SMITH"},{"floor":15,"key":"REST"},{"floor":23,"key":"REST"}],"circlet_count":0,"master_deck":["StSShapeShifter:BloomingSlash","StSShapeShifter:BloomingSlash","StSShapeShifter:BloomingSlash","StSShapeShifter:BloomingSlash","StSShapeShifter:BloomingSlash","StSShapeShifter:FallingLeaves","StSShapeShifter:FallingLeaves","StSShapeShifter:FallingLeaves","StSShapeShifter:ShapeShifter_Defend","StSShapeShifter:Tortoise_Form","StSShapeShifter:Lynx_Form","StSShapeShifter:BurstOfLifeEscapeDeath+1","StSShapeShifter:MonkeyForm","StSShapeShifter:UnicornForm","StSShapeShifter:BladeOfGrass","StSShapeShifter:BurstOfLifeEscapeDeath","StSShapeShifter:BladeOfGrass","StSShapeShifter:Mystical_Branch","StSShapeShifter:AdaptiveStrikes","StSShapeShifter:Ensconce","StSShapeShifter:HummingbirdForm","StSShapeShifter:LionForm","StSShapeShifter:AdaptiveStrikes","StSShapeShifter:PoisonIvy","StSShapeShifter:Pounce","StSShapeShifter:Synchronicity","StSShapeShifter:Bonk","StSShapeShifter:BladeOfGrass","StSShapeShifter:MysticalSeed","CurseOfTheBell","StSShapeShifter:RatForm+1","StSShapeShifter:VineHandcuffs+1","Necronomicurse","StSShapeShifter:OwlForm+1","StSShapeShifter:FesteringBite"],"relics":["StSShapeShifter:AnimalHeart","StSShapeShifter:TheShapeShiftersMagnolia","EVO:Axolotl","Orrery","Centennial Puzzle","Oddly Smooth Stone","StSShapeShifter:Fertilizer","Calling Bell","Smiling Mask","Toxic Egg 2","Du-Vu Doll","Necronomicon"],"acts_visited":["Exordium","TheCity"],"potions_floor_usage":[10,10,12,14,20],"damage_taken":[{"damage":0,"enemies":"2 Louse","floor":1,"turns":2},{"damage":0,"enemies":"Jaw Worm","floor":3,"turns":4},{"damage":0,"enemies":"Small Slimes","floor":4,"turns":4},{"damage":8,"enemies":"3 Louse","floor":6,"turns":3},{"damage":36,"enemies":"Lagavulin","floor":10,"turns":5},{"damage":14,"enemies":"Blue Slaver","floor":11,"turns":3},{"damage":3,"enemies":"3 Sentries","floor":12,"turns":4},{"damage":4,"enemies":"Large Slime","floor":14,"turns":3},{"damage":22,"enemies":"The Guardian","floor":16,"turns":11},{"damage":16,"enemies":"Chosen","floor":18,"turns":6},{"damage":18,"enemies":"2 Thieves","floor":20,"turns":3},{"damage":27,"enemies":"Shelled Parasite and Fungi","floor":22,"turns":3},{"damage":13,"enemies":"Centurion and Healer","floor":24,"turns":6},{"damage":12,"enemies":"Book of Stabbing","floor":25,"turns":2}],"seed_played":"-3133280764975023391","potions_obtained":[{"floor":3,"key":"LiquidMemories"},{"floor":6,"key":"ColorlessPotion"},{"floor":11,"key":"SpeedPotion"},{"floor":12,"key":"SteroidPotion"},{"floor":18,"key":"SkillPotion"},{"floor":24,"key":"Dexterity Potion"}],"is_trial":false,"path_per_floor":["M","?","M","M","?","M","R","$","T","E","M","E","$","M","R","B",null,"M","?","M","?","M","R","M","E"],"character_chosen":"SHAPESHIFTER","items_purchased":["Orrery","StSShapeShifter:Synchronicity","StSShapeShifter:Bonk"],"campfire_rested":2,"item_purchase_floors":[8,13,13],"current_hp_per_floor":[78,78,78,78,78,70,70,70,70,34,20,17,17,13,36,14,78,62,62,44,28,1,24,11,0,0],"gold":177,"neow_bonus":"ONE_RANDOM_RARE_CARD","is_daily":false,"chose_seed":false,"campfire_upgraded":1,"win_rate":0.0,"timestamp":1613752266,"path_taken":["M","?","M","M","?","M","R","?","T","E","M","E","?","M","R","BOSS","M","?","M","?","M","R","M","E"],"items_purchased_type":["Relic","Card","Card"],"build_version":"2020-12-22","purchased_purges":0,"victory":false,"max_hp_per_floor":[78,78,78,78,78,78,78,78,78,78,78,78,78,78,78,78,78,78,78,78,78,78,78,78,78,78],"card_choices":[{"not_picked":["StSShapeShifter:VineHandcuffs","StSShapeShifter:OakBlade"],"picked":"StSShapeShifter:MonkeyForm","floor":1},{"not_picked":["StSShapeShifter:MonkeyForm","StSShapeShifter:WolfForm"],"picked":"StSShapeShifter:BladeOfGrass","floor":3},{"not_picked":["StSShapeShifter:Guard","StSShapeShifter:Rest"],"picked":"StSShapeShifter:BurstOfLifeEscapeDeath","floor":4},{"not_picked":["StSShapeShifter:OpportuneSwoop","StSShapeShifter:Bonk"],"picked":"StSShapeShifter:BladeOfGrass","floor":6},{"not_picked":["StSShapeShifter:Hunt","StSShapeShifter:BloomingSlash"],"picked":"StSShapeShifter:Mystical_Branch","floor":8},{"not_picked":["StSShapeShifter:MonkeyForm","StSShapeShifter:RatForm"],"picked":"StSShapeShifter:AdaptiveStrikes","floor":8},{"not_picked":["StSShapeShifter:FullMoon","StSShapeShifter:Rest"],"picked":"StSShapeShifter:Ensconce","floor":8},{"not_picked":["StSShapeShifter:MonkeyForm","StSShapeShifter:SpiritOfTheEarth"],"picked":"StSShapeShifter:HummingbirdForm","floor":8},{"not_picked":["StSShapeShifter:SunflowerShuriken","StSShapeShifter:RockSlide"],"picked":"StSShapeShifter:LionForm","floor":8},{"not_picked":["StSShapeShifter:MonkeyForm","StSShapeShifter:DeerForm"],"picked":"StSShapeShifter:AdaptiveStrikes","floor":10},{"not_picked":["StSShapeShifter:EmbraceTheCycle","StSShapeShifter:ShiftingStrike"],"picked":"StSShapeShifter:PoisonIvy","floor":11},{"not_picked":["StSShapeShifter:Evolution","StSShapeShifter:Guard"],"picked":"StSShapeShifter:Pounce","floor":12},{"not_picked":["StSShapeShifter:EmbraceTheCycle","StSShapeShifter:BloomingSlash"],"picked":"StSShapeShifter:BladeOfGrass","floor":14},{"not_picked":["StSShapeShifter:HydraForm","StSShapeShifter:MooseForm"],"picked":"StSShapeShifter:MysticalSeed","floor":16},{"not_picked":["StSShapeShifter:FlowerShield+1","StSShapeShifter:ThornToss+1"],"picked":"StSShapeShifter:RatForm+1","floor":18},{"not_picked":["StSShapeShifter:ThornToss","StSShapeShifter:BulwarkOfDiscovery+1"],"picked":"StSShapeShifter:VineHandcuffs+1","floor":20},{"not_picked":["StSShapeShifter:MagicMushrooms+1","StSShapeShifter:Guard+1"],"picked":"StSShapeShifter:OwlForm+1","floor":22},{"not_picked":["StSShapeShifter:ShiftingStrike","StSShapeShifter:BladeOfGrass"],"picked":"StSShapeShifter:FesteringBite","floor":24}],"player_experience":1640755,"relics_obtained":[{"floor":9,"key":"Centennial Puzzle"},{"floor":10,"key":"Oddly Smooth Stone"},{"floor":12,"key":"StSShapeShifter:Fertilizer"},{"floor":17,"key":"Smiling Mask"},{"floor":17,"key":"Toxic Egg 2"},{"floor":17,"key":"Du-Vu Doll"},{"floor":21,"key":"Necronomicon"}],"event_choices":[{"damage_healed":0,"gold_gain":0,"player_choice":"Leave","damage_taken":0,"max_hp_gain":0,"max_hp_loss":0,"event_name":"The Cleric","floor":5,"gold_loss":0},{"cards_removed":["StSShapeShifter:ShapeShifter_Defend"],"damage_healed":0,"gold_gain":0,"player_choice":"Elegance","damage_taken":0,"max_hp_gain":0,"max_hp_loss":0,"event_name":"Back to Basics","floor":19,"gold_loss":0},{"damage_healed":0,"gold_gain":0,"player_choice":"Obtained Book","damage_taken":16,"max_hp_gain":0,"max_hp_loss":0,"event_name":"Cursed Tome","floor":21,"gold_loss":0}],"is_beta":false,"boss_relics":[{"not_picked":["Fusion Hammer","Busted Crown"],"picked":"Calling Bell"}],"items_purged_floors":[],"is_endless":false,"potions_floor_spawned":[3,6,11,12,18,24],"killed_by":"Book of Stabbing","ascension_level":0}}