{"host":"ppqll9nf92xyjrj9","time":1613729745,"event":{"mods":["Act Like it!","Arknights","BaseMod","Bestiary","Better Third Choice","Bossed Relics","Curses Come First","Ekko","Evolution","Hermit","Jorbs\u0027s Wanderer Trilogy","Keyboard Shortcuts","Marked Mod","Minty Spire (QoL Compilation)","Relic Stats","Shapeshifter Mod","Spicy Shops","StS++","StSLib","The Marked","The Runesmith","Weighted Paths","【遗物卡牌】REMEMod"],"gold_per_floor":[113,93,105,105,105,105,11,11,37,51,51,82,82,110,110,207,207,226,226,240,250,261,261,296,296,296,296,45,62,62,77,77,181,181,195,209,119,130,130,130],"floor_reached":39,"language":"ENG","playtime":3766,"items_purged":[],"score":433,"play_id":"fe114e5e-5916-4b4b-aa25-d2be75d00da0","local_time":"20210219021545","is_ascension_mode":false,"campfire_choices":[{"data":"ats:Rat Pack","floor":6,"key":"SMITH"},{"data":"ats:Dogmatic Field","floor":13,"key":"SMITH"},{"floor":15,"key":"REST"},{"data":"ats:Disruption Kick","floor":23,"key":"SMITH"},{"data":"ats:Soul Absorption","floor":25,"key":"SMITH"},{"data":"Calculated Gamble","floor":27,"key":"SMITH"},{"data":"ats:Wolf Pack","floor":32,"key":"SMITH"}],"circlet_count":0,"master_deck":["ats:Cat Scratch","ats:Ignite","ats:Strike S","ats:Armor Crushing Shot","ats:Defend","ats:Defend","ats:Defend+1","ats:Defend","ats:Emotion Absorption","ats:True Silver Slash","ats:Wolf Pack+1","ats:Dogmatic Field+1","ats:Disruption Kick+1","ats:Fractured Body","ats:Shadow Assault","ats:Ambush","ats:Volcano","ats:Rat Pack+1","ats:Calcification+1","ats:Echo Reverb","ats:Nebulous Foxfire+1","ats:Soul Rend","ats:Durian+1","ats:Roar Of Ursus","Calculated Gamble+1","ats:Revitalization","ats:Thermite Blade","ats:Shell Defense","ats:Healing Strengthening","ats:Powerful Strike","ats:Soul Absorption+1","ats:Roar Of Ursus","ats:Steam Pump+1","ats:Demon Strength+1","ats:Neurotoxin","ats:Automatic Cover","ats:Healing Strengthening","ats:Burning Ground","ats:Calcification","ats:Explosion Area Strengthen","ats:Defend Order+1","ats:Phantom"],"relics":["EVO:Axolotl","REME_ComplimentaryCards","StSpp:CrystalBall","ats:Bonebreaker","ats:Omniscience","Centennial Puzzle","ats:Originium","Toy Ornithopter","Bird Faced Urn","Cursed Key","REME_LimitBreaker","Sundial","War Paint","Spirit Poop","Black Star"],"acts_visited":["Exordium","TheCity","TheBeyond"],"potions_floor_usage":[12],"damage_taken":[{"damage":5,"enemies":"Small Slimes","floor":1,"turns":5},{"damage":40,"enemies":"Cultist","floor":3,"turns":8},{"damage":0,"enemies":"Jaw Worm","floor":10,"turns":9},{"damage":38,"enemies":"Lagavulin","floor":12,"turns":9},{"damage":38,"enemies":"Gremlin Nob","floor":14,"turns":10},{"damage":103,"enemies":"The Guardian","floor":16,"turns":20},{"damage":4,"enemies":"2 Thieves","floor":18,"turns":4},{"damage":3,"enemies":"Shell Parasite","floor":20,"turns":7},{"damage":5,"enemies":"3 Cultists","floor":21,"turns":5},{"damage":34,"enemies":"Centurion and Healer","floor":22,"turns":11},{"damage":42,"enemies":"Book of Stabbing","floor":24,"turns":10},{"damage":27,"enemies":"Shelled Parasite and Fungi","floor":29,"turns":8},{"damage":48,"enemies":"Snake Plant","floor":31,"turns":9},{"damage":126,"enemies":"Automaton","floor":33,"turns":19},{"damage":0,"enemies":"3 Shapes","floor":35,"turns":3},{"damage":35,"enemies":"3 Darklings","floor":36,"turns":7},{"damage":104,"enemies":"Transient","floor":38,"turns":5},{"damage":74,"enemies":"Maw","floor":39,"turns":11}],"seed_played":"4203773349405940648","potions_obtained":[{"floor":1,"key":"ats:Top Emergency Sanity Potion"},{"floor":2,"key":"Fire Potion"},{"floor":12,"key":"Swift Potion"}],"is_trial":false,"path_per_floor":["M","?","M","?","T","R","$","?","T","M","?","E","R","E","R","B",null,"M","?","M","M","M","R","E","R","T","R","$","M","?","M","R","B",null,"M","M","?","M","M"],"character_chosen":"DOCTOR_CLASS","items_purchased":["ats:Omniscience","ats:Shell Defense","ats:Healing Strengthening","War Paint"],"campfire_rested":1,"item_purchase_floors":[7,7,28,28],"current_hp_per_floor":[72,72,47,52,52,52,52,52,52,68,68,47,47,19,42,64,77,77,77,77,77,71,71,71,71,71,71,71,77,77,61,61,45,77,77,75,75,1,0,0],"gold":130,"neow_bonus":"BOSS_RELIC","is_daily":false,"chose_seed":false,"campfire_upgraded":6,"win_rate":0.0,"timestamp":1613729745,"path_taken":["M","?","?","?","?","R","$","?","T","?","?","E","R","E","R","BOSS","M","?","?","M","?","R","E","R","T","R","$","M","?","M","R","BOSS","M","?","?","M","M"],"items_purchased_type":["Relic","Card","Card","Relic"],"build_version":"2020-12-22","purchased_purges":0,"victory":false,"max_hp_per_floor":[72,72,72,77,77,77,77,77,77,77,77,77,77,77,77,77,77,77,77,77,77,77,77,77,77,77,77,77,77,77,77,77,77,77,77,77,77,77,77,77],"relic_stats":{"Centennial Puzzle":[42],"counters":[18,160],"Sundial":[4],"Bird Faced Urn":[133],"Black Star":0,"War Paint":["ats:Defend","ats:Nebulous Foxfire"],"Cursed Key":1,"obtain_stats":[{"Spirit Poop":30,"EVO:Axolotl":0,"REME_LimitBreaker":24,"War Paint":28,"Cursed Key":17,"StSpp:CrystalBall":0,"Centennial Puzzle":9,"ats:Originium":12,"Sundial":26,"Bird Faced Urn":14,"Black Star":34,"ats:Sanity":0,"ats:Bonebreaker":5,"ats:Omniscience":7,"Toy Ornithopter":12,"REME_ComplimentaryCards":0},{"Spirit Poop":12,"EVO:Axolotl":0,"REME_LimitBreaker":11,"War Paint":11,"Cursed Key":6,"StSpp:CrystalBall":0,"Centennial Puzzle":2,"ats:Originium":4,"Sundial":11,"Bird Faced Urn":5,"Black Star":14,"ats:Sanity":0,"ats:Bonebreaker":2,"ats:Omniscience":2,"Toy Ornithopter":4,"REME_ComplimentaryCards":0},{"Spirit Poop":106,"EVO:Axolotl":0,"REME_LimitBreaker":98,"War Paint":98,"Cursed Key":61,"StSpp:CrystalBall":0,"Centennial Puzzle":13,"ats:Originium":31,"Sundial":98,"Bird Faced Urn":41,"Black Star":134,"ats:Sanity":0,"ats:Bonebreaker":13,"ats:Omniscience":13,"Toy Ornithopter":31,"REME_ComplimentaryCards":0}],"Toy Ornithopter":0},"card_choices":[{"not_picked":["ats:Hammer On","ats:Composite Medical Shells"],"picked":"ats:Revitalization","floor":1},{"not_picked":["ats:Automatic Cover","ats:Magnetic Hammer"],"picked":"ats:Thermite Blade","floor":3},{"not_picked":["ats:Directed Diagnosis","ats:Shell Defense"],"picked":"ats:Healing Strengthening","floor":10},{"not_picked":["ats:Red Shift","ats:Poison Spread"],"picked":"ats:Powerful Strike","floor":12},{"not_picked":["ats:Cat Scratch","ats:Explosion Area Strengthen"],"picked":"ats:Soul Absorption","floor":14},{"not_picked":["ats:Soul Rend","ats:Echo Reverb"],"picked":"ats:Roar Of Ursus","floor":16},{"not_picked":["ats:Powerful Strike","ats:Blood Oath"],"picked":"ats:Steam Pump+1","floor":18},{"not_picked":["ats:Healing Strengthening","ats:Cat Scratch+1","ats:Assault Order"],"picked":"SKIP","floor":20},{"not_picked":["ats:Leaping Hammer+1","ats:Hammer On"],"picked":"ats:Demon Strength+1","floor":21},{"not_picked":["ats:Poison Spread","ats:Revitalization"],"picked":"ats:Neurotoxin","floor":22},{"not_picked":["ats:Volcano","ats:Shell Defense"],"picked":"ats:Automatic Cover","floor":24},{"not_picked":["ats:Cat Scratch","ats:Powerful Strike+1"],"picked":"ats:Burning Ground","floor":29},{"not_picked":["ats:Cat Scratch","ats:Leaping Hammer","ats:Absolute Focus+1"],"picked":"SKIP","floor":31},{"not_picked":["ats:Shadow Assault","ats:Soul Rend"],"picked":"ats:Calcification","floor":33},{"not_picked":["ats:Demon Strength","ats:Consecutive Shot Auto+1"],"picked":"ats:Explosion Area Strengthen","floor":35},{"not_picked":["ats:Healing Strengthening","ats:Ignite"],"picked":"ats:Defend Order+1","floor":36},{"not_picked":["ats:Soul Absorption+1","ats:Hammer On"],"picked":"ats:Phantom","floor":38}],"player_experience":109882,"relics_obtained":[{"floor":5,"key":"ats:Bonebreaker"},{"floor":9,"key":"Centennial Puzzle"},{"floor":12,"key":"ats:Originium"},{"floor":12,"key":"Toy Ornithopter"},{"floor":14,"key":"ats:Originium"},{"floor":14,"key":"Bird Faced Urn"},{"floor":24,"key":"ats:Originium"},{"floor":24,"key":"REME_LimitBreaker"},{"floor":26,"key":"Sundial"}],"event_choices":[{"damage_healed":0,"gold_gain":0,"player_choice":"Bought 1 Potion","damage_taken":0,"max_hp_gain":0,"max_hp_loss":0,"event_name":"The Woman in Blue","floor":2,"gold_loss":0},{"damage_healed":0,"gold_gain":0,"player_choice":"Donut","damage_taken":0,"max_hp_gain":5,"max_hp_loss":0,"event_name":"Big Fish","floor":4,"gold_loss":0},{"damage_healed":0,"gold_gain":0,"player_choice":"0 cards matched","damage_taken":0,"max_hp_gain":0,"max_hp_loss":0,"event_name":"Match and Keep!","floor":8,"gold_loss":0,"cards_obtained":[]},{"damage_healed":0,"gold_gain":0,"player_choice":"Upgraded","damage_taken":0,"max_hp_gain":0,"max_hp_loss":0,"event_name":"Upgrade Shrine","floor":19,"gold_loss":0,"cards_upgraded":["ats:Calcification"]},{"cards_removed":["Pain"],"damage_healed":0,"gold_gain":0,"player_choice":"Offered Curse","damage_taken":0,"relics_obtained":["Spirit Poop"],"max_hp_gain":0,"max_hp_loss":0,"event_name":"Bonfire Elementals","floor":30,"gold_loss":0},{"cards_removed":["ats:Strike V"],"damage_healed":0,"gold_gain":0,"player_choice":"Upgrade and Remove","damage_taken":0,"max_hp_gain":0,"max_hp_loss":0,"event_name":"Designer","floor":37,"gold_loss":90,"cards_upgraded":["ats:Durian"]}],"is_beta":false,"boss_relics":[{"not_picked":["REME_LowDesire","StSpp:Magatama"],"picked":"Cursed Key"},{"not_picked":["REME_DemonsWealth","SacredBark"],"picked":"Black Star"}],"items_purged_floors":[],"is_endless":false,"potions_floor_spawned":[1,12,14,16,20,22,29,33,35],"killed_by":"Maw","ascension_level":0}}