{"host":"iovigr651ajk16h5","time":1613748887,"event":{"mods":["2.2 Compatiblity","AchievementEnabler","Aspiration","BaseMod","Better Altar","Better Match","Better Note","Better Sensory Stone","Better Skull","Better Third Choice","Block Reminder","CapriCore","Colored Map","Ekko","Energized Spire","GifTheSpireLib","GungeonMod","Halation","Hermit","Highlight Path","Hubris","Infinite Spire","Koishi","Luminous","Marisa????????","Minty Spire (QoL Compilation)","Nova Terra(??·??)","Onozuka Komachi Mod","Permanent Neow","Prisma Mod","Quick Restart","Railgun Mod","Remilia??????","Replay The Spire","StSLib","Stuff the Spire","Td1madao Mod","The Administrix","The Bladedancer","The Bug Knight","The Construct","The Exalted","The Immortal","The Marked","The Problem Sleuth","The Servant 0.9.4","TheFirefly","TheSwordswoman","Trackpad","Waifu the Spire","WarShipGirlsR/????R mod","everything is the same but u backflip on backflip"],"gold_per_floor":[117,45,58,58,58,58,89,89,141,152,73,90,100,113,113,217,217,231,243,443,463,463,463,463,463,497,497,568,581,581,592,592,608,608,711,711,723,734,747,772,772,772],"floor_reached":41,"language":"ENG","playtime":2060,"items_purged":[],"score":440,"play_id":"6a964623-cbb7-4f0b-bd2b-513ca40764ed","local_time":"20210219103447","is_ascension_mode":false,"campfire_choices":[{"floor":6.0,"key":"REST"},{"floor":8.0,"key":"REST"},{"floor":15.0,"key":"REST"},{"floor":25.0,"key":"REST"},{"data":"theMarked:Abjuration","floor":27.0,"key":"SMITH"},{"floor":34.0,"key":"REST"}],"circlet_count":0,"master_deck":["theMarked:Strike","theMarked:Strike+1","theMarked:Strike","theMarked:Strike","theMarked:Defend","theMarked:Defend","theMarked:Defend","theMarked:Defend","theMarked:SoldierOfQuellstein+1","theMarked:EmpowerWeapon","theMarked:PowerFlow+1","theMarked:EmpowerWeapon","StuffTheSpire:Innocence","theMarked:ComboAttacks","theMarked:SwordAndMagic","theMarked:ChannelForce","theMarked:BindingBlade","theMarked:ThrowWeapon","theMarked:ChannelForce","infinitespire:Starlight","theMarked:Abjuration+1","theMarked:SwordAndMagic","theMarked:Parry","theMarked:ParalyzingBlade","theMarked:Challenge","theMarked:EmpowerWeapon+1","theMarked:Aftermath+1"],"relics":["theMarked:ArtifactOfAir","trackpad:CultistFigurine","Regal Pillow","hubris:ScarierMask","StuffTheSpire:Mouthbags","DemoMod:Orange","aspiration:Lifesprig"],"acts_visited":["Exordium","TheCity","TheBeyond"],"potions_floor_usage":[41,41],"damage_taken":[{"damage":0.0,"enemies":"Cultist","floor":1.0,"turns":3.0},{"damage":0.0,"enemies":"2 Louse","floor":3.0,"turns":1.0},{"damage":44.0,"enemies":"Lagavulin","floor":7.0,"turns":7.0},{"damage":0.0,"enemies":"Jaw Worm","floor":10.0,"turns":2.0},{"damage":1.0,"enemies":"Looter","floor":12.0,"turns":3.0},{"damage":0.0,"enemies":"Lots of Slimes","floor":13.0,"turns":4.0},{"damage":0.0,"enemies":"Large Slime","floor":14.0,"turns":2.0},{"damage":18.0,"enemies":"Hexaghost","floor":16.0,"turns":8.0},{"damage":18.0,"enemies":"Spheric Guardian","floor":18.0,"turns":4.0},{"damage":9.0,"enemies":"Chosen","floor":19.0,"turns":3.0},{"damage":11.0,"enemies":"Centurion and Healer","floor":21.0,"turns":4.0},{"damage":37.0,"enemies":"Gremlin Leader","floor":26.0,"turns":5.0},{"damage":25.0,"enemies":"Shelled Parasite and Fungi","floor":29.0,"turns":4.0},{"damage":27.0,"enemies":"Cultist and Chosen","floor":31.0,"turns":6.0},{"damage":29.0,"enemies":"Snake Plant","floor":33.0,"turns":4.0},{"damage":97,"enemies":"Automaton","floor":35,"turns":10},{"damage":16,"enemies":"3 Shapes","floor":37,"turns":3},{"damage":10,"enemies":"Orb Walker","floor":38,"turns":5},{"damage":46,"enemies":"Maw","floor":39,"turns":9},{"damage":44,"enemies":"Transient","floor":41,"turns":5}],"seed_played":"-4050285656717691376","potions_obtained":[{"floor":3.0,"key":"theMarked:SummonPotion"},{"floor":12.0,"key":"Fruit Juice"},{"floor":13.0,"key":"DemoMod:LeadSkinPotion"},{"floor":18.0,"key":"FairyPotion"},{"floor":21.0,"key":"Swift Potion"},{"floor":26.0,"key":"Languid Potion"},{"floor":38,"key":"Explosive Potion"}],"is_trial":false,"path_per_floor":["M","$","M","?","?","R","E","R","T","M","$","M","M","M","R","B",null,"M","M","?","M","AVR","PTL","PTL","R","E","R","T","M","?","M","T","M","R","B",null,"M","M","M","T","M"],"character_chosen":"THE_DEFAULT","items_purchased":["theMarked:PowerFlow","theMarked:ParalyzingBlade"],"campfire_rested":5,"item_purchase_floors":[2,11],"current_hp_per_floor":[72,72,72,65,51,72,28,49,49,49,49,48,48,48,72,54,72,54,45,45,39,39,39,39,77,50,50,50,25,25,8,20,1,42,10,89,73,63,27,27,0,0],"gold":772,"neow_bonus":"UPGRADE_CARD","is_daily":false,"chose_seed":false,"campfire_upgraded":1,"win_rate":0.0,"timestamp":1613748887,"path_taken":["M","$","M","?","?","R","E","R","T","M","?","?","M","M","R","BOSS","M","M","?","?","AVR","PTL","PTL","R","E","R","T","M","?","M","?","M","R","BOSS","M","M","?","?","M"],"items_purchased_type":["Card","Card"],"build_version":"2020-12-22","purchased_purges":0,"victory":false,"max_hp_per_floor":[72,72,72,72,72,72,72,72,72,72,72,72,72,72,72,72,72,72,72,72,77,77,77,77,77,77,77,77,77,77,77,89,89,89,89,89,89,89,89,89,89,89],"card_choices":[{"not_picked":["theMarked:StartUp","theMarked:ParalyzingBlade"],"picked":"theMarked:EmpowerWeapon","floor":1.0},{"not_picked":["theMarked:ChainLightning","theMarked:WastefulAttack"],"picked":"theMarked:EmpowerWeapon","floor":3.0},{"not_picked":["theMarked:ElectricStrings","theMarked:UnarmedFury","theMarked:Levitate"],"picked":"SKIP","floor":7.0},{"not_picked":["theMarked:WardOff","theMarked:Improvise"],"picked":"theMarked:ComboAttacks","floor":10.0},{"not_picked":["theMarked:TakeCover","theMarked:Aftermath"],"picked":"theMarked:SwordAndMagic","floor":12.0},{"not_picked":["theMarked:MuscleMemory","theMarked:Improvise"],"picked":"theMarked:ChannelForce","floor":13.0},{"not_picked":["theMarked:Determination","theMarked:ChainLightning","theMarked:Opportunist"],"picked":"SKIP","floor":14.0},{"not_picked":["theMarked:Toughness","theMarked:Vacuum"],"picked":"theMarked:BindingBlade","floor":16.0},{"not_picked":["theMarked:Parkour+1","theMarked:ChainLightning","theMarked:AttractMetal"],"picked":"SKIP","floor":18.0},{"not_picked":["theMarked:ChainLightning","theMarked:TwofoldDefense"],"picked":"theMarked:ThrowWeapon","floor":19.0},{"not_picked":["theMarked:Determination+1","theMarked:ResourceFulStrike+1"],"picked":"theMarked:ChannelForce","floor":21.0},{"not_picked":["theMarked:Frustration+1","theMarked:EmpowerWeapon"],"picked":"theMarked:Abjuration","floor":26.0},{"not_picked":["theMarked:Memento","theMarked:TwofoldDefense+1"],"picked":"theMarked:SwordAndMagic","floor":29.0},{"not_picked":["theMarked:RepellingDischarge","theMarked:Frustration","theMarked:ResourceFulStrike"],"picked":"SKIP","floor":31.0},{"not_picked":["theMarked:ResourceFulStrike","theMarked:TwofoldDefense"],"picked":"theMarked:Parry","floor":33.0},{"not_picked":["theMarked:Snap","theMarked:ThrowWeapon"],"picked":"theMarked:Challenge","floor":35},{"not_picked":["theMarked:ChainLightning","theMarked:Standoff"],"picked":"theMarked:EmpowerWeapon+1","floor":37},{"not_picked":["theMarked:DispelDoubt","theMarked:ChainLightning","theMarked:ElectricStrings+1"],"picked":"SKIP","floor":38},{"not_picked":["theMarked:SwordAndMagic+1","theMarked:Memento"],"picked":"theMarked:Aftermath+1","floor":39}],"player_experience":393100,"relics_obtained":[{"floor":7.0,"key":"trackpad:CultistFigurine"},{"floor":9.0,"key":"Regal Pillow"},{"floor":26.0,"key":"StuffTheSpire:Mouthbags"},{"floor":32.0,"key":"DemoMod:Orange"},{"floor":40,"key":"aspiration:Lifesprig"}],"event_choices":[{"damage_healed":65.0,"max_hp_gain":0.0,"max_hp_loss":72.0,"gold_gain":0.0,"event_name":"betterThird:BetterShining","player_choice":"Upgrade","floor":5.0,"gold_loss":0.0,"damage_taken":14.0,"cards_upgraded":["theMarked:Strike","theMarked:PowerFlow"]},{"damage_healed":0.0,"max_hp_gain":0.0,"max_hp_loss":0.0,"gold_gain":250.0,"event_name":"The Joust","player_choice":"Bet on Owner","floor":20.0,"gold_loss":50.0,"damage_taken":0.0},{"cards_removed":["theMarked:Strike"],"damage_healed":0.0,"max_hp_gain":0.0,"max_hp_loss":0.0,"gold_gain":0.0,"event_name":"Bonfire Elementals","player_choice":"Offered Basic","floor":30.0,"gold_loss":0.0,"damage_taken":0.0}],"is_beta":false,"boss_relics":[{"not_picked":["trackpad:Trackpad","halation:ForbiddenBikini"],"picked":"hubris:ScarierMask"},{"not_picked":["hubris:TerracottaHorce","StuffTheSpire:Kangaroo","energizedSpire:MagnifyingGlass"]}],"items_purged_floors":[],"is_endless":false,"potions_floor_spawned":[3,12,13,16,18,21,26,29,38],"killed_by":"Transient","ascension_level":0}}