{"host":"31s8hzukbhz1k6i6","time":1613712397,"event":{"mods":["AchievementEnabler","BaseMod","Bestiary","Colored Map","Filter the Spire","Minty Spire (QoL Compilation)","Relic Stats"],"gold_per_floor":[210,210,260,272,286,286,313,328,355,390,405,237,256,266,266,337,337,356,374,374,133,133,133,164,164,236,255,272,306,306,336,336,407,407,418,428,477,149,149,184,184,217,217,251,270,287,62,92,92,92,92,92,92,50,78,78],"floor_reached":57,"language":"ENG","playtime":4937,"items_purged":["Strike_G","Strike_G"],"score":3130,"play_id":"ae9bb210-1d18-4c37-8241-e531bab76a58","local_time":"20210218212637","is_ascension_mode":true,"campfire_choices":[{"data":"Bouncing Flask","floor":6.0,"key":"SMITH"},{"data":"Glass Knife","floor":15.0,"key":"SMITH"},{"data":"Finisher","floor":23.0,"key":"SMITH"},{"data":"Blade Dance","floor":25.0,"key":"SMITH"},{"data":"Ghostly","floor":30.0,"key":"SMITH"},{"data":"Blade Dance","floor":32.0,"key":"SMITH"},{"data":"Wraith Form v2","floor":41.0,"key":"SMITH"},{"floor":49.0,"key":"RECALL"},{"data":"Calculated Gamble","floor":53.0,"key":"SMITH"}],"circlet_count":0,"master_deck":["AscendersBane","Defend_G","Defend_G","Defend_G","Defend_G","Defend_G","Survivor","Neutralize","Bouncing Flask+1","Endless Agony","Blade Dance+1","Blade Dance+1","Finisher+1","Slice","Blade Dance","Glass Knife+1","Tools of the Trade+1","Backflip+1","Concentrate","Ghostly","Ghostly","Ghostly+1","Calculated Gamble+1","Blade Dance+1","Crippling Poison+1","Outmaneuver+1","Wraith Form v2+1","Backflip+1","Acrobatics+1","Master of Strategy+1","Dagger Throw","Tools of the Trade","Cloak And Dagger+1","Acrobatics+1","Backflip+1","Bouncing Flask+1"],"relics":["Ring of the Snake","Potion Belt","Akabeko","Orichalcum","Ice Cream","Empty Cage","Toy Ornithopter","Du-Vu Doll","Toxic Egg 2","Gremlin Horn","Ninja Scroll","Philosopher\u0027s Stone","Lizard Tail","Bronze Scales","PreservedInsect","Pen Nib","OrangePellets","Nunchaku","TungstenRod"],"acts_visited":["TheCity","TheBeyond","TheEnding"],"potions_floor_usage":[56,56],"damage_taken":[{"damage":2.0,"enemies":"Small Slimes","floor":1.0,"turns":5.0},{"damage":3.0,"enemies":"Cultist","floor":4.0,"turns":4.0},{"damage":3.0,"enemies":"2 Louse","floor":5.0,"turns":3.0},{"damage":24.0,"enemies":"3 Sentries","floor":7.0,"turns":7.0},{"damage":1.0,"enemies":"Blue Slaver","floor":8.0,"turns":3.0},{"damage":5.0,"enemies":"Gremlin Nob","floor":10.0,"turns":3.0},{"damage":5.0,"enemies":"Red Slaver","floor":11.0,"turns":3.0},{"damage":3.0,"enemies":"3 Louse","floor":13.0,"turns":2.0},{"damage":0.0,"enemies":"Lots of Slimes","floor":14.0,"turns":3.0},{"damage":6.0,"enemies":"Hexaghost","floor":16.0,"turns":5.0},{"damage":0.0,"enemies":"Chosen","floor":18.0,"turns":2.0},{"damage":0.0,"enemies":"Spheric Guardian","floor":19.0,"turns":1.0},{"damage":2.0,"enemies":"Book of Stabbing","floor":24.0,"turns":5.0},{"damage":0.0,"enemies":"Centurion and Healer","floor":27.0,"turns":4.0},{"damage":0.0,"enemies":"Snecko","floor":28.0,"turns":4.0},{"damage":0.0,"enemies":"Gremlin Leader","floor":29.0,"turns":2.0},{"damage":9.0,"enemies":"Slavers","floor":31.0,"turns":6.0},{"damage":60.0,"enemies":"Collector","floor":33.0,"turns":9.0},{"damage":0.0,"enemies":"Orb Walker","floor":35.0,"turns":1.0},{"damage":0.0,"enemies":"3 Darklings","floor":36.0,"turns":4.0},{"damage":0.0,"enemies":"2 Orb Walkers","floor":37.0,"turns":5.0},{"damage":0.0,"enemies":"Giant Head","floor":40.0,"turns":4.0},{"damage":21.0,"enemies":"Nemesis","floor":42.0,"turns":3.0},{"damage":1.0,"enemies":"Giant Head","floor":44.0,"turns":5.0},{"damage":0.0,"enemies":"Jaw Worm Horde","floor":45.0,"turns":3.0},{"damage":0.0,"enemies":"Spire Growth","floor":46.0,"turns":2.0},{"damage":0.0,"enemies":"Nemesis","floor":48.0,"turns":4.0},{"damage":0.0,"enemies":"Donu and Deca","floor":50.0,"turns":7.0},{"damage":35.0,"enemies":"Time Eater","floor":51.0,"turns":13.0},{"damage":6.0,"enemies":"Shield and Spear","floor":55.0,"turns":3.0},{"damage":34,"enemies":"The Heart","floor":56,"turns":10}],"seed_played":"5394111148138475807","potions_obtained":[{"floor":4.0,"key":"SkillPotion"},{"floor":5.0,"key":"Swift Potion"},{"floor":8.0,"key":"LiquidBronze"},{"floor":11.0,"key":"CunningPotion"},{"floor":16.0,"key":"Dexterity Potion"},{"floor":24.0,"key":"CunningPotion"},{"floor":27.0,"key":"BlessingOfTheForge"},{"floor":31.0,"key":"Swift Potion"},{"floor":33.0,"key":"CultistPotion"},{"floor":35.0,"key":"GamblersBrew"},{"floor":36.0,"key":"SpeedPotion"},{"floor":45.0,"key":"AttackPotion"},{"floor":55.0,"key":"Regen Potion"}],"is_trial":false,"path_per_floor":["M","?","?","M","M","R","E","M","T","E","M","$","M","M","R","B",null,"M","M","?","$","?","R","E","R","T","M","M","E","R","E","R","B",null,"M","M","?","$","?","E","R","E","T","E","M","M","$","E","R","B","B",null,"R","$","E","B",null],"character_chosen":"THE_SILENT","items_purchased":["FairyPotion","BlessingOfTheForge","Toy Ornithopter","Acrobatics+1","Master of Strategy+1","Acrobatics+1","OrangePellets","Bouncing Flask+1"],"campfire_rested":0,"item_purchase_floors":[12,12,21,38,38,47,47,54],"current_hp_per_floor":[57,52,52,49,46,46,22,21,21,16,11,11,8,8,8,2,50,50,50,33,33,33,33,31,31,31,31,31,33,33,29,29,9,27,27,27,27,27,27,27,27,11,11,10,10,10,10,10,10,15,4,26,26,26,25,12],"gold":78,"neow_bonus":"HUNDRED_GOLD","is_daily":false,"chose_seed":false,"campfire_upgraded":8,"win_rate":0.0,"timestamp":1613712397,"path_taken":["M","?","?","M","M","R","E","?","T","E","M","$","M","M","R","BOSS","M","M","?","$","?","R","E","R","T","?","M","E","R","E","R","BOSS","M","M","?","$","?","E","R","E","T","E","M","M","$","E","R","BOSS","BOSS","R","$","E","BOSS"],"items_purchased_type":["Potion","Potion","Relic","Card","Card","Card","Relic","Card"],"build_version":"2020-12-22","purchased_purges":2,"victory":true,"max_hp_per_floor":[66,66,66,66,66,66,66,66,66,66,66,66,66,66,66,66,66,66,66,33,33,33,33,33,33,33,33,33,33,33,33,33,33,33,33,33,33,33,33,33,33,33,33,33,33,33,33,33,33,33,33,33,33,33,33,33],"relic_stats":{"Gremlin Horn":[12,11],"counters":[31,135],"PreservedInsect":257,"Pen Nib":[22],"Orichalcum":[342],"OrangePellets":[9],"Lizard Tail":16,"Nunchaku":[15],"Bronze Scales":[254],"obtain_stats":[{"Potion Belt":2,"Ice Cream":10,"Gremlin Horn":29,"PreservedInsect":42,"Pen Nib":44,"Orichalcum":9,"Empty Cage":17,"Akabeko":7,"Du-Vu Doll":24,"OrangePellets":47,"Lizard Tail":37,"Nunchaku":48,"Ninja Scroll":31,"Bronze Scales":40,"Philosopher\u0027s Stone":34,"Toxic Egg 2":26,"Toy Ornithopter":21,"TungstenRod":55,"Ring of the Snake":0},{"Potion Belt":1,"Ice Cream":6,"Gremlin Horn":16,"PreservedInsect":23,"Pen Nib":24,"Orichalcum":5,"Empty Cage":10,"Akabeko":4,"Du-Vu Doll":13,"OrangePellets":26,"Lizard Tail":21,"Nunchaku":27,"Ninja Scroll":17,"Bronze Scales":22,"Philosopher\u0027s Stone":18,"Toxic Egg 2":13,"Toy Ornithopter":12,"TungstenRod":30,"Ring of the Snake":0},{"Potion Belt":5,"Ice Cream":25,"Gremlin Horn":56,"PreservedInsect":88,"Pen Nib":93,"Orichalcum":22,"Empty Cage":38,"Akabeko":19,"Du-Vu Doll":46,"OrangePellets":98,"Lizard Tail":81,"Nunchaku":102,"Ninja Scroll":62,"Bronze Scales":85,"Philosopher\u0027s Stone":71,"Toxic Egg 2":46,"Toy Ornithopter":41,"TungstenRod":125,"Ring of the Snake":0}],"Toy Ornithopter":38,"TungstenRod":78,"Ring of the Snake":[60]},"card_choices":[{"not_picked":["Dagger Spray","Escape Plan"],"picked":"Bouncing Flask","floor":1.0},{"not_picked":["Deflect","Blade Dance"],"picked":"Endless Agony","floor":4.0},{"not_picked":["Footwork","Acrobatics"],"picked":"Blade Dance","floor":5.0},{"not_picked":["Flying Knee","Concentrate"],"picked":"Blade Dance","floor":7.0},{"not_picked":["Flying Knee","Acrobatics"],"picked":"Finisher","floor":8.0},{"not_picked":["Quick Slash","Setup"],"picked":"Slice","floor":10.0},{"not_picked":["Bouncing Flask","Endless Agony"],"picked":"Blade Dance","floor":11.0},{"not_picked":["Quick Slash","PiercingWail","Bane"],"picked":"SKIP","floor":13.0},{"not_picked":["Masterful Stab","Bane"],"picked":"Glass Knife","floor":14.0},{"not_picked":["Grand Finale","Die Die Die"],"picked":"Tools of the Trade","floor":16.0},{"not_picked":["Dash+1","Endless Agony+1"],"picked":"Backflip+1","floor":18.0},{"not_picked":["All Out Attack","Crippling Poison"],"picked":"Concentrate","floor":19.0},{"not_picked":["Bane","Caltrops"],"picked":"Calculated Gamble","floor":24.0},{"not_picked":["Escape Plan+1","Flying Knee"],"picked":"Blade Dance+1","floor":27.0},{"not_picked":["Blur+1","Bane"],"picked":"Crippling Poison+1","floor":28.0},{"not_picked":["Bane","Storm of Steel+1"],"picked":"Outmaneuver+1","floor":29.0},{"not_picked":["Deflect+1","Poisoned Stab","Escape Plan+1"],"picked":"SKIP","floor":31.0},{"not_picked":["Bullet Time+1","Glass Knife"],"picked":"Wraith Form v2","floor":33.0},{"not_picked":["Blade Dance+1","Infinite Blades+1","Poisoned Stab"],"picked":"SKIP","floor":35.0},{"not_picked":["Slice","Bane"],"picked":"Backflip+1","floor":36.0},{"not_picked":["Outmaneuver+1","Deflect+1"],"picked":"Tools of the Trade","floor":40.0},{"not_picked":["Endless Agony+1","Bouncing Flask+1"],"picked":"Cloak And Dagger+1","floor":42.0},{"not_picked":["Distraction+1","Deadly Poison+1","Quick Slash"],"picked":"SKIP","floor":44.0},{"not_picked":["Sucker Punch","Quick Slash+1","Dagger Throw"],"picked":"SKIP","floor":45.0},{"not_picked":["Bane","Noxious Fumes+1","Unload"],"picked":"SKIP","floor":46.0},{"not_picked":["Blur+1","Outmaneuver+1"],"picked":"Backflip+1","floor":48.0},{"not_picked":["Sucker Punch","Blade Dance+1","All Out Attack"],"picked":"SKIP","floor":55.0}],"player_experience":227677,"relics_obtained":[{"floor":7.0,"key":"Akabeko"},{"floor":9.0,"key":"Orichalcum"},{"floor":10.0,"key":"Ice Cream"},{"floor":24.0,"key":"Du-Vu Doll"},{"floor":26.0,"key":"Toxic Egg 2"},{"floor":29.0,"key":"Gremlin Horn"},{"floor":31.0,"key":"Ninja Scroll"},{"floor":37.0,"key":"Lizard Tail"},{"floor":40.0,"key":"Bronze Scales"},{"floor":42.0,"key":"PreservedInsect"},{"floor":44.0,"key":"Pen Nib"},{"floor":48.0,"key":"Nunchaku"},{"floor":55.0,"key":"TungstenRod"}],"event_choices":[{"damage_healed":0.0,"max_hp_gain":0.0,"max_hp_loss":0.0,"gold_gain":0.0,"event_name":"Scrap Ooze","player_choice":"Success","floor":2.0,"gold_loss":0.0,"damage_taken":5.0,"relics_obtained":["Potion Belt"]},{"damage_healed":0.0,"max_hp_gain":0.0,"max_hp_loss":0.0,"gold_gain":50.0,"event_name":"Golden Shrine","player_choice":"Pray","floor":3.0,"gold_loss":0.0,"damage_taken":0.0},{"damage_healed":0.0,"max_hp_gain":0.0,"max_hp_loss":33.0,"gold_gain":0.0,"event_name":"Ghosts","player_choice":"Became a Ghost","floor":20.0,"gold_loss":0.0,"damage_taken":0.0,"cards_obtained":["Ghostly","Ghostly","Ghostly"]},{"damage_healed":0.0,"max_hp_gain":0.0,"max_hp_loss":0.0,"gold_gain":0.0,"event_name":"Upgrade Shrine","player_choice":"Upgraded","floor":22.0,"gold_loss":0.0,"damage_taken":0.0,"cards_upgraded":["Tools of the Trade"]},{"damage_healed":0.0,"max_hp_gain":0.0,"max_hp_loss":0.0,"gold_gain":0.0,"event_name":"Mysterious Sphere","player_choice":"Fight","floor":37.0,"gold_loss":0.0,"damage_taken":0.0},{"damage_healed":0.0,"max_hp_gain":0.0,"max_hp_loss":0.0,"gold_gain":0.0,"cards_transformed":["Strike_G"],"event_name":"Transmorgrifier","player_choice":"Transformed","floor":39.0,"gold_loss":0.0,"damage_taken":0.0,"cards_obtained":["Dagger Throw"]}],"is_beta":false,"boss_relics":[{"not_picked":["Busted Crown","Ring of the Serpent"],"picked":"Empty Cage"},{"not_picked":["SacredBark","SlaversCollar"],"picked":"Philosopher\u0027s Stone"}],"items_purged_floors":[21,38],"is_endless":false,"potions_floor_spawned":[4,5,8,11,16,24,27,31,33,35,36,45,48,55],"ascension_level":20}}