{"host":"ie50qk0ts9eskyyo","time":1613712269,"event":{"mods":["BaseMod","Colored Map","Downfall","Highlight Path","Hubris","Infinite Spire","Minty Spire (QoL Compilation)","Replay The Spire","StSLib","The Jungle"],"gold_per_floor":[99,99,99,48,67,85,137,72,115,144,144,162,201,301,25,37,37,37],"floor_reached":16,"language":"ENG","playtime":1191,"items_purged":[],"score":102,"play_id":"9909d537-8214-4e0a-b0a7-85ba59b49034","local_time":"20210219002429","is_ascension_mode":false,"campfire_choices":[{"data":"sneckomod:Unknown","floor":1,"key":"SMITH"}],"circlet_count":0,"master_deck":["sneckomod:Strike","sneckomod:Strike","sneckomod:Strike","sneckomod:Defend","sneckomod:Defend","sneckomod:Defend","sneckomod:TailWhip","sneckomod:SnekBite","sneckomod:Unknown+1","sneckomod:Unknown","sneckomod:UnknownClassGREEN","sneckomod:DefensiveFlair","sneckomod:UnknownExhaust","Replay:SS_hec_1","sneckomod:UnknownClassRED","sneckomod:TrashToTreasure","sneckomod:MorePower","sneckomod:UnknownCommonAttack+1","sneckomod:Unknown0Cost+1","champ:IgnorePain+1","sneckomod:UnknownRareAttack+1","sneckomod:UnknownVulnerable","sneckomod:UnknownClassRED+1","sneckomod:UnknownRareSkill"],"relics":["sneckomod:SneckoSoul","downfall:HeartsMalice","Replay:Wax Seal","Pet Ghost","Replay:Bandana","Gremlin Horn"],"acts_visited":["Exordium"],"potions_floor_usage":[16,16],"damage_taken":[{"damage":0,"enemies":"2 Louse","floor":2,"turns":1},{"damage":0,"enemies":"Small Slimes","floor":3,"turns":1},{"damage":0,"enemies":"downfall:FleeingMerchant","floor":4,"turns":1},{"damage":8,"enemies":"Jaw Worm","floor":5,"turns":3},{"damage":41,"enemies":"Large Slime","floor":6,"turns":7},{"damage":0,"enemies":"downfall:FleeingMerchant","floor":8,"turns":4},{"damage":20,"enemies":"3 Sentries","floor":9,"turns":8},{"damage":6,"enemies":"Lots of Slimes","floor":10,"turns":2},{"damage":7,"enemies":"2 Fungi Beasts","floor":12,"turns":4},{"damage":1,"enemies":"Exordium Wildlife","floor":13,"turns":3},{"damage":0,"enemies":"Large Slime","floor":15,"turns":5},{"damage":18,"enemies":"DF_ARCHETYPE_STREAMLINE","floor":16,"turns":3}],"seed_played":"-4716863812939151210","potions_obtained":[{"floor":5,"key":"PowerPotion"},{"floor":9,"key":"Energy Potion"},{"floor":12,"key":"sneckomod:DiceRollPotion"}],"is_trial":false,"path_per_floor":["R","M","M","$","M","M","T","$","E","M","R","M","M","?","M","B"],"character_chosen":"THE_SNECKO","items_purchased":["Replay:Wax Seal","Replay:SS_hec_1","sneckomod:UnknownClassRED","sneckomod:TrashToTreasure","Replay:Bandana"],"campfire_rested":0,"item_purchase_floors":[4,4,4,4,8],"current_hp_per_floor":[90,90,90,90,82,41,41,41,21,15,15,8,7,7,7,0,0,0],"gold":37,"neow_bonus":"THREE_ENEMY_KILL","is_daily":false,"chose_seed":false,"campfire_upgraded":1,"win_rate":0.0,"timestamp":1613712269,"path_taken":["R_BF","M","M","$","M","M","T","$","E","M","R","M","M","?","M","BOSS"],"items_purchased_type":["Relic","Card","Card","Card","Relic"],"build_version":"2020-12-22","purchased_purges":0,"victory":false,"max_hp_per_floor":[90,90,90,90,90,90,90,90,90,90,90,90,90,90,90,90,90,90],"card_choices":[{"not_picked":["sneckomod:UnknownDraw","sneckomod:UnknownBlock"],"picked":"sneckomod:UnknownClassGREEN","floor":2},{"not_picked":["sneckomod:SoulDraw","sneckomod:IronFang"],"picked":"sneckomod:DefensiveFlair","floor":3},{"not_picked":["sneckomod:WideSting","sneckomod:SoulRoll"],"picked":"sneckomod:UnknownExhaust","floor":4},{"not_picked":["sneckomod:UnknownClassGREEN","sneckomod:UnknownCommonAttack"],"picked":"sneckomod:MorePower","floor":5},{"not_picked":["sneckomod:Unknown3Cost+1","sneckomod:UnknownCommonSkill+1"],"picked":"sneckomod:UnknownRareSkill+1","floor":6},{"not_picked":["sneckomod:DiceBlock","sneckomod:UnknownClassGREEN","sneckomod:SoulCleanse"],"picked":"SKIP","floor":6},{"not_picked":["sneckomod:UnknownClassGREEN+1","sneckomod:Unknown0Cost+1"],"picked":"sneckomod:UnknownCommonAttack+1","floor":8},{"not_picked":["sneckomod:DiceBlock","sneckomod:UnknownDraw","sneckomod:MasterEye"],"picked":"SKIP","floor":8},{"not_picked":["sneckomod:UnknownCommonAttack+1","sneckomod:UnknownClassGREEN+1"],"picked":"sneckomod:Unknown0Cost+1","floor":9},{"not_picked":["sneckomod:Nope","sneckomod:UnknownDraw","sneckomod:UnknownStrike"],"picked":"SKIP","floor":9},{"not_picked":["sneckomod:RainOfDice","sneckomod:UnknownCommonAttack","sneckomod:UnknownX"],"picked":"SKIP","floor":10},{"not_picked":["sneckomod:Unknown2Cost+1","sneckomod:UnknownCommonSkill+1"],"picked":"sneckomod:UnknownRareAttack+1","floor":12},{"not_picked":["sneckomod:UnknownUncommonPower","sneckomod:SoulRoll"],"picked":"sneckomod:UnknownVulnerable","floor":12},{"not_picked":["sneckomod:RainOfDice","sneckomod:Unknown1Cost","sneckomod:UnknownVulnerable"],"picked":"SKIP","floor":13},{"not_picked":["sneckomod:UnknownStrike+1","sneckomod:UnknownWeak+1"],"picked":"sneckomod:UnknownClassRED+1","floor":15},{"not_picked":["sneckomod:RainOfDice","sneckomod:UnknownClassGREEN"],"picked":"sneckomod:UnknownRareSkill","floor":15}],"player_experience":25083,"relics_obtained":[{"floor":7,"key":"Pet Ghost"},{"floor":9,"key":"Gremlin Horn"}],"event_choices":[],"is_beta":false,"boss_relics":[],"items_purged_floors":[],"is_endless":false,"potions_floor_spawned":[5,9,12,15],"killed_by":"DF_ARCHETYPE_STREAMLINE","ascension_level":0}}