{"host":"jfbo3eu2ui08ej1u","time":1613749610,"event":{"mods":["2.2 Compatiblity","AchievementEnabler","Act Like it!","Aspiration","BaseMod","Better Altar","Better Match","Better Note","Better Sensory Stone","Better Skull","Better Third Choice","Block Reminder","Colored Map","Colored Powertips","Conspire","DeckTracker","Displayed Cursed Tome","Energized Spire","Fox Events","GifTheSpireLib","Hermit","Hubris","Infinite Spire","Marked Mod","Minty Spire (QoL Compilation)","Monster B Gone","Pale of the Ancients","Poor People Problems","Quick Restart","Relic Filter","Reliquary","Reorder Act Four","Replay The Spire","Shop Mod","Spicy Shops","Spire Arcade","StSLib","Stuff the Spire","The Blue Laboratory","The Disciple","The Forsaken","The Hierophant","The Marked","Uncapped","Unceasing Turn Reminder","Wandering Minibosses"],"gold_per_floor":[114,130,146,146,165,196,196,211,238,270,270,297,297,297,297,297,297,376,426,446,361,361,115,155,155,180,180,180,180,191,191,211,226,226,297,297,310,310,310],"floor_reached":38,"language":"ENG","playtime":1658,"items_purged":["Writhe","Strike_P"],"score":1270,"play_id":"50124d8b-8161-48b5-98d9-0ad6ec09a31e","local_time":"20210219104650","is_ascension_mode":true,"campfire_choices":[{"floor":7.0,"key":"REST"},{"data":"Indignation","floor":11.0,"key":"SMITH"},{"data":"WindmillStrike","floor":17.0,"key":"SMITH"},{"data":"Replay:LoomingThreat","floor":25.0,"key":"SMITH"},{"floor":27.0,"key":"REST"},{"floor":34.0,"key":"REST"}],"circlet_count":0,"master_deck":["AscendersBane","Strike_P","Strike_P","Strike_P","Defend_P","Defend_P","Defend_P","Defend_P","Eruption+1","Vigilance","FlyingSleeves","WindmillStrike+1","Indignation+1","Protect","CrushJoints","FollowUp","SpiritShield+1","Conclude","Replay:LoomingThreat+1","Sanctity","WindmillStrike","ClearTheMind","ThirdEye","Study","ClearTheMind","Evaluate","Establishment","Whirlwind"],"relics":["PureWater","infinitespire:FocusingShard","hubris:SlimyHat","Blood Vial","White Beast Statue","hubris:Towel","Tiny House","reliquary:PrincelyHelmet","hubris:EmptyBottle","Art of War","Blood Vial","Akabeko","SlaversCollar","aspiration:IroncladSkillbook"],"acts_visited":["Exordium","TheCity","TheBeyond"],"potions_floor_usage":[35,35,35,35,38,38],"damage_taken":[{"damage":8.0,"enemies":"Jaw Worm","floor":1.0,"turns":6.0},{"damage":0.0,"enemies":"2 Louse","floor":2.0,"turns":2.0},{"damage":8.0,"enemies":"Small Slimes","floor":3.0,"turns":3.0},{"damage":0.0,"enemies":"Looter","floor":5.0,"turns":3.0},{"damage":24.0,"enemies":"Gremlin Nob","floor":6.0,"turns":4.0},{"damage":0.0,"enemies":"Exordium Wildlife","floor":8.0,"turns":3.0},{"damage":0.0,"enemies":"Lagavulin","floor":10.0,"turns":3.0},{"damage":21.0,"enemies":"Replay:BlueRogue","floor":12.0,"turns":5.0},{"damage":4.0,"enemies":"The Guardian","floor":18.0,"turns":11.0},{"damage":25.0,"enemies":"Chosen","floor":20.0,"turns":6.0},{"damage":33.0,"enemies":"Slavers","floor":26.0,"turns":6.0},{"damage":11.0,"enemies":"2 Thieves","floor":30.0,"turns":4.0},{"damage":18.0,"enemies":"Snake Plant","floor":32.0,"turns":5.0},{"damage":8.0,"enemies":"Cultist and Chosen","floor":33.0,"turns":5.0},{"damage":9,"enemies":"Pondfish","floor":35,"turns":7},{"damage":43,"enemies":"3 Darklings","floor":37,"turns":8},{"damage":38,"enemies":"Orb Walker","floor":38,"turns":4}],"seed_played":"-3226108377409654091","potions_obtained":[{"floor":2.0,"key":"SteroidPotion"},{"floor":5.0,"key":"Energy Potion"},{"floor":18.0,"key":"SteroidPotion"},{"floor":19.0,"key":"blueLaboratory:FaithlessPotion"},{"floor":30.0,"key":"GamblersBrew"},{"floor":33.0,"key":"BottledMiracle"},{"floor":35,"key":"Venom Potion"},{"floor":37,"key":"blueLaboratory:BubblePotion"}],"is_trial":false,"path_per_floor":["M","M","M","?","M","E","R","M","T","E","R","E","?","PTL","PTL","?","R","B",null,"M","?","?","$","?","R","E","R","T","AVR","M","?","M","M","R","B",null,"M","M"],"character_chosen":"WATCHER","items_purchased":["ClearTheMind","hubris:EmptyBottle","ThirdEye"],"campfire_rested":3,"item_purchase_floors":[23,23,23],"current_hp_per_floor":[59,59,51,51,51,27,49,49,49,49,49,30,30,30,30,40,40,38,70,47,47,43,43,43,43,12,35,35,35,28,28,14,10,33,28,66,31,0,0],"gold":310,"neow_bonus":"TEN_PERCENT_HP_BONUS","is_daily":false,"chose_seed":false,"campfire_upgraded":3,"win_rate":0.0,"timestamp":1613749610,"path_taken":["M","M","M","?","M","E","R","M","T","E","R","E","?","PTL","PTL","?","R","BOSS","M","?","?","?","?","R","E","R","T","AVR","M","?","?","?","R","BOSS","M","M"],"items_purchased_type":["Card","Relic","Card"],"build_version":"2020-12-22","purchased_purges":2,"victory":false,"max_hp_per_floor":[74,74,74,74,74,74,74,74,74,74,74,74,74,74,74,74,74,74,79,79,79,79,79,79,79,79,79,79,79,79,79,79,79,79,79,79,79,79,79],"card_choices":[{"not_picked":["MarkedMod:Acupuncture","EmptyBody"],"picked":"FlyingSleeves","floor":1.0},{"not_picked":["BowlingBash","MentalFortress"],"picked":"WindmillStrike","floor":2.0},{"not_picked":["Consecrate","EmptyMind"],"picked":"Indignation","floor":3.0},{"not_picked":["EmptyFist","Prostrate"],"picked":"Protect","floor":5.0},{"not_picked":["LikeWater","ReachHeaven"],"picked":"CrushJoints","floor":6.0},{"not_picked":["EmptyBody","MarkedMod:GentlePulse"],"picked":"FollowUp","floor":8.0},{"not_picked":["MarkedMod:GentlePulse","EmptyBody"],"picked":"SpiritShield","floor":10.0},{"not_picked":["Study","Crescendo"],"picked":"Conclude","floor":12.0},{"not_picked":["Blasphemy","Brilliance"],"picked":"Replay:LoomingThreat","floor":18.0},{"not_picked":["FlurryOfBlows","EmptyBody"],"picked":"Sanctity","floor":19.0},{"not_picked":["EmptyFist+1","Vengeance"],"picked":"WindmillStrike","floor":20.0},{"not_picked":["CutThroughFate","ForeignInfluence","MarkedMod:FirstStrike"],"picked":"SKIP","floor":26.0},{"not_picked":["MarkedMod:FirstStrike","MentalFortress"],"picked":"Study","floor":30.0},{"not_picked":["CrushJoints+1","MarkedMod:Acupuncture"],"picked":"ClearTheMind","floor":32.0},{"not_picked":["Crescendo","MarkedMod:Acupuncture"],"picked":"Evaluate","floor":33.0},{"not_picked":["SpiritShield","LessonLearned"],"picked":"Establishment","floor":35},{"not_picked":["CutThroughFate+1","Perfected Strike","Armaments"],"picked":"Whirlwind","floor":37}],"player_experience":1350658,"relics_obtained":[{"floor":6.0,"key":"infinitespire:FocusingShard"},{"floor":9.0,"key":"hubris:SlimyHat"},{"floor":10.0,"key":"Blood Vial"},{"floor":12.0,"key":"White Beast Statue"},{"floor":26.0,"key":"Art of War"},{"floor":28.0,"key":"reliquary:SculptingSteel"}],"event_choices":[{"damage_healed":0.0,"max_hp_gain":0.0,"max_hp_loss":0.0,"gold_gain":0.0,"event_name":"Living Wall","player_choice":"Grow","floor":4.0,"gold_loss":0.0,"damage_taken":0.0,"cards_upgraded":["Eruption"]},{"damage_healed":0.0,"max_hp_gain":0.0,"max_hp_loss":0.0,"gold_gain":0.0,"event_name":"Addict","player_choice":"Obtained Relic","floor":21.0,"gold_loss":85.0,"damage_taken":0.0,"relics_obtained":["reliquary:PrincelyHelmet"]},{"damage_healed":0.0,"max_hp_gain":0.0,"max_hp_loss":0.0,"gold_gain":0.0,"event_name":"conspire:Investor","player_choice":"Leave","floor":22.0,"gold_loss":0.0,"damage_taken":0.0}],"is_beta":false,"boss_relics":[{"not_picked":["aspiration:DefectSkillbook","reliquary:RedPaperclip"],"picked":"Tiny House"},{"not_picked":["aspiration:FutureDiary","Empty Cage"],"picked":"aspiration:IroncladSkillbook"}],"items_purged_floors":[23,29],"is_endless":false,"potions_floor_spawned":[2,5,18,20,26,30,32,33,35,37],"killed_by":"Orb Walker","ascension_level":20}}