{"host":"htqwg582tjjtn9p7","time":1613771411,"event":{"mods":["2.2 Compatiblity","AchievementEnabler","Act Like it!","Aspiration","BaseMod","Better Third Choice","Colored Map","Conspire","Curses Come First","Displayed Cursed Tome","Energized Spire","Force Act Four","Fox Events","GifTheSpireLib","Hermit","Highlight Path","JesterMod","Mad Scientist","Minty Spire (QoL Compilation)","Pale of the Ancients","Permanent Neow","Random Character Button","Relic Stats","Reliquary","Replay The Spire","Robot Space Explorer","Somnambulant","Spicy Shops","Spikes Relics","StSLib","Stuff the Spire","The Blue Laboratory","The Bug Knight","The Forsaken","The Gatherer","The Judge","The Jungle","The Marked","The Runesmith","The Servant 0.9.4","Uncapped"],"gold_per_floor":[119,394,75,125,143,174,189,189,189,224,224,238,238,249,249,344,344,361,376,376,386,19,50,60,94,94,94,109,109,139,139,139,236,236,253,264,278,278,298,328,328,362,389,404,404,437,70,86,86,86,97,109,137,137,137,156,156,7,7,7],"floor_reached":61,"language":"ENG","playtime":2033,"items_purged":["Regret","Dagger Throw"],"score":2627,"play_id":"ece2dc87-ebb7-4674-b05a-3f2e278cf24a","local_time":"20210219225011","is_ascension_mode":true,"campfire_choices":[{"floor":8,"key":"REST"},{"data":"RobotSpaceExplorer:MiniBoosters","floor":11,"key":"SMITH"},{"data":"RobotSpaceExplorer:MiniLasers","floor":13,"key":"SMITH"},{"data":"RobotSpaceExplorer:MiniDrones","floor":15,"key":"SMITH"},{"data":"Finisher","floor":27,"key":"SMITH"},{"data":"RobotSpaceExplorer:Jetpack","floor":29,"key":"SMITH"},{"floor":32,"key":"REST"},{"data":"RobotSpaceExplorer:LuckyStrike","floor":41,"key":"SMITH"},{"floor":45,"key":"REST"},{"data":"RobotSpaceExplorer:Defend","floor":49,"key":"PURGE"},{"data":"RobotSpaceExplorer:MiniBoosters","floor":55,"key":"SMITH"},{"floor":57,"key":"RECALL"}],"circlet_count":0,"master_deck":["AscendersBane","RobotSpaceExplorer:Defend","RobotSpaceExplorer:Scan","RobotSpaceExplorer:MiniLasers+1","RobotSpaceExplorer:LuckyStrike+1","RobotSpaceExplorer:MiniBoosters+1","RobotSpaceExplorer:IronShell","RobotSpaceExplorer:JunkDive","RobotSpaceExplorer:MiniDrones+1","RobotSpaceExplorer:ScrapMissile","RobotSpaceExplorer:Multitool+1","RobotSpaceExplorer:JunkDive","RobotSpaceExplorer:ScrapToss","Finisher+1","Masterful Stab","Panache+1","RobotSpaceExplorer:ScrapMissile+1","RobotSpaceExplorer:GearShield","RobotSpaceExplorer:MiniBoosters+1","RobotSpaceExplorer:TrailblazerForm+1","RobotSpaceExplorer:GlueShot+1","RobotSpaceExplorer:Ammunition+1","RobotSpaceExplorer:DoubleFind+1","RobotSpaceExplorer:ScrapMissile+1","RobotSpaceExplorer:Calculate+1","RobotSpaceExplorer:MiniBoosters+1","RobotSpaceExplorer:Calculate+1","RobotSpaceExplorer:MiniBoosters+1"],"relics":["Replay:Drink Me","Simple Rune","Strawberry","Potion Belt","Golden Egg","Shuriken","energizedSpire:OgreHead","StuffTheSpire:GrapeVine","theForsaken:HumbleEgg","Mummified Hand","Dream Catcher","conspire:SpecialSausage","Unceasing Top","reliquary:WeakTea","aspiration:ChemicalBlood","Replay:Wax Seal","MiniBlackHole","OrangePellets","paleoftheancients:Timepiece","paleoftheancients:KeyRelic","Ice Cream","Gremlin Horn","paleoftheancients:SoulOfTheWokeBloke","reliquary:NewFriend","aspiration:Lifesprig"],"acts_visited":["Exordium","TheCity","TheBeyond","TheBeyond"],"potions_floor_usage":[10,16,25,40,50],"damage_taken":[{"damage":0,"enemies":"2 Louse","floor":1,"turns":3},{"damage":0,"enemies":"Cultist","floor":5,"turns":3},{"damage":31,"enemies":"Gremlin Nob","floor":6,"turns":5},{"damage":0,"enemies":"Jaw Worm","floor":7,"turns":4},{"damage":0,"enemies":"Lagavulin","floor":10,"turns":5},{"damage":0,"enemies":"Blue Slaver","floor":12,"turns":2},{"damage":4,"enemies":"Exordium Wildlife","floor":14,"turns":3},{"damage":0,"enemies":"Hexaghost","floor":16,"turns":6},{"damage":0,"enemies":"2 Thieves","floor":18,"turns":2},{"damage":0,"enemies":"3 Byrds","floor":19,"turns":2},{"damage":0,"enemies":"Shelled Parasite and Fungi","floor":21,"turns":1},{"damage":0,"enemies":"Gremlin Leader","floor":23,"turns":2},{"damage":0,"enemies":"Snecko","floor":24,"turns":3},{"damage":0,"enemies":"Book of Stabbing","floor":25,"turns":3},{"damage":0,"enemies":"Sentry and Sphere","floor":28,"turns":1},{"damage":0,"enemies":"Gremlin Leader","floor":30,"turns":3},{"damage":0,"enemies":"Automaton","floor":33,"turns":4},{"damage":0,"enemies":"Orb Walker","floor":35,"turns":2},{"damage":0,"enemies":"3 Shapes","floor":36,"turns":2},{"damage":0,"enemies":"Sphere and 2 Shapes","floor":37,"turns":2},{"damage":0,"enemies":"3 Darklings","floor":39,"turns":3},{"damage":0,"enemies":"Nemesis","floor":40,"turns":3},{"damage":0,"enemies":"Giant Head","floor":42,"turns":3},{"damage":0,"enemies":"Transient","floor":44,"turns":5},{"damage":0,"enemies":"Reptomancer","floor":46,"turns":3},{"damage":0,"enemies":"Maw","floor":48,"turns":4},{"damage":0,"enemies":"conspire:OrnateMirror","floor":50,"turns":5},{"damage":0,"enemies":"conspire:OrnateMirror","floor":51,"turns":3},{"damage":0,"enemies":"conspire:OrnateMirror","floor":52,"turns":3},{"damage":0,"enemies":"conspire:MimicChest","floor":53,"turns":1},{"damage":0,"enemies":"conspire:MimicChest","floor":56,"turns":1},{"damage":0,"enemies":"paleoftheancients:N","floor":60,"turns":5}],"seed_played":"1138818233370533743","potions_obtained":[{"floor":6,"key":"blueLaboratory:PhilterOfMotion"},{"floor":14,"key":"GamblersBrew"},{"floor":16,"key":"Venom Potion"},{"floor":19,"key":"PowerPotion"},{"floor":21,"key":"blueLaboratory:HummingbirdPotion"},{"floor":25,"key":"GamblersBrew"},{"floor":33,"key":"FairyPotion"},{"floor":37,"key":"SkillPotion"},{"floor":39,"key":"Weak Potion"},{"floor":40,"key":"blueLaboratory:FrostheartPotion"},{"floor":51,"key":"Energy Potion"}],"is_trial":false,"path_per_floor":["M","?","$","T","M","E","M","R","T","E","R","M","R","M","R","B",null,"M","M","?","M","$","E","M","E","T","R","M","R","E","?","R","B",null,"M","M","M","?","M","E","R","E","T","M","R","E","$","M","R_BF","B","M","M","?","T","R","M","R","$","?","B",null],"character_chosen":"RobotSpaceExplorer","items_purchased":["RobotSpaceExplorer:MiniBoosters","Simple Rune","Panache","MiniBlackHole","RobotSpaceExplorer:MiniBoosters","OrangePellets","aspiration:Lifesprig"],"campfire_rested":3,"item_purchase_floors":[3,3,22,47,47,47,58],"current_hp_per_floor":[57,57,57,64,64,33,33,52,52,52,52,52,52,48,48,48,60,60,60,60,60,60,60,60,60,60,60,60,60,60,49,69,69,69,69,69,69,69,69,69,69,69,69,69,69,69,69,69,69,69,69,69,69,69,69,69,69,69,69,69],"gold":7,"neow_bonus":"BOSS_RELIC","is_daily":false,"chose_seed":false,"campfire_upgraded":7,"win_rate":0.0,"timestamp":1613771411,"path_taken":["M","?","$","?","?","E","M","R","T","E","R","M","R","M","R","BOSS","M","M","?","M","$","E","M","E","T","R","?","R","E","?","R","BOSS","M","M","M","?","M","E","R","E","T","M","R","E","$","M","R_BF","BOSS","M","M","?","T","R","M","R","$","?","BOSS"],"items_purchased_type":["Card","Relic","Card","Relic","Card","Relic","Relic"],"build_version":"2020-12-22","purchased_purges":2,"victory":true,"max_hp_per_floor":[57,57,57,64,64,64,64,64,64,64,64,64,64,64,64,64,64,64,64,64,64,64,64,64,64,64,64,64,64,64,69,69,69,69,69,69,69,69,69,69,69,69,69,69,69,69,69,69,69,69,69,69,69,69,69,69,69,69,69,69],"relic_stats":{"OrangePellets":[1],"Dream Catcher":2,"Gremlin Horn":[20,20],"counters":[32,97],"Shuriken":[103],"Mummified Hand":[88],"obtain_stats":[{"Ice Cream":50,"Golden Egg":9,"aspiration:Lifesprig":58,"Gremlin Horn":50,"conspire:SpecialSausage":34,"StuffTheSpire:GrapeVine":23,"theForsaken:HumbleEgg":25,"Dream Catcher":30,"Mummified Hand":26,"Strawberry":4,"MiniBlackHole":47,"reliquary:NewFriend":53,"Replay:Wax Seal":46,"Replay:Drink Me":0,"aspiration:ChemicalBlood":43,"Potion Belt":6,"paleoftheancients:KeyRelic":50,"RobotSpaceExplorer:RoboCore":0,"energizedSpire:OgreHead":17,"reliquary:WeakTea":42,"paleoftheancients:Timepiece":50,"OrangePellets":47,"Shuriken":10,"paleoftheancients:SoulOfTheWokeBloke":51,"Simple Rune":3,"Unceasing Top":40},{"Ice Cream":27,"Golden Egg":4,"aspiration:Lifesprig":31,"Gremlin Horn":27,"conspire:SpecialSausage":17,"StuffTheSpire:GrapeVine":12,"theForsaken:HumbleEgg":14,"Dream Catcher":16,"Mummified Hand":14,"Strawberry":1,"MiniBlackHole":25,"reliquary:NewFriend":30,"Replay:Wax Seal":25,"Replay:Drink Me":0,"aspiration:ChemicalBlood":23,"Potion Belt":3,"paleoftheancients:KeyRelic":27,"RobotSpaceExplorer:RoboCore":0,"energizedSpire:OgreHead":8,"reliquary:WeakTea":23,"paleoftheancients:Timepiece":27,"OrangePellets":25,"Shuriken":5,"paleoftheancients:SoulOfTheWokeBloke":28,"Simple Rune":1,"Unceasing Top":22},{"Ice Cream":84,"Golden Egg":15,"aspiration:Lifesprig":92,"Gremlin Horn":84,"conspire:SpecialSausage":52,"StuffTheSpire:GrapeVine":38,"theForsaken:HumbleEgg":44,"Dream Catcher":48,"Mummified Hand":44,"Strawberry":3,"MiniBlackHole":75,"reliquary:NewFriend":91,"Replay:Wax Seal":75,"Replay:Drink Me":0,"aspiration:ChemicalBlood":67,"Potion Belt":11,"paleoftheancients:KeyRelic":84,"RobotSpaceExplorer:RoboCore":0,"energizedSpire:OgreHead":31,"reliquary:WeakTea":67,"paleoftheancients:Timepiece":84,"OrangePellets":75,"Shuriken":20,"paleoftheancients:SoulOfTheWokeBloke":87,"Simple Rune":3,"Unceasing Top":64}],"Unceasing Top":[8]},"card_choices":[{"not_picked":["RobotSpaceExplorer:DoubleBlock","RobotSpaceExplorer:Discharger"],"picked":"RobotSpaceExplorer:LuckyStrike","floor":1},{"not_picked":["RobotSpaceExplorer:Ammunition","RobotSpaceExplorer:JunkDive"],"picked":"RobotSpaceExplorer:IronShell","floor":5},{"not_picked":["RobotSpaceExplorer:Pulsar","RobotSpaceExplorer:Counterblock"],"picked":"RobotSpaceExplorer:JunkDive","floor":6},{"not_picked":["RobotSpaceExplorer:MetalStrike","RobotSpaceExplorer:Discharger"],"picked":"RobotSpaceExplorer:MiniDrones","floor":7},{"not_picked":["RobotSpaceExplorer:Probe","RobotSpaceExplorer:SurgingShield"],"picked":"RobotSpaceExplorer:ScrapMissile","floor":10},{"not_picked":["RobotSpaceExplorer:LaserBurst","RobotSpaceExplorer:Counterblock"],"picked":"RobotSpaceExplorer:Multitool","floor":12},{"not_picked":["RobotSpaceExplorer:Counterblock","RobotSpaceExplorer:Calculate"],"picked":"RobotSpaceExplorer:JunkDive","floor":14},{"not_picked":["RobotSpaceExplorer:FranticSearch","RobotSpaceExplorer:ImprovisedAttack","RobotSpaceExplorer:Blitz+1"],"picked":"SKIP","floor":18},{"not_picked":["RobotSpaceExplorer:ScrapShield","RobotSpaceExplorer:FranticSearch"],"picked":"RobotSpaceExplorer:ScrapToss","floor":19},{"not_picked":["RobotSpaceExplorer:GlueShot","RobotSpaceExplorer:SwiftStep"],"picked":"RobotSpaceExplorer:Jetpack","floor":21},{"not_picked":["RobotSpaceExplorer:Electroshield","RobotSpaceExplorer:ToxicBomb","RobotSpaceExplorer:Counterblock"],"picked":"SKIP","floor":23},{"not_picked":["RobotSpaceExplorer:Counterblock+1","RobotSpaceExplorer:LaserBurst+1","RobotSpaceExplorer:SurgingStrike"],"picked":"SKIP","floor":24},{"not_picked":["RobotSpaceExplorer:StarDust","RobotSpaceExplorer:Pulsar+1"],"picked":"RobotSpaceExplorer:ScrapMissile+1","floor":25},{"not_picked":["RobotSpaceExplorer:SwiftStep+1","RobotSpaceExplorer:LaserBurst+1"],"picked":"RobotSpaceExplorer:GearShield","floor":28},{"not_picked":["RobotSpaceExplorer:Multitool","RobotSpaceExplorer:FrostMissile+1"],"picked":"RobotSpaceExplorer:MiniBoosters+1","floor":30},{"not_picked":["RobotSpaceExplorer:Exploration","RobotSpaceExplorer:Explosion"],"picked":"RobotSpaceExplorer:TrailblazerForm","floor":33},{"not_picked":["RobotSpaceExplorer:Electroshield+1","RobotSpaceExplorer:Blitz"],"picked":"RobotSpaceExplorer:GlueShot+1","floor":35},{"not_picked":["RobotSpaceExplorer:JunkDive+1","RobotSpaceExplorer:ShockKick+1"],"picked":"RobotSpaceExplorer:Ammunition+1","floor":36},{"not_picked":["RobotSpaceExplorer:Probe+1","RobotSpaceExplorer:Counterblock+1","RobotSpaceExplorer:StarLightning"],"picked":"SKIP","floor":37},{"not_picked":["RobotSpaceExplorer:FrostMissile+1","RobotSpaceExplorer:ToxicBomb+1"],"picked":"RobotSpaceExplorer:DoubleFind+1","floor":39},{"not_picked":["RobotSpaceExplorer:ImprovisedAttack+1","RobotSpaceExplorer:ShovelStrike+1","RobotSpaceExplorer:Blitz+1"],"picked":"SKIP","floor":40},{"not_picked":["RobotSpaceExplorer:SlimeMissile+1","RobotSpaceExplorer:Probe+1"],"picked":"RobotSpaceExplorer:ScrapMissile+1","floor":42},{"not_picked":["RobotSpaceExplorer:Counterblock+1","RobotSpaceExplorer:Fix+1","RobotSpaceExplorer:ImprovisedAttack+1"],"picked":"SKIP","floor":44},{"not_picked":["RobotSpaceExplorer:HighVoltage","RobotSpaceExplorer:Probe+1"],"picked":"RobotSpaceExplorer:Calculate+1","floor":46},{"not_picked":["RobotSpaceExplorer:Electroshield","RobotSpaceExplorer:Reload+1"],"picked":"RobotSpaceExplorer:Calculate+1","floor":48},{"not_picked":["RobotSpaceExplorer:ShockKick+1","RobotSpaceExplorer:Pulsar+1","RobotSpaceExplorer:SurgingStrike+1"],"picked":"SKIP","floor":51},{"not_picked":["RobotSpaceExplorer:SwiftStep+1","RobotSpaceExplorer:MetalStrike+1","RobotSpaceExplorer:GlueSpray+1"],"picked":"SKIP","floor":52},{"not_picked":["RobotSpaceExplorer:GlueShot+1","RobotSpaceExplorer:BigMissile"],"picked":"RobotSpaceExplorer:MiniBoosters","floor":53},{"not_picked":["RobotSpaceExplorer:ImprovisedAttack+1","RobotSpaceExplorer:Multitool","RobotSpaceExplorer:ShovelStrike+1"],"picked":"SKIP","floor":56}],"player_experience":2051434,"relics_obtained":[{"floor":4,"key":"Strawberry"},{"floor":6,"key":"Potion Belt"},{"floor":9,"key":"Golden Egg"},{"floor":10,"key":"Shuriken"},{"floor":23,"key":"StuffTheSpire:GrapeVine"},{"floor":25,"key":"theForsaken:HumbleEgg"},{"floor":26,"key":"Mummified Hand"},{"floor":30,"key":"Dream Catcher"},{"floor":40,"key":"Unceasing Top"},{"floor":42,"key":"reliquary:WeakTea"},{"floor":43,"key":"aspiration:ChemicalBlood"},{"floor":46,"key":"Replay:Wax Seal"},{"floor":51,"key":"paleoftheancients:SoulOfTheWokeBloke"},{"floor":53,"key":"reliquary:NewFriend"}],"event_choices":[{"damage_healed":0,"gold_gain":275,"player_choice":"Desecrate","damage_taken":0,"max_hp_gain":0,"max_hp_loss":0,"event_name":"Golden Shrine","floor":2,"gold_loss":0,"cards_obtained":["Regret"]},{"damage_healed":0,"gold_gain":0,"player_choice":"Shed Blood","damage_taken":16,"max_hp_gain":5,"max_hp_loss":0,"event_name":"Forgotten Altar","floor":31,"gold_loss":0},{"cards_removed":["RobotSpaceExplorer:Jetpack"],"damage_healed":0,"gold_gain":0,"player_choice":"Removed Skill","damage_taken":0,"max_hp_gain":0,"max_hp_loss":0,"event_name":"Falling","floor":38,"gold_loss":0}],"is_beta":false,"boss_relics":[{"not_picked":["StuffTheSpire:Kangaroo","reliquary:Ember"],"picked":"energizedSpire:OgreHead"},{"not_picked":["StuffTheSpire:ModemDavis","Kintsugi"],"picked":"conspire:SpecialSausage"}],"items_purged_floors":[3,22],"is_endless":false,"potions_floor_spawned":[6,14,16,19,21,25,33,37,39,40,46,48,51,53],"ascension_level":10}}