{"host":"0mhttqdumuceah7q","time":1613751002,"event":{"mods":["AchievementEnabler","BaseMod","Colored Map","DeckTracker","Minty Spire (QoL Compilation)","Permanent Neow"],"gold_per_floor":[112,129,7,7,7,32,32,45,92,10,10,20,32,49,49,150,150,165,178,178,193,93,122,136,136,136],"floor_reached":25,"language":"KOR","playtime":848,"items_purged":["Strike_G"],"score":288,"play_id":"b4b0321f-7049-4536-87b1-aa373c678961","local_time":"20210220011002","is_ascension_mode":true,"campfire_choices":[{"data":"Terror","floor":7,"key":"SMITH"},{"data":"Neutralize","floor":11,"key":"SMITH"},{"data":"Adrenaline","floor":15,"key":"SMITH"}],"circlet_count":0,"master_deck":["Strike_G","Strike_G","Strike_G","Defend_G","Defend_G","Defend_G","Defend_G","Defend_G","Survivor","Neutralize+1","Finisher","Terror+1","Infinite Blades","Flash of Steel","Catalyst","Blade Dance","Adrenaline+1","Poisoned Stab","Cloak And Dagger","Prepared","Adrenaline","Blade Dance","Cloak And Dagger","Acrobatics","Outmaneuver","Wraith Form v2","All Out Attack+1"],"relics":["Ring of the Snake","NeowsBlessing","Bronze Scales","Boot","MealTicket","HoveringKite","Matryoshka"],"acts_visited":["Exordium","TheCity"],"potions_floor_usage":[16,23,25,25],"damage_taken":[{"damage":0,"enemies":"Cultist","floor":1,"turns":1},{"damage":0,"enemies":"2 Louse","floor":2,"turns":1},{"damage":0,"enemies":"Lagavulin","floor":6,"turns":1},{"damage":0,"enemies":"Small Slimes","floor":8,"turns":2},{"damage":6,"enemies":"Exordium Thugs","floor":12,"turns":2},{"damage":13,"enemies":"Exordium Wildlife","floor":13,"turns":3},{"damage":8,"enemies":"Lots of Slimes","floor":14,"turns":2},{"damage":22,"enemies":"Hexaghost","floor":16,"turns":6},{"damage":0,"enemies":"3 Byrds","floor":18,"turns":2},{"damage":0,"enemies":"Chosen","floor":19,"turns":3},{"damage":42,"enemies":"Sentry and Sphere","floor":21,"turns":6},{"damage":33,"enemies":"Slavers","floor":23,"turns":4},{"damage":9,"enemies":"Centurion and Healer","floor":24,"turns":5},{"damage":1,"enemies":"Book of Stabbing","floor":25,"turns":1}],"seed_played":"8869501296013336398","potions_obtained":[{"floor":2,"key":"PowerPotion"},{"floor":6,"key":"Poison Potion"},{"floor":8,"key":"SpeedPotion"},{"floor":19,"key":"Fire Potion"},{"floor":20,"key":"LiquidBronze"},{"floor":20,"key":"Energy Potion"},{"floor":24,"key":"LiquidBronze"}],"is_trial":false,"path_per_floor":["M","M","$","?","?","E","R","M","T","$","R","M","M","M","R","B",null,"M","M","?","M","$","E","M","E"],"character_chosen":"THE_SILENT","items_purchased":["Infinite Blades","Flash of Steel","Adrenaline","Outmaneuver"],"campfire_rested":0,"item_purchase_floors":[3,3,10,22],"current_hp_per_floor":[70,70,70,63,63,63,63,63,63,70,70,64,51,43,43,21,70,70,70,70,28,43,10,1,0,0],"gold":136,"neow_bonus":"THREE_ENEMY_KILL","is_daily":false,"chose_seed":false,"campfire_upgraded":3,"win_rate":0.0,"timestamp":1613751002,"path_taken":["M","?","$","?","?","E","R","M","T","$","R","M","M","M","R","BOSS","M","?","?","M","$","E","M","E"],"items_purchased_type":["Card","Card","Card","Card"],"build_version":"2020-12-22","purchased_purges":1,"victory":false,"max_hp_per_floor":[70,70,70,70,70,70,70,70,70,70,70,70,70,70,70,70,70,70,70,70,70,70,70,70,70,70],"card_choices":[{"not_picked":["Flying Knee","Quick Slash"],"picked":"Finisher","floor":1},{"not_picked":["PiercingWail","Outmaneuver"],"picked":"Terror","floor":2},{"not_picked":["Deflect","Prepared"],"picked":"Catalyst","floor":6},{"not_picked":["Dagger Spray","Prepared"],"picked":"Blade Dance","floor":8},{"not_picked":["Bane","Dagger Throw"],"picked":"Poisoned Stab","floor":12},{"not_picked":["Predator","Noxious Fumes"],"picked":"Cloak And Dagger","floor":13},{"not_picked":["Deflect","Acrobatics"],"picked":"Prepared","floor":14},{"not_picked":["Night Terror","Grand Finale"],"picked":"Adrenaline","floor":16},{"not_picked":["Dodge and Roll","Distraction"],"picked":"Blade Dance","floor":18},{"not_picked":["PiercingWail","Sucker Punch"],"picked":"Cloak And Dagger","floor":19},{"not_picked":["Quick Slash","Footwork"],"picked":"Acrobatics","floor":21},{"not_picked":["All Out Attack","Dash"],"picked":"Wraith Form v2","floor":23},{"not_picked":["Outmaneuver+1","Acrobatics"],"picked":"All Out Attack+1","floor":24}],"player_experience":133859,"relics_obtained":[{"floor":6,"key":"Boot"},{"floor":9,"key":"MealTicket"},{"floor":23,"key":"Matryoshka"}],"event_choices":[{"cards_removed":["Strike_G"],"damage_healed":0,"gold_gain":0,"player_choice":"Card Removal","damage_taken":7,"max_hp_gain":0,"max_hp_loss":0,"event_name":"Golden Wing","floor":4,"gold_loss":0},{"damage_healed":0,"gold_gain":0,"player_choice":"Gave Potion","damage_taken":0,"relics_obtained":["Bronze Scales"],"max_hp_gain":0,"max_hp_loss":0,"event_name":"WeMeetAgain","floor":5,"gold_loss":0},{"damage_healed":0,"gold_gain":0,"player_choice":"Got Potions","damage_taken":0,"max_hp_gain":0,"max_hp_loss":0,"event_name":"Lab","floor":20,"gold_loss":0}],"is_beta":false,"boss_relics":[{"not_picked":["SacredBark","Cursed Key"],"picked":"HoveringKite"}],"items_purged_floors":[22],"is_endless":false,"potions_floor_spawned":[2,6,8,19,24],"killed_by":"Book of Stabbing","ascension_level":3}}