{"host":"l8j2eaviddq1qvzn","time":1613773702,"event":{"mods":["BaseMod","Curses Come First","Downfall","Evolution","Filter the Spire","Fox Events","Infinite Spire","Minty Spire (QoL Compilation)","Practice Mode","Reliquary","Replay The Spire","Shop Mod","StS++","StSLib","Wide Potions"],"gold_per_floor":[99,112,131,131,148,160,184,184,184,214,42,62,97,111,126,231,231,231,242,242,260,260,260,260,277,277,277,277],"floor_reached":26,"language":"ENG","playtime":1537,"items_purged":[],"score":245,"play_id":"d9c2f711-d89e-4df9-8b37-4b129ececb00","local_time":"20210219232822","is_ascension_mode":false,"campfire_choices":[{"floor":1.0,"key":"DIG"},{"data":"champ:StanceDance","floor":8.0,"key":"SMITH"},{"data":"champ:Devastate","floor":18,"key":"SMITH"},{"floor":23,"key":"REST"}],"circlet_count":0,"master_deck":["champ:Strike","champ:Strike","champ:Strike","champ:Strike","champ:Defend","champ:Defend","champ:Defend","champ:Defend","champ:Execute","champ:Taunt","champ:StanceDance+1","champ:TornadoPunch","champ:Execute","champ:FanOfKnives","champ:GutPunch","champ:FlashCut","champ:CalledShot","champ:UltimateStance","champ:EnGarde","champ:CalledShot","champ:Devastate+1","RitualDagger","champ:CalledShot","champ:SkillfulDodge"],"relics":["champ:ChampionCrown","EVO:Axolotl","reliquary:ExpiredCoupon","MealTicket","reliquary:Firecrackers","Regal Pillow","reliquary:TuningFork","SacredBark"],"acts_visited":["Exordium","TheCity"],"potions_floor_usage":[16,25],"damage_taken":[{"damage":20.0,"enemies":"2 Louse","floor":2.0,"turns":4.0},{"damage":25.0,"enemies":"Cultist","floor":3.0,"turns":3.0},{"damage":22.0,"enemies":"Small Slimes","floor":5.0,"turns":3.0},{"damage":32.0,"enemies":"downfall:LooterAlt","floor":6.0,"turns":5.0},{"damage":41.0,"enemies":"Gremlin Nob","floor":10.0,"turns":4.0},{"damage":25.0,"enemies":"downfall:FleeingMerchant","floor":11.0,"turns":4.0},{"damage":17.0,"enemies":"Exordium Wildlife","floor":12.0,"turns":4.0},{"damage":21,"enemies":"3 Sentries","floor":13,"turns":4},{"damage":28,"enemies":"Red Slaver","floor":14,"turns":3},{"damage":15,"enemies":"Large Slime","floor":15,"turns":3},{"damage":87,"enemies":"WA_ARCHETYPE_RETAIN","floor":16,"turns":7},{"damage":30,"enemies":"downfall:LooterAlt2","floor":19,"turns":4},{"damage":27,"enemies":"Spheric Guardian","floor":21,"turns":5},{"damage":76,"enemies":"Snake Plant","floor":25,"turns":5},{"damage":69,"enemies":"Cultist and Chosen","floor":26,"turns":4}],"seed_played":"-641167806352240878","potions_obtained":[{"floor":5.0,"key":"StSpp:ScatteredPotion"},{"floor":6.0,"key":"AttackPotion"},{"floor":19,"key":"Dexterity Potion"},{"floor":21,"key":"SkillPotion"},{"floor":25,"key":"Fruit Juice"}],"is_trial":false,"path_per_floor":["R","M","M","?","M","M","T","R","T","E","$","M","E","M","M","B",null,"R","M","?","M","?","R","T","M","M"],"character_chosen":"THE_CHAMP","items_purchased":["champ:UltimateStance"],"campfire_rested":1,"item_purchase_floors":[11],"current_hp_per_floor":[99,99,99,99,97,90,90,90,90,69,84,82,81,73,73,26,99,99,79,73,61,61,99,99,63,0,0,0],"gold":277,"neow_bonus":"TEN_PERCENT_HP_BONUS","is_daily":false,"chose_seed":false,"campfire_upgraded":2,"win_rate":0.0,"timestamp":1613773702,"path_taken":["R","M","M","?","M","?","T","R","?","E","$","M","E","?","M","BOSS","R","M","?","M","?","R","T","M","M"],"items_purchased_type":["Card"],"build_version":"2020-12-22","purchased_purges":0,"victory":false,"max_hp_per_floor":[99,99,99,99,99,99,99,99,99,99,99,99,99,99,99,99,99,99,99,99,99,99,99,99,109,109,109,109],"card_choices":[{"not_picked":["champ:HeartStrike","champ:FancyFootwork"],"picked":"champ:StanceDance","floor":2.0},{"not_picked":["champ:ArenaPreparation","champ:StanceDance"],"picked":"champ:TornadoPunch","floor":3.0},{"not_picked":["champ:RecklessLeap","champ:DefensiveShout"],"picked":"champ:FanOfKnives","floor":5.0},{"not_picked":["champ:Backstep","champ:DefensiveShout"],"picked":"champ:GutPunch","floor":6.0},{"not_picked":["champ:ShieldSlam","champ:CrownThrow"],"picked":"champ:FlashCut","floor":10.0},{"not_picked":["champ:PerfectedStrike","champ:Circumvent"],"picked":"champ:CalledShot","floor":11.0},{"not_picked":["champ:Backstep","champ:Haymaker","champ:Encircle"],"picked":"SKIP","floor":12.0},{"not_picked":["champ:BerserkersShout","champ:Shatter"],"picked":"champ:EnGarde","floor":13},{"not_picked":["champ:AdrenalArmor","champ:Endure","champ:BladeFlurry"],"picked":"SKIP","floor":14},{"not_picked":["champ:BladeFlurry","champ:Haymaker"],"picked":"champ:CalledShot","floor":15},{"not_picked":["champ:MurderStrike","champ:SteelEdge"],"picked":"champ:Devastate","floor":16},{"not_picked":["champ:Circumvent","champ:AdrenalArmor","champ:Haymaker"],"picked":"SKIP","floor":19},{"not_picked":["champ:Haymaker","champ:PreemptiveStrike"],"picked":"champ:CalledShot","floor":21},{"not_picked":["champ:PerfectedStrike","champ:FlashCut+1"],"picked":"champ:SkillfulDodge","floor":25}],"player_experience":86206,"relics_obtained":[{"floor":1.0,"key":"reliquary:ExpiredCoupon"},{"floor":7.0,"key":"MealTicket"},{"floor":9.0,"key":"reliquary:Firecrackers"},{"floor":10.0,"key":"Regal Pillow"},{"floor":13,"key":"reliquary:TuningFork"}],"event_choices":[],"is_beta":false,"boss_relics":[{"not_picked":["StSpp:Magatama","Replay:Bronze Core"],"picked":"SacredBark"}],"items_purged_floors":[],"is_endless":false,"potions_floor_spawned":[5,6,14,15,19,21,25],"killed_by":"Cultist and Chosen","ascension_level":0}}