{"host":"n23juj4d9qam5hh1","time":1613778806,"event":{"mods":["BaseMod","Better Note","BetterRewards","Bossed Relics","Curses Come First","Displayed Cursed Tome","Infinite Spire","Minty Spire (QoL Compilation)","Relic Stats","StSLib","Thieving Mod"],"gold_per_floor":[110,123,74,74,74,74,88,88,88,163,163,140,165,205,205,225,225],"floor_reached":16,"language":"ENG","playtime":442,"items_purged":[],"score":118,"play_id":"27bf9e46-062d-48e7-a462-10d2c93aa990","local_time":"20210219185326","is_ascension_mode":true,"campfire_choices":[{"data":"Dualcast","floor":6.0,"key":"SMITH"},{"data":"Zap","floor":8.0,"key":"SMITH"},{"floor":15.0,"key":"REST"}],"circlet_count":0,"master_deck":["Strike_B","Strike_B","Strike_B","Strike_B","Defend_B","Defend_B","Defend_B","Defend_B","Zap+1","Dualcast+1","Redo","Coolheaded","infinitespire:SevenWalls","Injury","Barrage","Electrodynamics"],"relics":["Cracked Core","NeowsBlessing","Golden Idol","Incense Burner","infinitespire:Midas Blood"],"acts_visited":["Exordium"],"potions_floor_usage":[16,16],"damage_taken":[{"damage":0.0,"enemies":"Cultist","floor":1.0,"turns":1.0},{"damage":0.0,"enemies":"Small Slimes","floor":2.0,"turns":1.0},{"damage":0.0,"enemies":"Jaw Worm","floor":7.0,"turns":1.0},{"damage":4.0,"enemies":"Large Slime","floor":13.0,"turns":4.0},{"damage":16.0,"enemies":"3 Sentries","floor":14.0,"turns":5.0},{"damage":52,"enemies":"Hexaghost","floor":16,"turns":14}],"seed_played":"8990893923075616551","potions_obtained":[{"floor":13.0,"key":"Swift Potion"},{"floor":14.0,"key":"DuplicationPotion"}],"is_trial":false,"path_per_floor":["M","M","$","?","?","R","M","R","T","?","?","$","M","E","R","B"],"character_chosen":"DEFECT","items_purchased":["Coolheaded","Barrage"],"campfire_rested":1,"item_purchase_floors":[3,12],"current_hp_per_floor":[75,75,75,57,57,57,57,57,57,46,46,46,42,26,48,0,0],"gold":225,"neow_bonus":"THREE_ENEMY_KILL","is_daily":false,"chose_seed":false,"campfire_upgraded":2,"win_rate":0.0,"timestamp":1613778806,"path_taken":["M","M","$","?","?","R","M","R","T","?","?","?","M","E","R","BOSS"],"items_purchased_type":["Card","Card"],"build_version":"2020-12-22","purchased_purges":0,"victory":false,"max_hp_per_floor":[75,75,75,75,75,75,75,75,75,75,75,75,75,75,75,75,75],"relic_stats":{"counters":[6,26],"Golden Idol":16,"obtain_stats":[{"NeowsBlessing":0,"Golden Idol":5,"Incense Burner":9,"Cracked Core":0,"infinitespire:Midas Blood":14},{"NeowsBlessing":0,"Golden Idol":2,"Incense Burner":3,"Cracked Core":0,"infinitespire:Midas Blood":5},{"NeowsBlessing":0,"Golden Idol":2,"Incense Burner":3,"Cracked Core":0,"infinitespire:Midas Blood":12}]},"card_choices":[{"not_picked":["Recycle","Barrage"],"picked":"Redo","floor":1.0},{"not_picked":["Conserve Battery","Redo","Compile Driver"],"picked":"SKIP","floor":2.0},{"not_picked":["infinitespire:Gouge","infinitespire:UltimateForm"],"picked":"infinitespire:SevenWalls","floor":4.0},{"not_picked":["Gash","Blizzard","Redo"],"picked":"SKIP","floor":7.0},{"not_picked":["Conserve Battery","Skim"],"picked":"Electrodynamics","floor":13.0},{"not_picked":["Sweeping Beam","Hologram","Stack"],"picked":"SKIP","floor":14.0}],"player_experience":294585,"relics_obtained":[{"floor":9.0,"key":"Incense Burner"},{"floor":14.0,"key":"infinitespire:Midas Blood"}],"event_choices":[{"damage_healed":0.0,"max_hp_gain":0.0,"max_hp_loss":0.0,"gold_gain":0.0,"event_name":"Golden Idol","player_choice":"Take Wound","floor":5.0,"gold_loss":0.0,"damage_taken":0.0,"relics_obtained":["Golden Idol"],"cards_obtained":["Injury"]},{"damage_healed":0.0,"max_hp_gain":0.0,"max_hp_loss":0.0,"gold_gain":75.0,"event_name":"World of Goop","player_choice":"Gather Gold","floor":10.0,"gold_loss":0.0,"damage_taken":11.0}],"is_beta":false,"boss_relics":[],"items_purged_floors":[],"is_endless":false,"potions_floor_spawned":[13,14],"killed_by":"Hexaghost","ascension_level":4}}