{"host":"htvce8wym9d6pe5b","time":1613737837,"event":{"mods":["Act Like it!","BaseMod","Colored Map","Conspire","Downfall","Duelist Mod","Hermit","Highlight Path","Hubris","Infinite Spire","Jorbs\u0027s Wanderer Trilogy","Minty Spire (QoL Compilation)","Replay The Spire","StSLib","The Bug Knight","The Cursed","The Disciple","The Hierophant","The Runesmith"],"gold_per_floor":[114,124,134,148,37,52,127,127,127,139,157,157,157,157,177,177,177,279,329,341,354,364,364,364,364],"floor_reached":24,"language":"ENG","playtime":2361,"items_purged":[],"score":192,"play_id":"11b6bc54-7439-4bb7-9650-e13bde5889b0","local_time":"20210219063037","is_ascension_mode":false,"campfire_choices":[{"floor":8,"key":"REST"},{"floor":12,"key":"REST"},{"floor":17,"key":"REST"}],"circlet_count":0,"master_deck":["Strike_B","Strike_B","Strike_B","Strike_B","Defend_B","Defend_B","Defend_B","Defend_B","Zap","Dualcast","Panic Button","Time Bomb","Redo","ReplayTheSpireMod:Calculation Training","FIFO Queue","Blizzard+1","Coolheaded","Coolheaded","Compile Driver","Rip and Tear","Fusion","Mirror Shield","Sweeping Beam","Aggregate","BasicCrystalCard","Redo"],"relics":["Cracked Core","NeowsBlessing","ReplayTheSpireMod:TigerMarble","Tiny House","conspire:TreasureMap"],"acts_visited":["Exordium","TheCity"],"potions_floor_usage":[],"damage_taken":[{"damage":2,"enemies":"conspire:RoseBush","floor":1,"turns":1},{"damage":0,"enemies":"Cultist","floor":2,"turns":1},{"damage":0,"enemies":"Small Slimes","floor":3,"turns":1},{"damage":15,"enemies":"Looter","floor":4,"turns":3},{"damage":0,"enemies":"3 Louse","floor":6,"turns":3},{"damage":40,"enemies":"Gremlin Gang","floor":10,"turns":5},{"damage":8,"enemies":"Looter","floor":11,"turns":3},{"damage":7,"enemies":"3 Louse","floor":15,"turns":5},{"damage":33,"enemies":"Fading Forest","floor":18,"turns":11},{"damage":10,"enemies":"Shell Parasite","floor":20,"turns":7},{"damage":16,"enemies":"conspire:FuzzyDice","floor":21,"turns":8},{"damage":11,"enemies":"conspire:HollyBat","floor":22,"turns":7},{"damage":44,"enemies":"Sentry and Sphere","floor":24,"turns":6}],"seed_played":"4342820751198240078","potions_obtained":[{"floor":1,"key":"champ:CounterPotion"},{"floor":4,"key":"Toxic Potion"},{"floor":10,"key":"Block Potion"},{"floor":22,"key":"FocusPotion"}],"is_trial":false,"path_per_floor":["M","M","M","M","$","M","?","R","T","M","M","R","PTL","PTL","M","?","R","B",null,"M","M","M","AVR","M"],"character_chosen":"DEFECT","items_purchased":["FIFO Queue","Blizzard"],"campfire_rested":3,"item_purchase_floors":[5,5],"current_hp_per_floor":[73,73,73,58,58,58,51,73,73,33,25,47,47,47,40,40,62,51,80,70,54,43,43,0,0],"gold":364,"neow_bonus":"THREE_ENEMY_KILL","is_daily":false,"chose_seed":false,"campfire_upgraded":0,"win_rate":0.0,"timestamp":1613737837,"path_taken":["M","M","M","M","$","M","?","R","T","M","M","R","PTL","PTL","?","?","R","BOSS","M","M","M","AVR","M"],"items_purchased_type":["Card","Card"],"build_version":"2020-12-22","purchased_purges":0,"victory":false,"max_hp_per_floor":[75,75,75,75,75,75,75,75,75,75,75,75,75,75,75,75,75,75,80,80,80,80,80,80,80],"card_choices":[{"not_picked":["hubris:PowerSurge","ReplayTheSpireMod:System Scan"],"picked":"Panic Button","floor":1},{"not_picked":["Streamline","conspire:Rain"],"picked":"Time Bomb","floor":2},{"not_picked":["Ball Lightning","Aggregate"],"picked":"Redo","floor":3},{"not_picked":["Panic Button","ReplaySolidLightProjector"],"picked":"ReplayTheSpireMod:Calculation Training","floor":4},{"not_picked":["Beam Cell","Double Energy"],"picked":"Coolheaded","floor":6},{"not_picked":["Panic Button","hubris:Prefetch"],"picked":"Coolheaded","floor":10},{"not_picked":["Stack","Hologram"],"picked":"Compile Driver","floor":11},{"not_picked":["Hello World","Barrage"],"picked":"Rip and Tear","floor":15},{"not_picked":["Fission","hubris:SpecializedCircuitry"],"picked":"Mirror Shield","floor":18},{"not_picked":["White Noise","Scrape"],"picked":"Sweeping Beam","floor":19},{"not_picked":["ReplayTheSpireMod:Reroute Power","Conserve Battery+1"],"picked":"Aggregate","floor":20},{"not_picked":["ReplaySolidLightProjector","ReplayTheSpireMod:GoodbyeWorld+1"],"picked":"BasicCrystalCard","floor":21},{"not_picked":["Streamline","Consume"],"picked":"Redo","floor":22}],"player_experience":6538,"relics_obtained":[{"floor":9,"key":"ReplayTheSpireMod:TigerMarble"}],"event_choices":[{"damage_healed":0,"gold_gain":75,"player_choice":"Touch","damage_taken":7,"max_hp_gain":0,"max_hp_loss":0,"event_name":"FaceTrader","floor":7,"gold_loss":0}],"is_beta":false,"boss_relics":[{"not_picked":["Velvet Choker","Painkiller Herb"],"picked":"Tiny House"}],"items_purged_floors":[],"is_endless":false,"potions_floor_spawned":[1,4,10,15,20,22],"killed_by":"Sentry and Sphere","ascension_level":0}}