{"host":"n1v11un6j7y72mz7","time":1613730715,"event":{"mods":["Act Like it!","BaseMod","Downfall","Minty Spire (QoL Compilation)","Reliquary","StSLib","The Animator","Waifu the Spire"],"gold_per_floor":[110,110,37,37,62,42,42,80,101,101,101,142,142,157,157,178,178,306,306,291,306,56,56,56],"floor_reached":23,"language":"ZHS","playtime":686,"items_purged":[],"score":258,"play_id":"cd00d7ae-b7c5-4a7c-8fc8-03f904bbe8f1","local_time":"20210219183155","is_ascension_mode":true,"campfire_choices":[{"data":"Cloak And Dagger","floor":7.0,"key":"SMITH"},{"data":"Prepared","floor":13.0,"key":"SMITH"},{"data":"Infinite Blades","floor":15.0,"key":"SMITH"},{"data":"Blade Dance","floor":17.0,"key":"SMITH"}],"circlet_count":0,"master_deck":["Strike_G","Strike_G","Strike_G","Strike_G","Strike_G","Defend_G","Defend_G","Defend_G","Defend_G","Defend_G","Survivor","Neutralize","Backflip","Infinite Blades+1","Cloak And Dagger+1","Acrobatics","Prepared+1","Blade Dance+1","Backflip+1"],"relics":["Ring of the Snake","NeowsBlessing","Golden Idol","champ:DeflectingBracers","Anchor","reliquary:RedPaperclip","reliquary:QuartzCube"],"acts_visited":["Exordium","TheCity"],"potions_floor_usage":[],"damage_taken":[{"damage":0.0,"enemies":"Jaw Worm","floor":1.0,"turns":1.0},{"damage":0.0,"enemies":"2 Louse","floor":5.0,"turns":1.0},{"damage":0.0,"enemies":"Lagavulin","floor":8.0,"turns":2.0},{"damage":0.0,"enemies":"Small Slimes","floor":9.0,"turns":3.0},{"damage":12.0,"enemies":"Gremlin Nob","floor":12.0,"turns":4.0},{"damage":0.0,"enemies":"Gremlin Gang","floor":14.0,"turns":6.0},{"damage":0.0,"enemies":"Blue Slaver","floor":16.0,"turns":3.0},{"damage":45.0,"enemies":"The Guardian","floor":18.0,"turns":8.0},{"damage":14.0,"enemies":"2 Thieves","floor":20.0,"turns":4.0},{"damage":0.0,"enemies":"3 Byrds","floor":21.0,"turns":4.0},{"damage":1,"enemies":"Cultist and Chosen","floor":23,"turns":4}],"seed_played":"-6454764845078189558","potions_obtained":[{"floor":1.0,"key":"SpeedPotion"},{"floor":5.0,"key":"Fire Potion"},{"floor":6.0,"key":"Dexterity Potion"},{"floor":18.0,"key":"Fruit Juice"},{"floor":20.0,"key":"Explosive Potion"}],"is_trial":false,"path_per_floor":["M","?","$","?","M","?","R","E","M","T","T","E","R","M","R","M","R","B",null,"M","M","$","M"],"character_chosen":"THE_SILENT","items_purchased":["Infinite Blades","reliquary:QuartzCube"],"campfire_rested":0,"item_purchase_floors":[3,22],"current_hp_per_floor":[70,75,75,69,69,69,69,69,69,69,69,57,57,57,57,57,57,12,69,55,55,55,54,54],"gold":56,"neow_bonus":"THREE_ENEMY_KILL","is_daily":false,"chose_seed":false,"campfire_upgraded":4,"win_rate":0.0,"timestamp":1613730715,"path_taken":["M","?","$","?","M","?","R","E","M","T","T","E","R","M","R","M","R","BOSS","M","?","$","M"],"items_purchased_type":["Card","Relic"],"build_version":"2020-12-22","purchased_purges":0,"victory":false,"max_hp_per_floor":[70,75,75,69,69,69,69,69,69,69,69,69,69,69,69,69,69,69,69,69,69,69,69,69],"card_choices":[{"not_picked":["Distraction","Sucker Punch"],"picked":"Backflip","floor":1.0},{"not_picked":["Backflip","Underhanded Strike"],"picked":"Cloak And Dagger","floor":5.0},{"not_picked":["Backflip","Dash","Underhanded Strike"],"picked":"SKIP","floor":8.0},{"not_picked":["Infinite Blades","Noxious Fumes"],"picked":"Acrobatics","floor":9.0},{"not_picked":["Backflip","Skewer"],"picked":"Prepared","floor":12.0},{"not_picked":["Choke","Acrobatics","Escape Plan"],"picked":"SKIP","floor":14.0},{"not_picked":["Terror","Backflip"],"picked":"Blade Dance","floor":16.0},{"not_picked":["Predator","Deflect"],"picked":"Backflip+1","floor":20.0},{"not_picked":["Outmaneuver+1","Poisoned Stab+1","PiercingWail"],"picked":"SKIP","floor":21.0}],"player_experience":217383,"relics_obtained":[{"floor":8.0,"key":"reliquary:HotPoker"},{"floor":10.0,"key":"champ:DeflectingBracers"},{"floor":11.0,"key":"hexamod:CandleOfCauterizing"},{"floor":12.0,"key":"Anchor"}],"event_choices":[{"damage_healed":0.0,"max_hp_gain":5.0,"max_hp_loss":0.0,"gold_gain":0.0,"event_name":"Big Fish","player_choice":"Donut","floor":2.0,"gold_loss":0.0,"damage_taken":0.0},{"damage_healed":0.0,"max_hp_gain":0.0,"max_hp_loss":6.0,"gold_gain":0.0,"event_name":"Golden Idol","player_choice":"Lose Max HP","floor":4.0,"gold_loss":0.0,"damage_taken":0.0,"relics_obtained":["Golden Idol"]},{"damage_healed":0.0,"max_hp_gain":0.0,"max_hp_loss":0.0,"gold_gain":0.0,"event_name":"The Woman in Blue","player_choice":"Bought 1 Potion","floor":6.0,"gold_loss":0.0,"damage_taken":0.0}],"is_beta":false,"boss_relics":[{"not_picked":["reliquary:RedCape","Calling Bell"],"picked":"reliquary:RedPaperclip"}],"items_purged_floors":[],"is_endless":false,"potions_floor_spawned":[1,5,18,20],"killed_by":"Cultist and Chosen","ascension_level":3}}