{"host":"gaqyve1328ta0etl","time":1613728405,"event":{"mods":["BaseMod","Colored Map","Colored Powertips","Duelist Mod","Googly Eyes","Hero for Fun","Minty Spire (QoL Compilation)","Shop Mod","StSLib","SuperFastMode","The Hierophant","The Runesmith"],"gold_per_floor":[142,161,161,178,103,103,103,103],"floor_reached":7,"language":"ENG","playtime":220,"items_purged":["theDuelist:Sparks"],"score":72,"play_id":"eb34d703-98e2-46f4-8624-012787729645","local_time":"20210219015325","is_ascension_mode":true,"campfire_choices":[{"data":"theDuelist:IcyCrevasse","floor":6,"key":"SMITH"}],"circlet_count":0,"master_deck":["AscendersBane","theDuelist:CastleWalls","theDuelist:CastleWalls","theDuelist:DarkMagician","theDuelist:MysticalElf","theDuelist:MysticalElf","theDuelist:NeoMagic","theDuelist:NeoMagic","theDuelist:Sparks","theDuelist:Sparks","theDuelist:FrontierWiseman","theDuelist:BlueDragonSummoner","theDuelist:IcyCrevasse+1"],"relics":["theDuelist:MillenniumPuzzle","theDuelist:CardPoolRelic","theDuelist:CardPoolBasicRelic","theDuelist:BoosterPackPoolRelic","theDuelist:CardPoolAddRelic","theDuelist:CardPoolMinusRelic","theDuelist:CardPoolSaveRelic","theDuelist:CardPoolOptionsRelic","Art of War"],"acts_visited":["Exordium"],"potions_floor_usage":[],"damage_taken":[{"damage":0,"enemies":"2 Louse","floor":1,"turns":3},{"damage":2,"enemies":"Small Slimes","floor":2,"turns":4},{"damage":3,"enemies":"Cultist","floor":4,"turns":4},{"damage":83,"enemies":"Gremlin Nob","floor":7,"turns":10}],"seed_played":"-1294901399763428829","potions_obtained":[{"floor":2,"key":"theDuelist:SealedPackB"},{"floor":4,"key":"theDuelist:TokenPotion"}],"is_trial":false,"path_per_floor":["M","M","?","M","$","R","E"],"character_chosen":"THE_DUELIST","items_purchased":[],"campfire_rested":0,"item_purchase_floors":[],"current_hp_per_floor":[63,61,61,58,58,58,0,0],"gold":103,"neow_bonus":"RANDOM_COMMON_RELIC","is_daily":false,"chose_seed":false,"campfire_upgraded":1,"win_rate":0.0,"timestamp":1613728405,"path_taken":["M","M","?","M","$","R","E"],"items_purchased_type":[],"build_version":"2020-12-22","purchased_purges":1,"victory":false,"max_hp_per_floor":[70,70,70,70,70,70,70,70],"card_choices":[{"not_picked":["theDuelist:BattleOx","theDuelist:GilfordLegend","theDuelist:PreventRat","theDuelist:BlackPendant"],"picked":"theDuelist:FrontierWiseman","floor":1},{"not_picked":["theDuelist:DarkMagician","theDuelist:Illusionist","theDuelist:CallAtlanteans","theDuelist:LordD"],"picked":"theDuelist:BlueDragonSummoner","floor":2},{"not_picked":["theDuelist:WhiteHowling","theDuelist:AltarTribute","theDuelist:FairyBox","theDuelist:Graverobber"],"picked":"theDuelist:IcyCrevasse","floor":4}],"player_experience":2218605,"relics_obtained":[],"event_choices":[{"damage_healed":0,"gold_gain":0,"player_choice":"Leave","duelist":true,"damage_taken":0,"max_hp_gain":0,"max_hp_loss":0,"event_name":"Egyptian Village","floor":3,"gold_loss":0}],"is_beta":false,"boss_relics":[],"items_purged_floors":[5],"is_endless":false,"potions_floor_spawned":[2,4],"killed_by":"Gremlin Nob","ascension_level":15}}