{"host":"vyjryxuuuxkt43k4","time":1613748477,"event":{"mods":["AchievementEnabler","BaseMod","Colored Map","DeckTracker","Keyboard Shortcuts","Minty Spire (QoL Compilation)","Permanent Neow","Quick Restart","StSLib","SuperFastMode","everything is the same but u backflip on backflip"],"gold_per_floor":[112,130,130,180,197,197,197,213,213,213,238,238,31,48,48,122,122,139,139,150,200,218,218,249,249,249,268,280,30,49,65,65,65,65],"floor_reached":33,"language":"KOR","playtime":1449,"items_purged":["Injury"],"score":638,"play_id":"b545d23d-f82c-4312-a47e-7e5df3072e38","local_time":"20210220002757","is_ascension_mode":true,"campfire_choices":[{"data":"Berserk","floor":6.0,"key":"SMITH"},{"data":"Pommel Strike","floor":10.0,"key":"SMITH"},{"floor":12.0,"key":"REST"},{"data":"Spot Weakness","floor":15.0,"key":"SMITH"},{"data":"Dark Embrace","floor":23.0,"key":"SMITH"},{"floor":25.0,"key":"REST"},{"floor":32.0,"key":"REST"}],"circlet_count":0,"master_deck":["AscendersBane","Strike_R","Strike_R","Strike_R","Defend_R","Defend_R","Defend_R","Defend_R","Bash","Berserk+1","Shrug It Off","Rampage","Spot Weakness+1","Pommel Strike+1","Disarm","Reaper","Double Tap","Dark Embrace+1","Impervious","Heavy Blade","Ghostly Armor+1","Pommel Strike+1","Evolve","Burning Pact","Inflame","Intimidate"],"relics":["Burning Blood","HornCleat","Torii","Cursed Key","MealTicket","Question Card","Omamori"],"acts_visited":["Exordium","TheCity"],"potions_floor_usage":[],"damage_taken":[{"damage":3.0,"enemies":"2 Louse","floor":1.0,"turns":3.0},{"damage":14.0,"enemies":"Jaw Worm","floor":2.0,"turns":4.0},{"damage":12.0,"enemies":"Cultist","floor":5.0,"turns":5.0},{"damage":17.0,"enemies":"Looter","floor":8.0,"turns":2.0},{"damage":34.0,"enemies":"Gremlin Nob","floor":11.0,"turns":4.0},{"damage":8.0,"enemies":"Blue Slaver","floor":14.0,"turns":3.0},{"damage":0.0,"enemies":"Hexaghost","floor":16.0,"turns":8.0},{"damage":24.0,"enemies":"Spheric Guardian","floor":18.0,"turns":6.0},{"damage":13.0,"enemies":"3 Byrds","floor":20.0,"turns":7.0},{"damage":8.0,"enemies":"Snecko","floor":22.0,"turns":7.0},{"damage":57.0,"enemies":"Gremlin Leader","floor":24.0,"turns":7.0},{"damage":41.0,"enemies":"Sentry and Sphere","floor":27.0,"turns":6.0},{"damage":18.0,"enemies":"3 Cultists","floor":28.0,"turns":6.0},{"damage":34.0,"enemies":"Snake Plant","floor":30.0,"turns":5.0},{"damage":2.0,"enemies":"Cultist and Chosen","floor":31.0,"turns":7.0},{"damage":83,"enemies":"Collector","floor":33,"turns":5}],"seed_played":"-2018945985479847413","potions_obtained":[{"floor":1.0,"key":"SkillPotion"},{"floor":5.0,"key":"ElixirPotion"},{"floor":14.0,"key":"DistilledChaos"},{"floor":18.0,"key":"ElixirPotion"},{"floor":20.0,"key":"FairyPotion"},{"floor":22.0,"key":"Dexterity Potion"}],"is_trial":false,"path_per_floor":["M","M","?","?","M","R","?","M","T","R","E","R","$","M","R","B",null,"M","?","M","?","M","R","E","R","T","M","M","$","M","M","R","B"],"character_chosen":"IRONCLAD","items_purchased":["Double Tap","PowerPotion","Burning Pact","LiquidMemories","Dexterity Potion"],"campfire_rested":3,"item_purchase_floors":[13,13,29,29,29],"current_hp_per_floor":[71,63,63,63,57,57,50,39,39,39,11,33,33,31,31,55,70,52,52,45,45,43,43,26,48,48,13,25,40,12,31,53,0,0],"gold":65,"neow_bonus":"TRANSFORM_TWO_CARDS","is_daily":false,"chose_seed":false,"campfire_upgraded":4,"win_rate":0.0,"timestamp":1613748477,"path_taken":["M","M","?","?","?","R","?","M","T","R","E","R","$","M","R","BOSS","M","?","?","?","M","R","E","R","T","M","M","$","M","M","R","BOSS"],"items_purchased_type":["Card","Potion","Card","Potion","Potion"],"build_version":"2020-12-22","purchased_purges":1,"victory":false,"max_hp_per_floor":[75,75,75,75,75,75,75,75,75,75,75,75,75,75,75,75,75,75,75,75,75,75,75,75,75,75,75,75,75,75,75,75,75,75],"card_choices":[{"not_picked":["Clash","Shrug It Off"],"picked":"Rampage","floor":1.0},{"not_picked":["Flex","Perfected Strike"],"picked":"Spot Weakness","floor":2.0},{"not_picked":["Twin Strike","Havoc"],"picked":"Pommel Strike","floor":5.0},{"not_picked":["Perfected Strike","Combust"],"picked":"Disarm","floor":8.0},{"not_picked":["Metallicize","Heavy Blade"],"picked":"Reaper","floor":11.0},{"not_picked":["Sever Soul","Headbutt"],"picked":"Dark Embrace","floor":14.0},{"not_picked":["Demon Form","Fiend Fire"],"picked":"Impervious","floor":16.0},{"not_picked":["Seeing Red","Wild Strike+1"],"picked":"Heavy Blade","floor":18.0},{"not_picked":["Body Slam","Wild Strike","Disarm"],"picked":"SKIP","floor":20.0},{"not_picked":["Sever Soul+1","Twin Strike"],"picked":"Ghostly Armor+1","floor":22.0},{"not_picked":["Twin Strike","Ghostly Armor"],"picked":"Pommel Strike+1","floor":24.0},{"not_picked":["Twin Strike","Wild Strike","Pummel"],"picked":"Evolve","floor":27.0},{"not_picked":["Headbutt","Whirlwind","Cleave","Clash"],"picked":"SKIP","floor":28.0},{"not_picked":["Armaments","Ghostly Armor+1","Perfected Strike"],"picked":"Inflame","floor":30.0},{"not_picked":["Combust","Wild Strike","Twin Strike"],"picked":"Intimidate","floor":31.0}],"player_experience":1049216,"relics_obtained":[{"floor":9.0,"key":"HornCleat"},{"floor":11.0,"key":"Torii"},{"floor":24.0,"key":"Question Card"},{"floor":26.0,"key":"Omamori"}],"event_choices":[{"damage_healed":0.0,"max_hp_gain":0.0,"max_hp_loss":0.0,"gold_gain":0.0,"event_name":"Liars Game","player_choice":"Ignored","floor":3.0,"gold_loss":0.0,"damage_taken":0.0},{"damage_healed":0.0,"max_hp_gain":0.0,"max_hp_loss":0.0,"gold_gain":50.0,"event_name":"Golden Shrine","player_choice":"Pray","floor":4.0,"gold_loss":0.0,"damage_taken":0.0},{"cards_removed":["Pain"],"damage_healed":0.0,"max_hp_gain":0.0,"max_hp_loss":0.0,"gold_gain":0.0,"event_name":"Golden Wing","player_choice":"Card Removal","floor":7.0,"gold_loss":0.0,"damage_taken":7.0},{"damage_healed":0.0,"max_hp_gain":0.0,"max_hp_loss":0.0,"gold_gain":0.0,"event_name":"WeMeetAgain","player_choice":"Gave Potion","floor":19.0,"gold_loss":0.0,"damage_taken":0.0,"relics_obtained":["MealTicket"]},{"damage_healed":0.0,"max_hp_gain":0.0,"max_hp_loss":0.0,"gold_gain":50.0,"event_name":"Nest","player_choice":"Stole From Cult","floor":21.0,"gold_loss":0.0,"damage_taken":0.0}],"is_beta":false,"boss_relics":[{"not_picked":["Mark of Pain","SacredBark"],"picked":"Cursed Key"}],"items_purged_floors":[29],"is_endless":false,"potions_floor_spawned":[1,5,14,18,20,22],"killed_by":"Collector","ascension_level":20}}