{"host":"uhi6g4fgvyietct9","time":1613739342,"event":{"mods":["AchievementEnabler","BaseMod","Colored Map","Colored Powertips","Minty Spire (QoL Compilation)","StSLib","SuperFastMode"],"gold_per_floor":[115,45,114,114,125,157,157,183,183,59,72,102,102,102,102,102,102],"floor_reached":16,"language":"KOR","playtime":502,"items_purged":["Strike_R"],"score":236,"play_id":"907cb45c-9b95-4a18-b747-5203a478d659","local_time":"20210219215542","is_ascension_mode":true,"campfire_choices":[{"data":"Burning Pact","floor":7.0,"key":"SMITH"},{"floor":15.0,"key":"REST"}],"circlet_count":0,"master_deck":["AscendersBane","Strike_R","Strike_R","Strike_R","Defend_R","Defend_R","Defend_R","Defend_R","Bash","Dropkick","Burning Pact+1","Power Through","Dark Embrace+1"],"relics":["Burning Blood","NeowsBlessing","Matryoshka","Bag of Preparation","Omamori","Darkstone Periapt","Toy Ornithopter","Molten Egg 2"],"acts_visited":["Exordium"],"potions_floor_usage":[16],"damage_taken":[{"damage":0.0,"enemies":"Cultist","floor":1.0,"turns":1.0},{"damage":0.0,"enemies":"2 Louse","floor":5.0,"turns":1.0},{"damage":0.0,"enemies":"Gremlin Nob","floor":6.0,"turns":1.0},{"damage":25.0,"enemies":"Lagavulin","floor":8.0,"turns":4.0},{"damage":28.0,"enemies":"Jaw Worm","floor":11.0,"turns":6.0},{"damage":24.0,"enemies":"Gremlin Nob","floor":12.0,"turns":4.0},{"damage":0.0,"enemies":"Looter","floor":13.0,"turns":1.0},{"damage":43,"enemies":"The Guardian","floor":16,"turns":10}],"seed_played":"-2045903961690825163","potions_obtained":[{"floor":1.0,"key":"DuplicationPotion"},{"floor":6.0,"key":"PowerPotion"},{"floor":8.0,"key":"SmokeBomb"},{"floor":12.0,"key":"SkillPotion"}],"is_trial":false,"path_per_floor":["M","$","T","?","M","E","R","E","T","$","M","E","M","?","R","B"],"character_chosen":"IRONCLAD","items_purchased":["Burning Pact","BlessingOfTheForge"],"campfire_rested":1,"item_purchase_floors":[2,10],"current_hp_per_floor":[78,78,78,78,80,80,80,61,61,61,39,26,37,37,61,23,23],"gold":102,"neow_bonus":"THREE_ENEMY_KILL","is_daily":false,"chose_seed":false,"campfire_upgraded":1,"win_rate":0.0,"timestamp":1613739342,"path_taken":["M","$","?","?","?","E","R","E","T","?","?","E","M","?","R","BOSS"],"items_purchased_type":["Card","Potion"],"build_version":"2020-12-22","purchased_purges":1,"victory":false,"max_hp_per_floor":[80,80,80,80,80,80,80,80,80,80,80,80,80,80,80,80,80],"card_choices":[{"not_picked":["Headbutt","Rupture"],"picked":"Dropkick","floor":1.0},{"not_picked":["Havoc","Perfected Strike","Clash"],"picked":"SKIP","floor":5.0},{"not_picked":["Iron Wave","Warcry","Flame Barrier"],"picked":"SKIP","floor":6.0},{"not_picked":["Metallicize","True Grit"],"picked":"Power Through","floor":8.0},{"not_picked":["Havoc","Pommel Strike","Clash"],"picked":"SKIP","floor":11.0},{"not_picked":["Carnage+1","Flame Barrier"],"picked":"Dark Embrace","floor":12.0}],"player_experience":594647,"relics_obtained":[{"floor":3.0,"key":"Matryoshka"},{"floor":6.0,"key":"Bag of Preparation"},{"floor":8.0,"key":"Omamori"},{"floor":9.0,"key":"Darkstone Periapt"},{"floor":9.0,"key":"Toy Ornithopter"},{"floor":12.0,"key":"Molten Egg 2"}],"event_choices":[{"cards_removed":["Strike_R"],"damage_healed":0.0,"max_hp_gain":0.0,"max_hp_loss":0.0,"gold_gain":0.0,"event_name":"Purifier","player_choice":"Purged","floor":4.0,"gold_loss":0.0,"damage_taken":0.0},{"damage_healed":0.0,"max_hp_gain":0.0,"max_hp_loss":0.0,"gold_gain":0.0,"event_name":"Living Wall","player_choice":"Grow","floor":14.0,"gold_loss":0.0,"damage_taken":0.0,"cards_upgraded":["Dark Embrace"]}],"is_beta":false,"boss_relics":[],"items_purged_floors":[10],"is_endless":false,"potions_floor_spawned":[1,6,8,12],"killed_by":"The Guardian","ascension_level":13}}