{"host":"toh0bbw446wnuexf","time":1613711103,"event":{"mods":["BaseMod","Downfall","Hermit","Minty Spire (QoL Compilation)","Random Character Button","Robot Space Explorer","StSLib"],"gold_per_floor":[114,114,114,128,79,79,115,134,134,134,159,159,182,182,182,306,306,327,327,352,20,41,41,41,61,61,84,99,99,123,144,144,263,263,282,182,200,213,213,213],"floor_reached":39,"language":"ENG","playtime":2495,"items_purged":["Strike_G","Blind"],"score":445,"play_id":"d522acab-daf1-465a-8098-570bd28bd74d","local_time":"20210219180503","is_ascension_mode":true,"campfire_choices":[{"floor":6,"key":"REST"},{"data":"Neutralize","floor":10,"key":"SMITH"},{"floor":12,"key":"REST"},{"floor":15,"key":"REST"},{"floor":23,"key":"REST"},{"floor":32,"key":"REST"}],"circlet_count":0,"master_deck":["Strike_G","Strike_G","Strike_G","Defend_G","Defend_G","Defend_G","Defend_G","Defend_G","Survivor","Neutralize+1","Terror","Bane","Bane","Poisoned Stab","Envenom","Footwork+1"],"relics":["Velvet Choker","Golden Idol","Mummified Hand","MealTicket","Paper Crane","sneckomod:SneckoTalon","MutagenicStrength","Bottled Lightning","Thread and Needle"],"acts_visited":["Exordium","TheCity","TheBeyond"],"potions_floor_usage":[16,16,20,22,33,35,37,39],"damage_taken":[{"damage":4,"enemies":"Jaw Worm","floor":1,"turns":5},{"damage":0,"enemies":"2 Louse","floor":4,"turns":3},{"damage":24,"enemies":"Lagavulin","floor":7,"turns":7},{"damage":0,"enemies":"Small Slimes","floor":8,"turns":3},{"damage":2,"enemies":"2 Fungi Beasts","floor":11,"turns":4},{"damage":22,"enemies":"Large Slime","floor":13,"turns":6},{"damage":9,"enemies":"Hexaghost","floor":16,"turns":8},{"damage":30,"enemies":"Spheric Guardian","floor":18,"turns":6},{"damage":7,"enemies":"2 Thieves","floor":20,"turns":4},{"damage":0,"enemies":"Snecko","floor":22,"turns":5},{"damage":11,"enemies":"Shelled Parasite and Fungi","floor":25,"turns":6},{"damage":11,"enemies":"Snake Plant","floor":27,"turns":5},{"damage":12,"enemies":"3 Cultists","floor":28,"turns":7},{"damage":9,"enemies":"Cultist and Chosen","floor":30,"turns":5},{"damage":14,"enemies":"Snake Plant","floor":31,"turns":4},{"damage":13,"enemies":"Champ","floor":33,"turns":12},{"damage":41,"enemies":"3 Shapes","floor":35,"turns":5},{"damage":24,"enemies":"3 Darklings","floor":37,"turns":11},{"damage":8,"enemies":"Spire Growth","floor":38,"turns":5},{"damage":24,"enemies":"Transient","floor":39,"turns":4}],"seed_played":"-1164864976870112104","potions_obtained":[{"floor":4,"key":"hexamod:SoulburnPotion"},{"floor":8,"key":"SteroidPotion"},{"floor":13,"key":"bronze:BurnAndBuffPotion"},{"floor":18,"key":"Fire Potion"},{"floor":22,"key":"Fruit Juice"},{"floor":28,"key":"champ:CounterPotion"},{"floor":30,"key":"SkillPotion"},{"floor":35,"key":"Fire Potion"},{"floor":38,"key":"DuplicationPotion"}],"is_trial":false,"path_per_floor":["M","?","?","M","?","R","E","M","T","R","M","R","M","?","R","B",null,"M","?","M","$","M","R","$","M","T","M","M","?","M","M","R","B",null,"M","$","M","M","M"],"character_chosen":"THE_SILENT","items_purchased":["Bottled Lightning"],"campfire_rested":5,"item_purchase_floors":[21],"current_hp_per_floor":[66,49,46,46,46,67,43,43,43,43,41,62,40,40,61,52,70,40,40,33,48,53,75,75,64,64,53,41,41,32,18,40,27,75,34,49,25,17,0,0],"gold":213,"neow_bonus":"BOSS_RELIC","is_daily":false,"chose_seed":false,"campfire_upgraded":1,"win_rate":0.0,"timestamp":1613711103,"path_taken":["M","?","?","M","?","R","E","M","T","R","M","R","M","?","R","BOSS","M","?","M","$","M","R","$","M","T","M","M","?","M","M","R","BOSS","M","$","M","M","M"],"items_purchased_type":["Relic"],"build_version":"2020-12-22","purchased_purges":2,"victory":false,"max_hp_per_floor":[70,70,70,70,70,70,70,70,70,70,70,70,70,70,70,70,70,70,70,70,70,75,75,75,75,75,75,75,75,75,75,75,75,75,75,75,75,75,75,75],"card_choices":[{"not_picked":["Acrobatics","Dagger Spray"],"picked":"Terror","floor":1},{"not_picked":["Escape Plan","Blade Dance"],"picked":"Bane","floor":4},{"not_picked":["Sucker Punch","Underhanded Strike"],"picked":"Bane","floor":7},{"not_picked":["Prepared","Bane","Quick Slash"],"picked":"SKIP","floor":8},{"not_picked":["Catalyst","Backflip","Terror"],"picked":"SKIP","floor":11},{"not_picked":["Masterful Stab","Cloak And Dagger"],"picked":"Poisoned Stab","floor":13},{"not_picked":["Wraith Form v2","After Image"],"picked":"Envenom","floor":16},{"not_picked":["Sucker Punch+1","Predator","Outmaneuver"],"picked":"SKIP","floor":18},{"not_picked":["Dagger Throw","Eviscerate","Predator"],"picked":"SKIP","floor":20},{"not_picked":["Bane","Blade Dance","Outmaneuver"],"picked":"SKIP","floor":22},{"not_picked":["Concentrate","Infinite Blades","Prepared+1"],"picked":"SKIP","floor":25},{"not_picked":["Crippling Poison","Terror+1","Predator+1"],"picked":"SKIP","floor":27},{"not_picked":["Deadly Poison","Flechettes","Choke"],"picked":"SKIP","floor":28},{"not_picked":["Setup","Phantasmal Killer","Noxious Fumes+1"],"picked":"SKIP","floor":30},{"not_picked":["Prepared","Acrobatics+1"],"picked":"Footwork+1","floor":31},{"not_picked":["Infinite Blades+1","Dagger Throw+1","Crippling Poison"],"picked":"SKIP","floor":35},{"not_picked":["Dagger Spray","Underhanded Strike+1","Quick Slash"],"picked":"SKIP","floor":37},{"not_picked":["PiercingWail+1","Poisoned Stab","Escape Plan+1"],"picked":"SKIP","floor":38}],"player_experience":707207,"relics_obtained":[{"floor":7,"key":"MealTicket"},{"floor":9,"key":"Paper Crane"},{"floor":26,"key":"Thread and Needle"}],"event_choices":[{"damage_healed":0,"gold_gain":0,"player_choice":"Take Damage","damage_taken":17,"relics_obtained":["Golden Idol"],"max_hp_gain":0,"max_hp_loss":0,"event_name":"Golden Idol","floor":2,"gold_loss":0},{"damage_healed":0,"gold_gain":0,"player_choice":"Success","damage_taken":3,"relics_obtained":["Mummified Hand"],"max_hp_gain":0,"max_hp_loss":0,"event_name":"Scrap Ooze","floor":3,"gold_loss":0},{"damage_healed":0,"gold_gain":0,"player_choice":"Left Gold","damage_taken":0,"max_hp_gain":0,"max_hp_loss":0,"event_name":"World of Goop","floor":5,"gold_loss":49},{"cards_removed":["Strike_G"],"damage_healed":0,"gold_gain":0,"player_choice":"Forget","damage_taken":0,"max_hp_gain":0,"max_hp_loss":0,"event_name":"Living Wall","floor":14,"gold_loss":0},{"damage_healed":0,"gold_gain":0,"player_choice":"Inject Mutagens","damage_taken":0,"relics_obtained":["MutagenicStrength"],"max_hp_gain":0,"max_hp_loss":0,"event_name":"Drug Dealer","floor":19,"gold_loss":0},{"damage_healed":0,"gold_gain":0,"player_choice":"1 cards matched","damage_taken":0,"max_hp_gain":0,"max_hp_loss":0,"event_name":"Match and Keep!","floor":29,"gold_loss":0,"cards_obtained":["Blind"]}],"is_beta":false,"boss_relics":[{"not_picked":["Sozu","Cursed Key"],"picked":"sneckomod:SneckoTalon"},{"not_picked":["Philosopher\u0027s Stone","Astrolabe","Fusion Hammer"]}],"items_purged_floors":[21,36],"is_endless":false,"potions_floor_spawned":[4,8,13,18,22,28,30,35,38],"killed_by":"Transient","ascension_level":3}}