{"host":"fbf4ff5zs5coz2xl","time":1613724966,"event":{"mods":["BaseMod","Downfall","Minty Spire (QoL Compilation)","Permanent Neow","StSLib"],"gold_per_floor":[0,18,28,28,13,23,23,23,42,217,142,179,29,64,80,183,183,33,58,74,96,81,31,83,33,74,96,132,241,191,220,232,340,340,290,310,325,347,602,632,632,691,541,566,404,429,379,415,443,443,443,477,177,127,127,127,127,127],"floor_reached":56,"language":"ENG","playtime":5534,"items_purged":["Slimebound:Split+1","Doubt"],"score":1096,"play_id":"b3144f99-2736-4af7-8d1c-754d3c6227b7","local_time":"20210219015606","is_ascension_mode":true,"campfire_choices":[{"data":"Slimebound:CorrosiveSpit","floor":1,"key":"SMITH"},{"data":"Slimebound:LeechEnergy","floor":8,"key":"SMITH"},{"data":"Slimebound:HauntingLick","floor":13,"key":"SMITH"},{"data":"Slimebound:SamplingLick","floor":18,"key":"SMITH"},{"data":"Slimebound:Equalize","floor":23,"key":"SMITH"},{"data":"Slimebound:Split","floor":25,"key":"SMITH"},{"data":"Slimebound:MegaLick","floor":30,"key":"SMITH"},{"floor":35,"key":"RECALL"},{"data":"Slimebound:TongueLash","floor":43,"key":"SMITH"},{"data":"Slimebound:RejuvenatingLick","floor":47,"key":"SMITH"},{"data":"Slimebound:Schlurp","floor":54,"key":"SMITH"}],"circlet_count":0,"master_deck":["Slimebound:Strike_Slimebound+1","Slimebound:Tackle+1","Slimebound:Defend_Slimebound","Slimebound:Defend_Slimebound","Slimebound:Defend_Slimebound","Slimebound:CorrosiveSpit+1","Slimebound:Schlurp+1","Slimebound:Schlurp","Slimebound:LeechEnergy+1","Slimebound:HauntingLick+1","Slimebound:SamplingLick+1","Slimebound:Equalize+1","Slimebound:Gluttony","Slimebound:Recollect+1","Slimebound:HauntingLick+1","Slimebound:Equalize+1","Slimebound:MegaLick+1","Slimebound:Recollect+1","Slimebound:Recycling","Slimebound:Schlurp+1","Slimebound:RejuvenatingLick+1","Slimebound:TongueLash+1","Slimebound:RejuvenatingLick+1","Slimebound:SplitSpecialist","Slimebound:TongueLash+1","Slimebound:Gluttony","Slimebound:RejuvenatingLick+1"],"relics":["Slimebound:AbsorbEndCombat","Slimebound:GreedOozeRelic","CeramicFish","downfall:HeartBlessingBlue","Gambling Chip","Coffee Dripper","downfall:HeartBlessingGreen","Whetstone","Meat on the Bone","Bronze Scales","Toy Ornithopter","Slimebound:TarBlob","Pear","Sundial","StoneCalendar","downfall:HeartBlessingRed","Lantern","Slimebound:PreparedRelic","InkBottle","Medical Kit","sneckomod:BlankCard"],"acts_visited":["Exordium","TheCity","TheBeyond","TheEnding"],"potions_floor_usage":[16,28,28,29,55,56],"damage_taken":[{"damage":5,"enemies":"Small Slimes","floor":2,"turns":3},{"damage":1,"enemies":"Cultist","floor":3,"turns":3},{"damage":0,"enemies":"downfall:FleeingMerchant","floor":5,"turns":4},{"damage":0,"enemies":"2 Louse","floor":6,"turns":2},{"damage":2,"enemies":"Blue Slaver","floor":9,"turns":3},{"damage":7,"enemies":"Lagavulin","floor":12,"turns":6},{"damage":20,"enemies":"3 Sentries","floor":14,"turns":9},{"damage":7,"enemies":"Lots of Slimes","floor":15,"turns":4},{"damage":43,"enemies":"DF_ARCHETYPE_STREAMLINE","floor":16,"turns":8},{"damage":0,"enemies":"Shell Parasite","floor":19,"turns":4},{"damage":0,"enemies":"3 Byrds","floor":20,"turns":4},{"damage":48,"enemies":"Cultist and Chosen","floor":21,"turns":7},{"damage":3,"enemies":"downfall:FleeingMerchant","floor":22,"turns":4},{"damage":29,"enemies":"Book of Stabbing","floor":26,"turns":5},{"damage":12,"enemies":"Snecko","floor":27,"turns":3},{"damage":44,"enemies":"Gremlin Leader","floor":28,"turns":3},{"damage":4,"enemies":"downfall:LadyInBlue","floor":29,"turns":7},{"damage":0,"enemies":"3 Cultists","floor":31,"turns":3},{"damage":9,"enemies":"Shelled Parasite and Fungi","floor":32,"turns":4},{"damage":41,"enemies":"SI_MIRROR_ARCHETYPE","floor":33,"turns":10},{"damage":0,"enemies":"3 Shapes","floor":36,"turns":4},{"damage":0,"enemies":"Orb Walker","floor":37,"turns":2},{"damage":20,"enemies":"3 Darklings","floor":38,"turns":4},{"damage":0,"enemies":"downfall:FleeingMerchant","floor":39,"turns":4},{"damage":2,"enemies":"Reptomancer","floor":40,"turns":5},{"damage":0,"enemies":"Reptomancer","floor":42,"turns":3},{"damage":0,"enemies":"Giant Head","floor":44,"turns":4},{"damage":0,"enemies":"4 Shapes","floor":46,"turns":3},{"damage":10,"enemies":"Nemesis","floor":48,"turns":3},{"damage":0,"enemies":"Jaw Worm Horde","floor":49,"turns":2},{"damage":80,"enemies":"WA_ARCHETYPE_DIVINITY","floor":50,"turns":8},{"damage":66,"enemies":"downfall:CharBossMerchant","floor":52,"turns":6},{"damage":5,"enemies":"downfall:NeowBoss","floor":55,"turns":7},{"damage":128,"enemies":"downfall:NeowBossFinal","floor":56,"turns":5}],"seed_played":"1396963566286868750","potions_obtained":[{"floor":6,"key":"BlessingOfTheForge"},{"floor":9,"key":"PowerPotion"},{"floor":12,"key":"DuplicationPotion"},{"floor":15,"key":"FairyPotion"},{"floor":21,"key":"Slimebound:SlimedPotion"},{"floor":28,"key":"Strength Potion"},{"floor":29,"key":"Slimebound:SlimyTonguePotion"},{"floor":29,"key":"LiquidMemories"}],"is_trial":false,"path_per_floor":["R","M","M","?","$","M","T","R","M","?","?","E","R","E","M","B",null,"R","M","M","M","$","R","T","R","E","M","E","?","R","M","M","B",null,"R","M","M","M","$","E","T","?","R","E","$","M","R","E","M","B",null,"E","$","R","B","B"],"character_chosen":"SLIMEBOUND","items_purchased":["Slimebound:RejuvenatingLick","Medical Kit","sneckomod:BlankCard"],"campfire_rested":0,"item_purchase_floors":[45,53,53],"current_hp_per_floor":[65,65,65,65,65,65,65,65,65,65,65,62,72,60,61,41,67,67,75,75,27,40,40,40,40,25,43,31,59,59,75,73,46,68,68,75,75,67,75,83,83,85,85,85,85,85,85,85,85,21,69,31,31,31,63,0,0,0],"gold":127,"neow_bonus":"REMOVE_TWO","is_daily":false,"chose_seed":false,"campfire_upgraded":10,"win_rate":0.0,"timestamp":1613724966,"path_taken":["R","M","M","?","$","M","T","R","M","?","?","E","R","E","M","BOSS","R","M","M","M","$","R","T","R","E","M","E","?","R","M","M","BOSS","R","M","M","?","$","E","T","?","R","E","$","M","R","E","M","BOSS","E","$","R","BOSS","BOSS"],"items_purchased_type":["Card","Relic","Relic"],"build_version":"2020-12-22","purchased_purges":2,"victory":false,"max_hp_per_floor":[65,65,65,65,65,65,65,65,65,65,65,65,75,75,75,75,75,75,75,75,75,75,75,75,75,75,75,75,75,75,75,75,75,75,75,75,75,75,75,85,85,85,85,85,85,85,85,85,85,85,85,85,85,85,85,85,85,85],"card_choices":[{"not_picked":["Slimebound:ProtectTheBoss","Slimebound:HauntingLick"],"picked":"Slimebound:Schlurp","floor":2},{"not_picked":["Slimebound:FinishingTackle","Slimebound:SlimeSlap"],"picked":"Slimebound:Schlurp","floor":3},{"not_picked":["Slimebound:SplitSpecialist","Slimebound:SplitBruiser"],"picked":"Slimebound:LeechEnergy","floor":5},{"not_picked":["Slimebound:PressTheAttack","Slimebound:ComboTackle","Slimebound:ServeAndProtect"],"picked":"SKIP","floor":6},{"not_picked":["Slimebound:SamplingLick","Slimebound:ComboTackle","Slimebound:SlimeBrawl"],"picked":"SKIP","floor":9},{"not_picked":["Slimebound:ComboTackle","Slimebound:SplitMire"],"picked":"Slimebound:HauntingLick","floor":12},{"not_picked":["Slimebound:FlameTackle","Slimebound:DuplicatedForm"],"picked":"Slimebound:SamplingLick","floor":14},{"not_picked":["Slimebound:SplitBruiser","Slimebound:SlimeSpikes","Slimebound:HauntingLick"],"picked":"SKIP","floor":15},{"not_picked":["Slimebound:GoopSpray","Slimebound:LeadByExample"],"picked":"Slimebound:Equalize","floor":19},{"not_picked":["Slimebound:SplitAcid","Slimebound:SlimeSpikes+1","Slimebound:RollThrough+1"],"picked":"SKIP","floor":20},{"not_picked":["Slimebound:FinishingTackle+1","Slimebound:Dissolve+1"],"picked":"Slimebound:Gluttony","floor":21},{"not_picked":["Slimebound:FinishingTackle","Slimebound:RollThrough","Slimebound:Prepare"],"picked":"SKIP","floor":22},{"not_picked":["Slimebound:GoopTackle+1","Slimebound:Gluttony"],"picked":"Slimebound:Recollect+1","floor":26},{"not_picked":["Slimebound:GoopSpray","Slimebound:CheckThePlaybook"],"picked":"Slimebound:HauntingLick+1","floor":27},{"not_picked":["Slimebound:SplitBruiser","Slimebound:HungryTackle"],"picked":"Slimebound:Equalize+1","floor":28},{"not_picked":["Slimebound:LevelUp","Slimebound:HauntingLick"],"picked":"Slimebound:MegaLick","floor":29},{"not_picked":["Slimebound:LeechEnergy","Slimebound:DisruptingSlam"],"picked":"Slimebound:Recollect+1","floor":31},{"not_picked":["Slimebound:ComboTackle","Slimebound:SplitLeeching+1","Slimebound:FormOfPuddle"],"picked":"SKIP","floor":32},{"not_picked":["Slimebound:SelfFormingGoo","Slimebound:DuplicatedForm"],"picked":"Slimebound:Recycling","floor":33},{"not_picked":["Slimebound:BestDefense+1","Slimebound:GoopSpray"],"picked":"Slimebound:Schlurp+1","floor":36},{"not_picked":["Slimebound:ItLooksTasty","Slimebound:FinishingTackle","Slimebound:SplitLeeching"],"picked":"SKIP","floor":37},{"not_picked":["Slimebound:ItLooksTasty+1","Slimebound:SplitBruiser"],"picked":"Slimebound:RejuvenatingLick+1","floor":38},{"not_picked":["Slimebound:RollThrough+1","Slimebound:ComboTackle","Slimebound:SplitBruiser"],"picked":"SKIP","floor":39},{"not_picked":["Slimebound:LeadByExample","Slimebound:SelfFormingGoo","Slimebound:SlimeSpikes+1"],"picked":"SKIP","floor":40},{"not_picked":["Slimebound:ServeAndProtect+1","Slimebound:LeechEnergy"],"picked":"Slimebound:TongueLash","floor":42},{"not_picked":["Slimebound:FinishingTackle","Slimebound:SlimeSpikes+1","Slimebound:Dissolve"],"picked":"SKIP","floor":44},{"not_picked":["Slimebound:Schlurp+1","Slimebound:SamplingLick"],"picked":"Slimebound:SplitSpecialist","floor":46},{"not_picked":["Slimebound:RainOfGoop+1","Slimebound:SamplingLick"],"picked":"Slimebound:TongueLash+1","floor":48},{"not_picked":["Slimebound:ForwardTackle","Slimebound:FinishingTackle+1"],"picked":"Slimebound:Gluttony","floor":49},{"not_picked":["Slimebound:SelfFormingGoo","Slimebound:SplitAcid+1"],"picked":"Slimebound:RejuvenatingLick+1","floor":52}],"player_experience":569944,"relics_obtained":[{"floor":12,"key":"CeramicFish"},{"floor":14,"key":"Gambling Chip"},{"floor":24,"key":"Whetstone"},{"floor":26,"key":"Meat on the Bone"},{"floor":28,"key":"Bronze Scales"},{"floor":29,"key":"Toy Ornithopter"},{"floor":40,"key":"Pear"},{"floor":41,"key":"Sundial"},{"floor":42,"key":"StoneCalendar"},{"floor":44,"key":"Lantern"},{"floor":48,"key":"Slimebound:PreparedRelic"},{"floor":52,"key":"InkBottle"}],"event_choices":[],"is_beta":false,"boss_relics":[{"not_picked":["Busted Crown","Runic Dome"],"picked":"Coffee Dripper"},{"not_picked":["Sozu","Runic Pyramid"],"picked":"Slimebound:TarBlob"}],"items_purged_floors":[39,45],"is_endless":false,"potions_floor_spawned":[6,9,12,15,21,27,28,33,37,42,44,46],"killed_by":"downfall:NeowBossFinal","ascension_level":5}}