{"host":"lwys0gbp6t40j7jh","time":1613737781,"event":{"mods":["Act Like it!","BaseMod","CapriCore","Downfall","Friendly Minions","GifTheSpireLib","Minty Spire (QoL Compilation)","StSLib","SuperFastMode"],"gold_per_floor":[99,122,144,64,83,83,83,110,110,142,142,165,185,204,225,225,225,225],"floor_reached":16,"language":"ENG","playtime":472,"items_purged":[],"score":106,"play_id":"8a7e10ad-9f0f-435b-a3b1-be8351f39cd4","local_time":"20210219132941","is_ascension_mode":false,"campfire_choices":[{"data":"champ:Execute","floor":1,"key":"SMITH"},{"data":"champ:Shatter","floor":6,"key":"SMITH"},{"data":"champ:Haymaker","floor":11,"key":"SMITH"}],"circlet_count":0,"master_deck":["champ:Strike","champ:Strike","champ:Strike","champ:Defend","champ:Defend","champ:Defend","champ:Defend","champ:Execute+1","champ:Taunt","champ:Shatter+1","champ:FocusedDefense","champ:DefensiveShout","Flash of Steel","champ:Encircle","champ:Haymaker+1","champ:FlashCut","champ:TornadoPunch","champ:GutPunch","champ:EnGarde"],"relics":["champ:ChampionCrown","CeramicFish","Pantograph","Letter Opener"],"acts_visited":["Exordium"],"potions_floor_usage":[],"damage_taken":[{"damage":12,"enemies":"Cultist","floor":2,"turns":4},{"damage":10,"enemies":"Jaw Worm","floor":3,"turns":3},{"damage":15,"enemies":"downfall:FleeingMerchant","floor":4,"turns":4},{"damage":10,"enemies":"Small Slimes","floor":5,"turns":3},{"damage":25,"enemies":"Exordium Thugs","floor":8,"turns":5},{"damage":16,"enemies":"Gremlin Nob","floor":10,"turns":5},{"damage":12,"enemies":"Large Slime","floor":12,"turns":4},{"damage":12,"enemies":"2 Fungi Beasts","floor":13,"turns":3},{"damage":16,"enemies":"Gremlin Gang","floor":14,"turns":3},{"damage":21,"enemies":"Large Slime","floor":15,"turns":3},{"damage":58,"enemies":"DF_ARCHETYPE_STREAMLINE","floor":16,"turns":6}],"seed_played":"-4529195613031518367","potions_obtained":[{"floor":8,"key":"Explosive Potion"},{"floor":10,"key":"Weak Potion"},{"floor":12,"key":"Energy Potion"}],"is_trial":false,"path_per_floor":["R","M","M","$","M","R","T","M","?","E","R","M","M","M","M","B"],"character_chosen":"THE_CHAMP","items_purchased":["Flash of Steel"],"campfire_rested":0,"item_purchase_floors":[4],"current_hp_per_floor":[90,88,88,83,83,83,83,68,68,52,52,50,48,42,31,0,0,0],"gold":225,"neow_bonus":"RANDOM_COMMON_RELIC","is_daily":false,"chose_seed":false,"campfire_upgraded":3,"win_rate":0.0,"timestamp":1613737781,"path_taken":["R","M","M","$","M","R","T","?","?","E","R","M","M","M","M","BOSS"],"items_purchased_type":["Card"],"build_version":"2020-12-22","purchased_purges":0,"victory":false,"max_hp_per_floor":[90,90,90,90,90,90,90,90,90,90,90,90,90,90,90,90,90,90],"card_choices":[{"not_picked":["champ:BladeFlurry","champ:FanOfKnives"],"picked":"champ:Shatter","floor":2},{"not_picked":["champ:GladiatorStyle","champ:RecklessLeap"],"picked":"champ:FocusedDefense","floor":3},{"not_picked":["champ:BringItOn","champ:GladiatorForm"],"picked":"champ:DefensiveShout","floor":4},{"not_picked":["champ:StanceDance","champ:EnGarde"],"picked":"champ:Encircle","floor":5},{"not_picked":["champ:BladeFlurry","champ:BerserkersShout"],"picked":"champ:Haymaker","floor":8},{"not_picked":["champ:DeathBlow","champ:IgnorePain","champ:FocusedDefense"],"picked":"SKIP","floor":10},{"not_picked":["champ:Haymaker","champ:AdrenalArmor"],"picked":"champ:FlashCut","floor":12},{"not_picked":["champ:FocusedDefense","champ:DeathBlow"],"picked":"champ:TornadoPunch","floor":13},{"not_picked":["champ:RapidStrikes","champ:Haymaker"],"picked":"champ:GutPunch","floor":14},{"not_picked":["champ:GladiatorStyle","champ:BerserkersShout"],"picked":"champ:EnGarde","floor":15}],"player_experience":1255104,"relics_obtained":[{"floor":7,"key":"Pantograph"},{"floor":10,"key":"Letter Opener"}],"event_choices":[{"cards_removed":["champ:Strike"],"damage_healed":0,"gold_gain":0,"player_choice":"Card Removal","damage_taken":0,"max_hp_gain":0,"max_hp_loss":0,"event_name":"The Cleric","floor":9,"gold_loss":0}],"is_beta":false,"boss_relics":[],"items_purged_floors":[],"is_endless":false,"potions_floor_spawned":[8,10,12,13,15],"killed_by":"DF_ARCHETYPE_STREAMLINE","ascension_level":0}}