{"host":"dcj2yvrgcvh5dl2s","time":1613732319,"event":{"mods":["BaseMod","Bestiary","Better Note","Block Reminder","Colored Powertips","Curses Come First","DeckTracker","Displayed Cursed Tome","Minty Spire (QoL Compilation)","Quick Restart","Rare Cards Sparkle","Relic Stats","StSLib"],"gold_per_floor":[112,128,0,0,10,10,10,10,36,36,46,46,62,91,91,91,91],"floor_reached":16,"language":"ENG","playtime":342,"items_purged":["Strike_R"],"score":200,"play_id":"9bd9aae8-93e9-4f4a-b4e1-98e630fb7c58","local_time":"20210219205839","is_ascension_mode":true,"campfire_choices":[{"floor":6,"key":"REST"},{"data":"Heavy Blade","floor":8,"key":"SMITH"},{"floor":12,"key":"REST"},{"floor":15,"key":"REST"}],"circlet_count":0,"master_deck":["AscendersBane","Strike_R","Strike_R","Strike_R","Strike_R","Defend_R","Defend_R","Defend_R","Defend_R","Bash","Inflame","Sword Boomerang","Flex","Offering","Heavy Blade+1","Dropkick","Flex"],"relics":["Burning Blood","Potion Belt","Juzu Bracelet"],"acts_visited":["Exordium"],"potions_floor_usage":[14,14],"damage_taken":[{"damage":26,"enemies":"Jaw Worm","floor":1,"turns":7},{"damage":7,"enemies":"Cultist","floor":2,"turns":4},{"damage":16,"enemies":"Small Slimes","floor":5,"turns":3},{"damage":17,"enemies":"3 Louse","floor":11,"turns":2},{"damage":38,"enemies":"Exordium Thugs","floor":13,"turns":3},{"damage":16,"enemies":"3 Sentries","floor":14,"turns":4},{"damage":73,"enemies":"Slime Boss","floor":16,"turns":7}],"seed_played":"1897063495757437957","potions_obtained":[{"floor":5,"key":"PowerPotion"},{"floor":13,"key":"BlessingOfTheForge"}],"is_trial":false,"path_per_floor":["M","M","$","?","M","R","$","R","T","$","M","R","M","E","R","B"],"character_chosen":"IRONCLAD","items_purchased":["Flex"],"campfire_rested":3,"item_purchase_floors":[3],"current_hp_per_floor":[44,43,43,43,33,59,59,59,59,59,48,74,42,32,58,0,0],"gold":91,"neow_bonus":"TWENTY_PERCENT_HP_BONUS","is_daily":false,"chose_seed":false,"campfire_upgraded":1,"win_rate":0.0,"timestamp":1613732319,"path_taken":["M","M","$","?","M","R","$","R","T","?","M","R","?","E","R","BOSS"],"items_purchased_type":["Card"],"build_version":"2020-12-22","purchased_purges":1,"victory":false,"max_hp_per_floor":[89,89,89,89,89,89,89,89,89,89,89,89,89,89,89,89,89],"relic_stats":{"counters":[7,30],"Juzu Bracelet":0,"obtain_stats":[{"Potion Belt":9,"Juzu Bracelet":14,"Burning Blood":0},{"Potion Belt":3,"Juzu Bracelet":6,"Burning Blood":0},{"Potion Belt":14,"Juzu Bracelet":23,"Burning Blood":0}],"Burning Blood":36},"card_choices":[{"not_picked":["Warcry","Flame Barrier"],"picked":"Inflame","floor":1},{"not_picked":["Anger","Pommel Strike"],"picked":"Sword Boomerang","floor":2},{"not_picked":["Dark Embrace","Twin Strike"],"picked":"Heavy Blade","floor":5},{"not_picked":["Iron Wave","Pommel Strike","Anger"],"picked":"SKIP","floor":11},{"not_picked":["Rage","Dual Wield"],"picked":"Dropkick","floor":13},{"not_picked":["Anger","Wild Strike"],"picked":"Flex","floor":14}],"player_experience":2446239,"relics_obtained":[{"floor":9,"key":"Potion Belt"},{"floor":14,"key":"Juzu Bracelet"}],"event_choices":[{"damage_healed":0,"gold_gain":0,"player_choice":"1 cards matched","damage_taken":0,"max_hp_gain":0,"max_hp_loss":0,"event_name":"Match and Keep!","floor":4,"gold_loss":0,"cards_obtained":["Offering"]}],"is_beta":false,"boss_relics":[],"items_purged_floors":[3],"is_endless":false,"potions_floor_spawned":[5,13],"killed_by":"Slime Boss","ascension_level":20}}