{"host":"htvce8wym9d6pe5b","time":1613755134,"event":{"mods":["Act Like it!","BaseMod","Colored Map","Conspire","Downfall","Duelist Mod","Hermit","Highlight Path","Hubris","Infinite Spire","Jorbs\u0027s Wanderer Trilogy","Minty Spire (QoL Compilation)","Replay The Spire","StSLib","The Bug Knight","The Cursed","The Disciple","The Hierophant","The Runesmith"],"gold_per_floor":[345,335,323,115,123,123,133,126,126,126,126,139,161,151,151,147,147],"floor_reached":16,"language":"ENG","playtime":1010,"items_purged":[],"score":98,"play_id":"42acacf7-a771-4004-ae94-b8fb74b5687d","local_time":"20210219111854","is_ascension_mode":false,"campfire_choices":[{"floor":6,"key":"REST"},{"floor":15,"key":"REST"}],"circlet_count":0,"master_deck":["hierophant:Strike_Hierophant","hierophant:Strike_Hierophant","hierophant:Strike_Hierophant","hierophant:Strike_Hierophant","hierophant:Punish","hierophant:Defend_Hierophant","hierophant:Defend_Hierophant","hierophant:Defend_Hierophant","hierophant:Defend_Hierophant","hierophant:ChurchCoffers","hierophant:Doubloon","hierophant:Remorse","hierophant:TollTheBells","hierophant:Martyrdom","hierophant:DivineIntervention","hierophant:Smite","hierophant:Sermon","hierophant:FaithHealing","hierophant:HammerAndAnvil","Regret","hierophant:Cornucopia","hierophant:HolyVerse","hierophant:TollTheBells"],"relics":["hierophant:PropheticMaskRelic","Mummified Hand","Quantum Egg","NlothsMask"],"acts_visited":["Exordium"],"potions_floor_usage":[],"damage_taken":[{"damage":10,"enemies":"Small Slimes","floor":1,"turns":3},{"damage":6,"enemies":"Jaw Worm","floor":2,"turns":2},{"damage":6,"enemies":"Cultist","floor":3,"turns":3},{"damage":11,"enemies":"Gremlin Gang","floor":5,"turns":2},{"damage":6,"enemies":"3 Louse","floor":7,"turns":2},{"damage":9,"enemies":"Large Slime","floor":8,"turns":3},{"damage":0,"enemies":"2 Fungi Beasts","floor":12,"turns":2},{"damage":8,"enemies":"Blue Slaver","floor":13,"turns":3},{"damage":29,"enemies":"Large Slime","floor":14,"turns":5},{"damage":32,"enemies":"Slime Boss","floor":16,"turns":3}],"seed_played":"2835960074711840681","potions_obtained":[{"floor":2,"key":"DistilledChaos"},{"floor":5,"key":"hexamod:SoulburnPotion"},{"floor":12,"key":"Swift Potion"},{"floor":14,"key":"conspire:TimeTravelPotion"}],"is_trial":false,"path_per_floor":["M","M","M","$","M","R","M","M","T","?","?","M","M","M","R","B"],"character_chosen":"HIEROPHANT","items_purchased":["hierophant:DivineIntervention","hierophant:Smite"],"campfire_rested":2,"item_purchase_floors":[4,4],"current_hp_per_floor":[58,52,46,46,35,55,49,40,40,40,40,40,32,3,23,0,0],"gold":147,"neow_bonus":"TWO_FIFTY_GOLD","is_daily":false,"chose_seed":false,"campfire_upgraded":0,"win_rate":0.0,"timestamp":1613755134,"path_taken":["M","M","M","$","M","R","M","M","T","?","?","M","M","M","R","BOSS"],"items_purchased_type":["Card","Card"],"build_version":"2020-12-22","purchased_purges":0,"victory":false,"max_hp_per_floor":[68,68,68,68,68,68,68,68,68,68,68,68,68,68,68,68,68],"card_choices":[{"not_picked":["hierophant:MirrorShield","hierophant:Alms"],"picked":"hierophant:Remorse","floor":1},{"not_picked":["hierophant:Mercenaries","hierophant:AuricBeam"],"picked":"hierophant:TollTheBells","floor":2},{"not_picked":["hierophant:Racketeering","hierophant:Shelter"],"picked":"hierophant:Martyrdom","floor":3},{"not_picked":["hierophant:PassingBell","hierophant:Bribe"],"picked":"hierophant:Sermon","floor":5},{"not_picked":["hierophant:RustyCrate","hierophant:Martyrdom"],"picked":"hierophant:FaithHealing","floor":7},{"not_picked":["hierophant:Encroach","hierophant:SealAway"],"picked":"hierophant:HammerAndAnvil","floor":8},{"not_picked":["hierophant:Prophecy","hierophant:FieryStrike"],"picked":"hierophant:Cornucopia","floor":12},{"not_picked":["hierophant:SolarFlare","hierophant:PassingBell"],"picked":"hierophant:HolyVerse","floor":13},{"not_picked":["hierophant:DisplayOfPower","hierophant:Smite"],"picked":"hierophant:TollTheBells","floor":14}],"player_experience":14218,"relics_obtained":[{"floor":9,"key":"Mummified Hand"}],"event_choices":[{"damage_healed":0,"gold_gain":0,"player_choice":"Box","damage_taken":0,"relics_obtained":["Quantum Egg"],"max_hp_gain":0,"max_hp_loss":0,"event_name":"Big Fish","floor":10,"gold_loss":0,"cards_obtained":["Regret"]},{"damage_healed":0,"gold_gain":0,"player_choice":"Trade","damage_taken":0,"relics_obtained":["NlothsMask"],"max_hp_gain":0,"max_hp_loss":0,"event_name":"FaceTrader","floor":11,"gold_loss":0}],"is_beta":false,"boss_relics":[],"items_purged_floors":[],"is_endless":false,"potions_floor_spawned":[2,5,12,14],"killed_by":"Slime Boss","ascension_level":0}}