{"host":"04hh9gplt9wkfmr1","time":1613758629,"event":{"mods":["AchievementEnabler","BaseMod","Colored Map","KOR Keyword Fix","Minty Spire (QoL Compilation)","Rare Cards Sparkle","SuperFastMode"],"gold_per_floor":[118,132,148,165,183,183,213,230,230,230,405,405,422,422,422],"floor_reached":14,"language":"KOR","playtime":445,"items_purged":[],"score":127,"play_id":"89169a1a-d0c0-464e-a298-d4457e6c73f5","local_time":"20210220031709","is_ascension_mode":true,"campfire_choices":[{"floor":6,"key":"REST"},{"floor":10,"key":"REST"},{"data":"Heavy Blade","floor":12,"key":"SMITH"}],"circlet_count":0,"master_deck":["Strike_R","Strike_R","Strike_R","Strike_R","Strike_R","Defend_R","Defend_R","Defend_R","Defend_R","Bash","Heavy Blade+1","Flex","Sword Boomerang","Heavy Blade","Doubt","Seeing Red"],"relics":["Burning Blood","Boot","Sundial"],"acts_visited":["Exordium"],"potions_floor_usage":[7,7],"damage_taken":[{"damage":9,"enemies":"2 Louse","floor":1,"turns":3},{"damage":0,"enemies":"Small Slimes","floor":2,"turns":3},{"damage":12,"enemies":"Jaw Worm","floor":3,"turns":3},{"damage":40,"enemies":"Exordium Thugs","floor":4,"turns":7},{"damage":37,"enemies":"Exordium Wildlife","floor":5,"turns":7},{"damage":30,"enemies":"Lagavulin","floor":7,"turns":6},{"damage":5,"enemies":"2 Fungi Beasts","floor":8,"turns":3},{"damage":16,"enemies":"Blue Slaver","floor":13,"turns":4},{"damage":25,"enemies":"3 Sentries","floor":14,"turns":5}],"seed_played":"2830044011020760229","potions_obtained":[{"floor":1,"key":"Strength Potion"},{"floor":2,"key":"SpeedPotion"},{"floor":4,"key":"SteroidPotion"},{"floor":8,"key":"SpeedPotion"}],"is_trial":false,"path_per_floor":["M","M","M","M","M","R","E","M","T","R","?","R","M","E"],"character_chosen":"IRONCLAD","items_purchased":[],"campfire_rested":2,"item_purchase_floors":[],"current_hp_per_floor":[77,83,77,43,12,38,14,15,15,41,41,41,31,6,6],"gold":422,"neow_bonus":"TEN_PERCENT_HP_BONUS","is_daily":false,"chose_seed":false,"campfire_upgraded":1,"win_rate":0.0,"timestamp":1613758629,"path_taken":["M","M","M","M","M","R","E","M","T","R","?","R","M","E"],"items_purchased_type":[],"build_version":"2020-12-22","purchased_purges":0,"victory":false,"max_hp_per_floor":[88,88,88,88,88,88,88,88,88,88,88,88,88,88,88],"card_choices":[{"not_picked":["Reckless Charge","Headbutt"],"picked":"Heavy Blade","floor":1},{"not_picked":["Reckless Charge","Body Slam"],"picked":"Flex","floor":2},{"not_picked":["Anger","Wild Strike","Searing Blow"],"picked":"SKIP","floor":3},{"not_picked":["Rampage","Twin Strike"],"picked":"Sword Boomerang","floor":4},{"not_picked":["Infernal Blade","Clothesline","Anger"],"picked":"SKIP","floor":5},{"not_picked":["Perfected Strike","Anger","Metallicize"],"picked":"SKIP","floor":7},{"not_picked":["Searing Blow","Thunderclap"],"picked":"Heavy Blade","floor":8},{"not_picked":["Rampage","Iron Wave"],"picked":"Seeing Red","floor":13}],"player_experience":167504,"relics_obtained":[{"floor":7,"key":"Boot"},{"floor":9,"key":"Sundial"}],"event_choices":[{"damage_healed":0,"gold_gain":175,"player_choice":"AGREE","damage_taken":0,"max_hp_gain":0,"max_hp_loss":0,"event_name":"Liars Game","floor":11,"gold_loss":0,"cards_obtained":["Doubt"]}],"is_beta":false,"boss_relics":[],"items_purged_floors":[],"is_endless":false,"potions_floor_spawned":[1,2,4,8],"killed_by":"3 Sentries","ascension_level":7}}