{"host":"syfsfjmzue8y1a6l","time":1613749525,"event":{"mods":["AchievementEnabler","BaseMod","Colored Map","DeckTracker","Minty Spire (QoL Compilation)","Permanent Neow","SuperFastMode"],"gold_per_floor":[112,124,124,124,143,143,178,203,203,203,224,224,149,170,170,296,296,319,340,340,360,106,106,121,196,196,196,221,239,114,153,153,283,283,303,303,43,59,59,59,72,72,119,452,476,131,131,155,155,155,155,155,31,65,65,65],"floor_reached":55,"language":"KOR","playtime":1960,"items_purged":["Defend_R","Defend_R","Defend_R","Defend_R"],"score":689,"play_id":"145e0840-84f7-4e00-b5ed-20dba5578a7a","local_time":"20210220004525","is_ascension_mode":false,"campfire_choices":[{"data":"Bash","floor":6.0,"key":"SMITH"},{"floor":10.0,"key":"DIG"},{"floor":15.0,"key":"DIG"},{"floor":23,"key":"DIG"},{"floor":27,"key":"DIG"},{"floor":32,"key":"DIG"},{"floor":40,"key":"DIG"},{"floor":42,"key":"RECALL"},{"floor":47,"key":"DIG"},{"data":"Feel No Pain","floor":49,"key":"SMITH"},{"floor":52,"key":"DIG"}],"circlet_count":0,"master_deck":["Strike_R+1","Strike_R","Strike_R","Strike_R","Strike_R","Bash+1","Heavy Blade+1","Carnage","Clothesline","Perfected Strike","Power Through","True Grit","Necronomicurse","Blood for Blood","Fire Breathing","Fiend Fire","Sever Soul+1","Perfected Strike+1","Feel No Pain+1","Flame Barrier","Impervious","Double Tap"],"relics":["Snecko Eye","Shovel","Lizard Tail","Orichalcum","Busted Crown","Necronomicon","HandDrill","Regal Pillow","Ornamental Fan","Gremlin Horn","Dream Catcher","Pen Nib","SlaversCollar","StrikeDummy","CeramicFish","Smiling Mask","Charon\u0027s Ashes","Question Card","Shuriken","Gambling Chip"],"acts_visited":["Exordium","TheCity","TheBeyond","TheEnding"],"potions_floor_usage":[45,50,50,50],"damage_taken":[{"damage":1.0,"enemies":"Jaw Worm","floor":1.0,"turns":3.0},{"damage":0.0,"enemies":"2 Louse","floor":2.0,"turns":2.0},{"damage":1.0,"enemies":"Cultist","floor":5.0,"turns":3.0},{"damage":8.0,"enemies":"3 Sentries","floor":7.0,"turns":5.0},{"damage":2.0,"enemies":"Large Slime","floor":8.0,"turns":5.0},{"damage":0.0,"enemies":"Looter","floor":11.0,"turns":1.0},{"damage":0.0,"enemies":"Red Slaver","floor":14.0,"turns":2.0},{"damage":10.0,"enemies":"Hexaghost","floor":16.0,"turns":9.0},{"damage":0.0,"enemies":"Chosen","floor":18.0,"turns":3.0},{"damage":0.0,"enemies":"Spheric Guardian","floor":19.0,"turns":3.0},{"damage":0,"enemies":"Cultist and Chosen","floor":21,"turns":3},{"damage":0,"enemies":"Snake Plant","floor":24,"turns":2},{"damage":0,"enemies":"Chosen and Byrds","floor":28,"turns":3},{"damage":0,"enemies":"Snecko","floor":29,"turns":3},{"damage":0,"enemies":"Gremlin Leader","floor":31,"turns":2},{"damage":33,"enemies":"Collector","floor":33,"turns":4},{"damage":0,"enemies":"3 Shapes","floor":35,"turns":2},{"damage":15,"enemies":"3 Darklings","floor":38,"turns":3},{"damage":1,"enemies":"Maw","floor":41,"turns":4},{"damage":25,"enemies":"Sphere and 2 Shapes","floor":45,"turns":4},{"damage":20,"enemies":"Jaw Worm Horde","floor":48,"turns":2},{"damage":24,"enemies":"Donu and Deca","floor":50,"turns":6},{"damage":20,"enemies":"Shield and Spear","floor":54,"turns":4},{"damage":67,"enemies":"The Heart","floor":55,"turns":3}],"seed_played":"-7887218933570714670","potions_obtained":[{"floor":1.0,"key":"Energy Potion"},{"floor":5.0,"key":"DuplicationPotion"},{"floor":16.0,"key":"SkillPotion"},{"floor":19.0,"key":"DuplicationPotion"},{"floor":45,"key":"Weak Potion"}],"is_trial":false,"path_per_floor":["M","M","?","?","M","R","E","M","T","R","M","?","$","M","R","B",null,"M","M","?","M","$","R","M","?","T","R","M","M","$","E","R","B",null,"M","?","$","M","?","R","M","R","T","?","M","$","R","M","R","B",null,"R","$","E","B"],"character_chosen":"IRONCLAD","items_purchased":["HandDrill","StrikeDummy","Charon\u0027s Ashes","Flame Barrier","Impervious"],"campfire_rested":0,"item_purchase_floors":[22,37,46,53,53],"current_hp_per_floor":[79,79,59,59,58,58,50,48,48,48,48,32,32,32,32,22,80,80,80,64,64,64,64,64,56,56,56,56,56,56,56,56,23,80,80,80,80,65,65,65,64,64,64,64,39,39,39,19,19,38,76,76,76,56,0,0],"gold":65,"neow_bonus":"BOSS_RELIC","is_daily":false,"chose_seed":false,"campfire_upgraded":2,"win_rate":0.0,"timestamp":1613749525,"path_taken":["M","M","?","?","M","R","E","?","T","R","M","?","$","M","R","BOSS","M","M","?","M","$","R","M","?","T","R","?","M","$","E","R","BOSS","M","?","$","M","?","R","M","R","T","?","?","$","R","M","R","BOSS","R","$","E","BOSS"],"items_purchased_type":["Relic","Relic","Relic","Card","Card"],"build_version":"2020-12-22","purchased_purges":4,"victory":false,"max_hp_per_floor":[80,80,80,80,80,80,80,80,80,80,80,80,80,80,80,80,80,80,80,80,80,80,80,80,80,80,80,80,80,80,80,80,80,80,80,80,80,80,76,76,76,76,76,76,76,76,76,76,76,76,76,76,76,76,76,76],"card_choices":[{"not_picked":["Combust","Feel No Pain"],"picked":"Heavy Blade","floor":1.0},{"not_picked":["Headbutt","Cleave"],"picked":"Carnage","floor":2.0},{"not_picked":["Disarm","Whirlwind","Hemokinesis"],"picked":"SKIP","floor":5.0},{"not_picked":["Anger","Warcry"],"picked":"Clothesline","floor":7.0},{"not_picked":["Heavy Blade","Headbutt"],"picked":"Perfected Strike","floor":8.0},{"not_picked":["Pummel","Sword Boomerang"],"picked":"Power Through","floor":11.0},{"not_picked":["Wild Strike","Iron Wave"],"picked":"True Grit","floor":14.0},{"not_picked":["Exhume","Feed"],"picked":"Juggernaut","floor":16.0},{"not_picked":["Armaments"],"picked":"SKIP","floor":18.0},{"not_picked":["Sword Boomerang"],"picked":"SKIP","floor":19.0},{"not_picked":[],"picked":"Blood for Blood","floor":21},{"not_picked":["Heavy Blade"],"picked":"SKIP","floor":24},{"not_picked":["Iron Wave"],"picked":"SKIP","floor":28},{"not_picked":[],"picked":"Fire Breathing","floor":29},{"not_picked":["Bloodletting"],"picked":"SKIP","floor":31},{"not_picked":[],"picked":"Fiend Fire","floor":33},{"not_picked":["Havoc+1"],"picked":"SKIP","floor":35},{"not_picked":[],"picked":"Sever Soul+1","floor":38},{"not_picked":["Evolve+1"],"picked":"SKIP","floor":41},{"not_picked":[],"picked":"Perfected Strike+1","floor":45},{"not_picked":["Metallicize"],"picked":"Feel No Pain","floor":48},{"not_picked":["Armaments"],"picked":"Double Tap","floor":54}],"player_experience":167303,"relics_obtained":[{"floor":7.0,"key":"Shovel"},{"floor":10.0,"key":"Lizard Tail"},{"floor":15.0,"key":"Orichalcum"},{"floor":20.0,"key":"Necronomicon"},{"floor":23,"key":"Regal Pillow"},{"floor":26,"key":"Ornamental Fan"},{"floor":27,"key":"Gremlin Horn"},{"floor":31,"key":"Dream Catcher"},{"floor":32,"key":"Pen Nib"},{"floor":40,"key":"CeramicFish"},{"floor":43,"key":"Smiling Mask"},{"floor":47,"key":"Question Card"},{"floor":52,"key":"Shuriken"},{"floor":54,"key":"Gambling Chip"}],"event_choices":[{"damage_healed":0.0,"max_hp_gain":0.0,"max_hp_loss":0.0,"gold_gain":0.0,"event_name":"Golden Idol","player_choice":"Take Damage","floor":3.0,"gold_loss":0.0,"damage_taken":20.0,"relics_obtained":["Golden Idol"]},{"damage_healed":0.0,"max_hp_gain":0.0,"max_hp_loss":0.0,"gold_gain":0.0,"event_name":"NoteForYourself","player_choice":"Ignored","floor":4.0,"gold_loss":0.0,"damage_taken":0.0},{"damage_healed":0.0,"max_hp_gain":0.0,"max_hp_loss":0.0,"gold_gain":0.0,"event_name":"Shining Light","player_choice":"Entered Light","floor":12.0,"gold_loss":0.0,"damage_taken":16.0,"cards_upgraded":["Strike_R","Heavy Blade"]},{"damage_healed":0.0,"max_hp_gain":0.0,"max_hp_loss":0.0,"gold_gain":0.0,"event_name":"Cursed Tome","player_choice":"Obtained Book","floor":20.0,"gold_loss":0.0,"damage_taken":16.0},{"damage_healed":0,"gold_gain":75,"player_choice":"Touch","damage_taken":8,"max_hp_gain":0,"max_hp_loss":0,"event_name":"FaceTrader","floor":25,"gold_loss":0},{"cards_removed":["Juggernaut"],"damage_healed":0,"gold_gain":0,"player_choice":"Removed Power","damage_taken":0,"max_hp_gain":0,"max_hp_loss":0,"event_name":"Falling","floor":36,"gold_loss":0},{"damage_healed":0,"gold_gain":0,"player_choice":"Max HP","damage_taken":0,"max_hp_gain":0,"max_hp_loss":4,"event_name":"Winding Halls","floor":39,"gold_loss":0},{"damage_healed":0,"gold_gain":333,"player_choice":"Gave Idol","damage_taken":0,"max_hp_gain":0,"max_hp_loss":0,"event_name":"The Moai Head","floor":44,"relics_lost":["Golden Idol"],"gold_loss":0}],"is_beta":false,"boss_relics":[{"not_picked":["Runic Dome","SacredBark"],"picked":"Busted Crown"},{"not_picked":["Philosopher\u0027s Stone","Mark of Pain"],"picked":"SlaversCollar"}],"items_purged_floors":[13,22,30,46],"is_endless":false,"potions_floor_spawned":[1,5,16,19,21,31,33,41,45],"killed_by":"The Heart","ascension_level":0}}