{"host":"8t5dkgm85abdp22d","time":1613708333,"event":{"mods":["ATMod(阿瑾Mod)","Act Like it!","BaseMod","Colored Powertips","Conspire","Gensokyo","GungeonMod","Hallownest","Minty Spire (QoL Compilation)","MostiFishMod","Remilia（蕾米莉亚）","RumiaBox-露米娅的神秘盒子","Ryuuou龙王","StSLib","The Bug Knight","UnlockEverythingMod","Waifu the Spire","WarShipGirlsR/战舰少女R mod","Yakumo Yukari mod"],"gold_per_floor":[114,124,199,32,32,57,74,89,89,89,89],"floor_reached":10,"language":"ZHS","playtime":205,"items_purged":[],"score":136,"play_id":"3d264c64-2451-4846-b4e9-237f9f36fec5","local_time":"20210219121853","is_ascension_mode":true,"campfire_choices":[],"circlet_count":0,"master_deck":["AscendersBane","Strike_P","Strike_P+1","Strike_P+1","Strike_P","Defend_P+1","Defend_P","Defend_P","Defend_P","Eruption","Vigilance","AT_KingSlayer","LessonLearned","Regret"],"relics":["PureWater","AT_ATBox","DaveBox","NeowsBlessing","JellyFishMachine","SynthV:TestCard","conspire:Flyswatter","Tiny Chest"],"acts_visited":["Exordium"],"potions_floor_usage":[8],"damage_taken":[{"damage":0,"enemies":"2 Louse","floor":1,"turns":1},{"damage":0,"enemies":"Jaw Worm","floor":2,"turns":1},{"damage":11,"enemies":"Gremlin Nob","floor":6,"turns":3},{"damage":1,"enemies":"Cultist","floor":7,"turns":4},{"damage":42,"enemies":"Large Slime","floor":8,"turns":5},{"damage":2,"enemies":"3 Sentries","floor":10,"turns":1}],"seed_played":"-5677646798059295115","potions_obtained":[{"floor":2,"key":"Fruit Juice"},{"floor":7,"key":"Block Potion"}],"is_trial":false,"path_per_floor":["M","M","?","$","?","E","M","M","T","E"],"character_chosen":"WATCHER","items_purchased":["LessonLearned"],"campfire_rested":0,"item_purchase_floors":[4],"current_hp_per_floor":[61,61,50,50,50,39,38,1,1,0,0],"gold":89,"neow_bonus":"THREE_ENEMY_KILL","is_daily":false,"chose_seed":false,"campfire_upgraded":0,"win_rate":0.0,"timestamp":1613708333,"path_taken":["M","M","?","$","?","E","M","M","T","E"],"items_purchased_type":["Card"],"build_version":"2020-12-22","purchased_purges":0,"victory":false,"max_hp_per_floor":[68,68,68,68,68,68,68,73,73,73,73],"card_choices":[{"not_picked":["FlurryOfBlows","CutThroughFate","FlyingSleeves"],"picked":"SKIP","floor":1},{"not_picked":["CutThroughFate","EmptyFist","Consecrate","BowlingBash","WindmillStrike"],"picked":"SKIP","floor":2},{"not_picked":["CrushJoints","MostiFishMod:Minus","Vengeance","Consecrate","FlyingSleeves"],"picked":"SKIP","floor":6},{"not_picked":["Pray","Prostrate","MostiFishMod:LegendTransform","AT_DivineConfetti","BattleHymn"],"picked":"SKIP","floor":7},{"not_picked":["Consecrate","SashWhip","Protect","PathToVictory","Prostrate"],"picked":"SKIP","floor":8}],"player_experience":107534,"relics_obtained":[{"floor":1,"key":"SynthV:TestCard"},{"floor":6,"key":"Tiny Chest"}],"event_choices":[{"damage_healed":0,"gold_gain":75,"player_choice":"Gather Gold","damage_taken":11,"max_hp_gain":0,"max_hp_loss":0,"event_name":"World of Goop","floor":3,"gold_loss":0},{"damage_healed":0,"gold_gain":0,"player_choice":"Box","damage_taken":0,"relics_obtained":["conspire:Flyswatter"],"max_hp_gain":0,"max_hp_loss":0,"event_name":"Big Fish","floor":5,"gold_loss":0,"cards_obtained":["Regret"]}],"is_beta":false,"boss_relics":[],"items_purged_floors":[],"is_endless":false,"potions_floor_spawned":[2,7],"killed_by":"3 Sentries","ascension_level":20}}