{"host":"my4gslufyvqsq7r2","time":1613768137,"event":{"mods":["BaseMod","Colored Powertips","Hermit","Hubris","Infinite Spire","Minty Spire (QoL Compilation)","Rare Cards Sparkle","Relic Stats","Reliquary","Replay The Spire","Robot Space Explorer","StSLib"],"gold_per_floor":[117,128,145,145,164,191,191,191,272,288,307,320,331,281,281,383,433,452,452,465,465,477,505,505,505,505,516,516,531,531,407,407,504,504,524,524,524],"floor_reached":36,"language":"ENG","playtime":19439,"items_purged":["RobotSpaceExplorer:DualCore"],"score":413,"play_id":"cf14f7af-3a45-4fdc-9530-9db190701faf","local_time":"20210219155537","is_ascension_mode":false,"campfire_choices":[{"floor":7,"key":"REST"},{"data":"RobotSpaceExplorer:MakeshiftVolley","floor":15,"key":"SMITH"},{"data":"RobotSpaceExplorer:LaserBurst","floor":28,"key":"SMITH"},{"floor":30,"key":"REST"},{"data":"RobotSpaceExplorer:ImprovisedAttack","floor":32,"key":"PURGE"}],"circlet_count":0,"master_deck":["RobotSpaceExplorer:Defend","RobotSpaceExplorer:Defend","RobotSpaceExplorer:Defend","RobotSpaceExplorer:Defend","RobotSpaceExplorer:Scan","RobotSpaceExplorer:MiniLasers","RobotSpaceExplorer:MetalStrike+1","RobotSpaceExplorer:SurgingStrike","RobotSpaceExplorer:ToxicBomb","RobotSpaceExplorer:Counterblock","RobotSpaceExplorer:SurgingStrike","RobotSpaceExplorer:Pulsar","RobotSpaceExplorer:MakeshiftVolley+1","RobotSpaceExplorer:Autoloader","RobotSpaceExplorer:MiniDrones","RobotSpaceExplorer:Scanner","Bite","Bite","Bite","Bite","Bite","RobotSpaceExplorer:Probe","RobotSpaceExplorer:PlasmaMissile","RobotSpaceExplorer:LaserBurst+1","RobotSpaceExplorer:StunGrenade","RobotSpaceExplorer:ShovelStrike+1","RobotSpaceExplorer:Jetpack","RobotSpaceExplorer:HighVoltage","RobotSpaceExplorer:Pulsar"],"relics":["RobotSpaceExplorer:RoboCore","NeowsBlessing","hubris:Towel","hubris:Spice","Tiny House","Peace Pipe","ChewingGum"],"acts_visited":["Exordium","TheCity","TheBeyond"],"potions_floor_usage":[16,16,16,33,33,33],"damage_taken":[{"damage":0,"enemies":"Cultist","floor":1,"turns":1},{"damage":0,"enemies":"Jaw Worm","floor":2,"turns":1},{"damage":0,"enemies":"2 Louse","floor":3,"turns":1},{"damage":2,"enemies":"Looter","floor":5,"turns":3},{"damage":31,"enemies":"Replay:BlueRogue","floor":6,"turns":9},{"damage":2,"enemies":"Exordium Wildlife","floor":10,"turns":4},{"damage":1,"enemies":"Blue Slaver","floor":11,"turns":4},{"damage":1,"enemies":"Red Slaver","floor":12,"turns":5},{"damage":0,"enemies":"2 Fungi Beasts","floor":13,"turns":3},{"damage":54,"enemies":"Fading Forest","floor":16,"turns":11},{"damage":24,"enemies":"2 Thieves","floor":18,"turns":5},{"damage":14,"enemies":"Chosen","floor":20,"turns":5},{"damage":14,"enemies":"Centurion and Healer","floor":22,"turns":9},{"damage":11,"enemies":"Replay:Snechameleon","floor":23,"turns":6},{"damage":3,"enemies":"Snecko","floor":27,"turns":3},{"damage":29,"enemies":"Sentry and Sphere","floor":29,"turns":6},{"damage":57,"enemies":"Collector","floor":33,"turns":13},{"damage":7,"enemies":"3 Darklings","floor":35,"turns":4},{"damage":57,"enemies":"3 Shapes","floor":36,"turns":5}],"seed_played":"6689118704991438798","potions_obtained":[{"floor":1,"key":"Ancient Potion"},{"floor":6,"key":"SkillPotion"},{"floor":10,"key":"PowerPotion"},{"floor":16,"key":"Swift Potion"},{"floor":17,"key":"DistilledChaos"},{"floor":29,"key":"BlessingOfTheForge"}],"is_trial":false,"path_per_floor":["M","M","M","?","M","E","R","?","T","M","M","M","M","?","R","B",null,"M","?","M","?","M","E","?","?","T","M","R","M","R","$","R","B",null,"M","M"],"character_chosen":"RobotSpaceExplorer","items_purchased":["RobotSpaceExplorer:ImprovisedAttack"],"campfire_rested":2,"item_purchase_floors":[31],"current_hp_per_floor":[75,75,75,75,73,50,74,77,85,83,82,81,81,81,81,37,99,75,69,63,63,61,64,64,64,61,58,58,33,51,51,51,9,61,54,0,0],"gold":524,"neow_bonus":"THREE_ENEMY_KILL","is_daily":false,"chose_seed":false,"campfire_upgraded":2,"win_rate":0.0,"timestamp":1613768137,"path_taken":["M","M","?","?","M","E","R","?","T","M","M","M","M","?","R","BOSS","M","?","M","?","?","E","?","?","T","M","R","M","R","$","R","BOSS","M","M"],"items_purchased_type":["Card"],"build_version":"2020-12-22","purchased_purges":1,"victory":false,"max_hp_per_floor":[75,75,75,75,75,83,83,86,94,94,94,94,94,94,94,94,99,99,69,69,69,69,69,69,69,61,61,61,61,61,61,61,61,61,61,61,61],"relic_stats":{"Peace Pipe":1,"counters":[19,98],"obtain_stats":[{"Peace Pipe":23,"Tiny House":17,"NeowsBlessing":0,"hubris:Spice":6,"RobotSpaceExplorer:RoboCore":0,"ChewingGum":34,"hubris:Towel":4},{"Peace Pipe":14,"Tiny House":10,"NeowsBlessing":0,"hubris:Spice":5,"RobotSpaceExplorer:RoboCore":0,"ChewingGum":17,"hubris:Towel":3},{"Peace Pipe":67,"Tiny House":42,"NeowsBlessing":0,"hubris:Spice":15,"RobotSpaceExplorer:RoboCore":0,"ChewingGum":89,"hubris:Towel":3}]},"card_choices":[{"not_picked":["RobotSpaceExplorer:Pulsar","RobotSpaceExplorer:ScrapMissile"],"picked":"RobotSpaceExplorer:MetalStrike","floor":1},{"not_picked":["RobotSpaceExplorer:SlimeMissile","RobotSpaceExplorer:Reload"],"picked":"RobotSpaceExplorer:SurgingStrike","floor":2},{"not_picked":["RobotSpaceExplorer:FrostMissile","RobotSpaceExplorer:Probe"],"picked":"RobotSpaceExplorer:ToxicBomb","floor":3},{"not_picked":["RobotSpaceExplorer:SwiftStep","RobotSpaceExplorer:JunkDive"],"picked":"RobotSpaceExplorer:Counterblock","floor":5},{"not_picked":["RobotSpaceExplorer:MetalStrike","RobotSpaceExplorer:MiniBoosters"],"picked":"RobotSpaceExplorer:SurgingStrike","floor":6},{"not_picked":["RobotSpaceExplorer:SlimeMissile","RobotSpaceExplorer:Counterblock"],"picked":"RobotSpaceExplorer:Pulsar","floor":10},{"not_picked":["RobotSpaceExplorer:SurgingShield","RobotSpaceExplorer:MetalStrike"],"picked":"RobotSpaceExplorer:Ammunition","floor":11},{"not_picked":["RobotSpaceExplorer:LaserBurst","RobotSpaceExplorer:Ammunition"],"picked":"RobotSpaceExplorer:DualCore","floor":12},{"not_picked":["RobotSpaceExplorer:ShockKick","RobotSpaceExplorer:SurgingStrike"],"picked":"RobotSpaceExplorer:MakeshiftVolley","floor":13},{"not_picked":["RobotSpaceExplorer:Multitool","RobotSpaceExplorer:Exploration"],"picked":"RobotSpaceExplorer:Autoloader","floor":16},{"not_picked":["RobotSpaceExplorer:PlasmaMissile","hubris:SpiceAddiction"],"picked":"RobotSpaceExplorer:MiniDrones","floor":17},{"not_picked":["RobotSpaceExplorer:Counterblock+1","RobotSpaceExplorer:SurgingStrike"],"picked":"RobotSpaceExplorer:Scanner","floor":18},{"not_picked":["RobotSpaceExplorer:SurgingStrike","hubris:SpiceAddiction"],"picked":"RobotSpaceExplorer:Probe","floor":20},{"not_picked":["RobotSpaceExplorer:SlimeMissile","RobotSpaceExplorer:TurboDodge"],"picked":"RobotSpaceExplorer:PlasmaMissile","floor":22},{"not_picked":["RobotSpaceExplorer:Ammunition+1","RobotSpaceExplorer:Counterblock"],"picked":"RobotSpaceExplorer:LaserBurst","floor":23},{"not_picked":["hubris:SpiceAddiction","RobotSpaceExplorer:ImprovisedAttack"],"picked":"RobotSpaceExplorer:ShovelStrike+1","floor":27},{"not_picked":["RobotSpaceExplorer:ShovelStrike","RobotSpaceExplorer:DoubleFind"],"picked":"RobotSpaceExplorer:Jetpack","floor":29},{"not_picked":["hubris:SpiceAddiction","hubris:SpiceAddiction"],"picked":"RobotSpaceExplorer:HighVoltage","floor":33},{"not_picked":["RobotSpaceExplorer:Probe+1","RobotSpaceExplorer:Ammunition"],"picked":"RobotSpaceExplorer:Pulsar","floor":35}],"player_experience":536165,"relics_obtained":[{"floor":6,"key":"hubris:Spice"},{"floor":9,"key":"hubris:Spice"},{"floor":23,"key":"Peace Pipe"},{"floor":26,"key":"hubris:Spice"}],"event_choices":[{"cards_removed":["RobotSpaceExplorer:Ammunition"],"damage_healed":0,"gold_gain":0,"player_choice":"Card Removal","damage_taken":0,"max_hp_gain":0,"max_hp_loss":0,"event_name":"The Cleric","floor":14,"gold_loss":50},{"damage_healed":0,"gold_gain":0,"player_choice":"Became a vampire","damage_taken":0,"max_hp_gain":0,"max_hp_loss":30,"event_name":"Vampires","floor":19,"gold_loss":0,"cards_obtained":["Bite","Bite","Bite","Bite","Bite"]},{"damage_healed":0,"gold_gain":0,"player_choice":"Ignored","damage_taken":0,"max_hp_gain":0,"max_hp_loss":0,"event_name":"NoteForYourself","floor":21,"gold_loss":0},{"damage_healed":0,"gold_gain":0,"player_choice":"Read","damage_taken":0,"max_hp_gain":0,"max_hp_loss":0,"event_name":"The Library","floor":24,"gold_loss":0,"cards_obtained":["RobotSpaceExplorer:StunGrenade"]},{"damage_healed":0,"gold_gain":0,"player_choice":"Ignored","damage_taken":0,"max_hp_gain":0,"max_hp_loss":0,"event_name":"Cursed Tome","floor":25,"gold_loss":0}],"is_beta":false,"boss_relics":[{"not_picked":["hubris:Spice","hubris:Spice"],"picked":"Tiny House"},{"not_picked":["hubris:Spice","hubris:Spice"],"picked":"ChewingGum"}],"items_purged_floors":[31],"is_endless":false,"potions_floor_spawned":[1,6,10,13,16,18,20,29],"killed_by":"3 Shapes","ascension_level":0}}