{"host":"tod","time":1613736787,"event":{"mods":["ATMod(∞¢Ë™Mod)","AchievementEnabler","Act Like it!","BaseMod","CapriCore","Energized Spire","Highlight Path","Lobotomy","Marisa£®ÏF”Í°°ƒß¿Ì…≥£©","Minty Spire (QoL Compilation)","Quick Restart","Reimu£®≤©¿ˆ¡È√Œ£©","Relic Filter Mod","Relic Stats","Remilia£®¿Ÿ√◊¿Ú—«£©","Replay The Spire","Shop Mod","StSLib","The Cursed","The Immortal","Yakumo Yukari mod","Youmu£®ªÍ∆«—˝√Œ£©"],"gold_per_floor":[111,186,198,198,198,198,208,242,242,242,273,273,165,176,176,176,176],"floor_reached":16,"language":"ZHS","playtime":324,"items_purged":[],"score":316,"play_id":"d7372be6-f38e-41c7-bb31-6c21083518b4","local_time":"20210219201307","is_ascension_mode":true,"campfire_choices":[{"data":"AT_EmpoweredMortalDraw","floor":6,"key":"SMITH"},{"data":"AT_EmpoweredMortalDraw","floor":10,"key":"SMITH"},{"floor":12,"key":"RECALL"},{"data":"Dual Wield","floor":15,"key":"SMITH"}],"circlet_count":0,"master_deck":["AscendersBane","Strike_R","Strike_R","Strike_R","Strike_R","Defend_R","Defend_R","Defend_R","Defend_R","Bash","AT_EmpoweredMortalDraw+1","AT_EmpoweredMortalDraw+1","Dual Wield+1","AT_PowerWithin","Feed"],"relics":["AT_ATBox","AT_MortalBlade","Blue Candle","Smiling Mask"],"acts_visited":["Exordium"],"potions_floor_usage":[],"damage_taken":[{"damage":0,"enemies":"Jaw Worm","floor":1,"turns":1},{"damage":0,"enemies":"Small Slimes","floor":3,"turns":1},{"damage":0,"enemies":"2 Louse","floor":7,"turns":1},{"damage":0,"enemies":"Gremlin Nob","floor":8,"turns":2},{"damage":0,"enemies":"3 Sentries","floor":11,"turns":1},{"damage":0,"enemies":"Blue Slaver","floor":14,"turns":2},{"damage":55,"enemies":"The Guardian","floor":16,"turns":5}],"seed_played":"-145365637211173710","potions_obtained":[{"floor":3,"key":"ElixirPotion"},{"floor":7,"key":"EssenceOfSteel"},{"floor":14,"key":"DuplicationPotion"}],"is_trial":false,"path_per_floor":["M","?","M","?","?","R","M","E","T","R","E","R","$","M","R","B"],"character_chosen":"IRONCLAD","items_purchased":["AT_PowerWithin"],"campfire_rested":0,"item_purchase_floors":[13],"current_hp_per_floor":[68,57,57,62,55,55,55,55,55,55,55,55,55,55,55,0,0],"gold":176,"neow_bonus":"BOSS_RELIC","is_daily":false,"chose_seed":false,"campfire_upgraded":3,"win_rate":0.0,"timestamp":1613736787,"path_taken":["M","?","M","?","?","R","M","E","T","R","E","R","?","?","R","BOSS"],"items_purchased_type":["Card"],"build_version":"2020-12-18","purchased_purges":0,"victory":false,"max_hp_per_floor":[75,75,75,80,80,80,80,80,80,80,80,80,80,80,80,80,80],"relic_stats":{"counters":[7,13],"Blue Candle":[0],"Smiling Mask":0,"obtain_stats":[{"AT_ATBox":0,"Blue Candle":9,"AT_MortalBlade":0,"Smiling Mask":11,"Burning Blood":0},{"AT_ATBox":0,"Blue Candle":4,"AT_MortalBlade":0,"Smiling Mask":5,"Burning Blood":0},{"AT_ATBox":0,"Blue Candle":5,"AT_MortalBlade":0,"Smiling Mask":6,"Burning Blood":0}]},"card_choices":[{"not_picked":["Thunderclap","Run Through","Abandon"],"picked":"SKIP","floor":1},{"not_picked":["Thunderclap","Run Through","Abandon"],"picked":"SKIP","floor":1},{"not_picked":["Flex","ReplayTheSpireMod:Strike From Hell","Life Link"],"picked":"SKIP","floor":3},{"not_picked":["Iron Wave","Anger","ReplayTheSpireMod:Strike From Hell"],"picked":"SKIP","floor":7},{"not_picked":["Cleave","Searing Blow"],"picked":"Dual Wield","floor":8},{"not_picked":["Shrug It Off","Sword Boomerang","AT_IchimonjiDouble"],"picked":"SKIP","floor":11},{"not_picked":["AT_GerminateFire","Twin Strike"],"picked":"Feed","floor":14}],"player_experience":403579,"relics_obtained":[{"floor":9,"key":"Blue Candle"},{"floor":11,"key":"Smiling Mask"}],"event_choices":[{"damage_healed":0,"gold_gain":75,"player_choice":"Gather Gold","damage_taken":11,"max_hp_gain":0,"max_hp_loss":0,"event_name":"World of Goop","floor":2,"gold_loss":0},{"damage_healed":0,"gold_gain":0,"player_choice":"Donut","damage_taken":0,"max_hp_gain":5,"max_hp_loss":0,"event_name":"Big Fish","floor":4,"gold_loss":0},{"cards_removed":["Strike_R"],"damage_healed":0,"gold_gain":0,"player_choice":"Card Removal","damage_taken":7,"max_hp_gain":0,"max_hp_loss":0,"event_name":"Golden Wing","floor":5,"gold_loss":0}],"is_beta":true,"boss_relics":[],"items_purged_floors":[],"is_endless":false,"potions_floor_spawned":[3,7,14],"killed_by":"The Guardian","ascension_level":20}}