{"host":"en4narc5947t7k9n","time":1613755409,"event":{"mods":["AchievementEnabler","BaseMod","Colored Map","Minty Spire (QoL Compilation)","SuperFastMode"],"gold_per_floor":[111,186,203,203,203,203,203,213,240,240,240],"floor_reached":10,"language":"KOR","playtime":433,"items_purged":[],"score":56,"play_id":"98647507-7c3b-46ff-a7d5-445db1a42186","local_time":"20210220022329","is_ascension_mode":false,"campfire_choices":[{"floor":6,"key":"RECALL"}],"circlet_count":0,"master_deck":["Strike_G","Strike_G","Strike_G","Strike_G","Strike_G","Defend_G","Defend_G","Defend_G","Defend_G","Defend_G","Survivor","Neutralize","Noxious Fumes","Slice","Backstab"],"relics":["Ring of the Snake","Omamori"],"acts_visited":["Exordium"],"potions_floor_usage":[],"damage_taken":[{"damage":0,"enemies":"Jaw Worm","floor":1,"turns":7},{"damage":2,"enemies":"2 Louse","floor":3,"turns":4},{"damage":0,"enemies":"Small Slimes","floor":8,"turns":4},{"damage":57,"enemies":"3 Sentries","floor":10,"turns":6}],"seed_played":"8338308840508179195","potions_obtained":[{"floor":8,"key":"BlessingOfTheForge"}],"is_trial":false,"path_per_floor":["M","?","M","?","?","R","?","M","T","E"],"character_chosen":"THE_SILENT","items_purchased":[],"campfire_rested":0,"item_purchase_floors":[],"current_hp_per_floor":[70,59,57,62,62,62,55,55,55,0,0],"gold":240,"neow_bonus":"RANDOM_COMMON_RELIC","is_daily":false,"chose_seed":false,"campfire_upgraded":0,"win_rate":0.0,"timestamp":1613755409,"path_taken":["M","?","M","?","?","R","?","?","T","E"],"items_purchased_type":[],"build_version":"2020-12-22","purchased_purges":0,"victory":false,"max_hp_per_floor":[70,70,70,75,75,75,75,75,75,75,75],"card_choices":[{"not_picked":["Deflect","Eviscerate"],"picked":"Noxious Fumes","floor":1},{"not_picked":["Dash","Sucker Punch"],"picked":"Slice","floor":3},{"not_picked":["Cloak And Dagger","Dagger Throw"],"picked":"Backstab","floor":8}],"player_experience":89163,"relics_obtained":[],"event_choices":[{"damage_healed":0,"gold_gain":75,"player_choice":"Gather Gold","damage_taken":11,"max_hp_gain":0,"max_hp_loss":0,"event_name":"World of Goop","floor":2,"gold_loss":0},{"damage_healed":0,"gold_gain":0,"player_choice":"Donut","damage_taken":0,"max_hp_gain":5,"max_hp_loss":0,"event_name":"Big Fish","floor":4,"gold_loss":0},{"damage_healed":0,"gold_gain":0,"player_choice":"Ignored","damage_taken":0,"max_hp_gain":0,"max_hp_loss":0,"event_name":"Liars Game","floor":5,"gold_loss":0},{"damage_healed":0,"gold_gain":0,"player_choice":"Damaged","damage_taken":7,"max_hp_gain":0,"max_hp_loss":0,"event_name":"Wheel of Change","floor":7,"gold_loss":0}],"is_beta":false,"boss_relics":[],"items_purged_floors":[],"is_endless":false,"potions_floor_spawned":[8],"killed_by":"3 Sentries","ascension_level":0}}