{"host":"2yqfi47fogfu1ic4","time":1613769748,"event":{"mods":["AchievementEnabler","BaseMod","Colored Map","Colored Powertips","Highlight Path","Minty Spire (QoL Compilation)","Permanent Neow","Relic Stats","StSLib"],"gold_per_floor":[116,133,48,59,59,59,102,120,120,144,178,103,144,157,157,251,251,272,272,272,256,277,277,277,277],"floor_reached":24,"language":"DEU","playtime":1639,"items_purged":[],"score":486,"play_id":"beb412ad-5449-4c16-b546-16ee4f9326af","local_time":"20210219222228","is_ascension_mode":true,"campfire_choices":[{"data":"Bouncing Flask","floor":6.0,"key":"SMITH"},{"data":"Predator","floor":15,"key":"SMITH"},{"data":"Bouncing Flask","floor":23,"key":"SMITH"}],"circlet_count":0,"master_deck":["AscendersBane","Strike_G","Strike_G","Strike_G","Defend_G","Defend_G","Defend_G","Defend_G","Defend_G","Survivor","Neutralize","Blur","All Out Attack","Backstab","Bouncing Flask+1","Dodge and Roll","Backflip","Acrobatics","Venomology","Well Laid Plans","Predator+1","Venomology","PiercingWail","Bouncing Flask+1"],"relics":["Velvet Choker","Golden Idol","Lantern","Sundial","Darkstone Periapt","SacredBark"],"acts_visited":["Exordium","TheCity"],"potions_floor_usage":[14,16,18,18,21,21,22,22,22,24,24],"damage_taken":[{"damage":3.0,"enemies":"Small Slimes","floor":1.0,"turns":5.0},{"damage":0.0,"enemies":"2 Louse","floor":2.0,"turns":3.0},{"damage":7.0,"enemies":"Jaw Worm","floor":4.0,"turns":3.0},{"damage":2.0,"enemies":"Lagavulin","floor":7.0,"turns":6.0},{"damage":3.0,"enemies":"Looter","floor":8.0,"turns":2.0},{"damage":0.0,"enemies":"Gremlin Gang","floor":10.0,"turns":1.0},{"damage":13.0,"enemies":"3 Sentries","floor":11.0,"turns":10.0},{"damage":0.0,"enemies":"Lagavulin","floor":13.0,"turns":8.0},{"damage":0,"enemies":"Large Slime","floor":14,"turns":7},{"damage":4,"enemies":"Hexaghost","floor":16,"turns":7},{"damage":13,"enemies":"Spheric Guardian","floor":18,"turns":5},{"damage":7,"enemies":"2 Thieves","floor":21,"turns":4},{"damage":0,"enemies":"Cultist and Chosen","floor":22,"turns":7},{"damage":91,"enemies":"Slavers","floor":24,"turns":4}],"seed_played":"-1602990159287610254","potions_obtained":[{"floor":1.0,"key":"Swift Potion"},{"floor":8.0,"key":"AttackPotion"},{"floor":11.0,"key":"Block Potion"},{"floor":13.0,"key":"Fire Potion"},{"floor":16,"key":"FairyPotion"}],"is_trial":false,"path_per_floor":["M","M","$","M","?","R","E","M","T","M","E","?","E","M","R","B",null,"M","?","?","M","M","R","E"],"character_chosen":"THE_SILENT","items_purchased":["Backstab"],"campfire_rested":0,"item_purchase_floors":[3],"current_hp_per_floor":[56,56,56,49,49,49,47,44,44,44,31,31,31,31,31,27,52,39,39,39,32,32,32,0,0],"gold":277,"neow_bonus":"BOSS_RELIC","is_daily":false,"chose_seed":false,"campfire_upgraded":3,"win_rate":0.0,"timestamp":1613769748,"path_taken":["M","M","$","M","?","R","E","M","T","M","E","?","E","M","R","BOSS","M","?","?","?","M","R","E"],"items_purchased_type":["Card"],"build_version":"2020-12-22","purchased_purges":0,"victory":false,"max_hp_per_floor":[66,66,66,66,60,60,60,60,60,60,60,60,60,60,60,60,60,60,60,60,60,60,60,60,60],"relic_stats":{"Darkstone Periapt":0,"counters":[14,72],"Golden Idol":68,"Sundial":[6],"obtain_stats":[{"Darkstone Periapt":13,"Lantern":7,"Golden Idol":5,"Sundial":11,"SacredBark":17,"Velvet Choker":0,"Ring of the Snake":0},{"Darkstone Periapt":8,"Lantern":4,"Golden Idol":3,"Sundial":7,"SacredBark":10,"Velvet Choker":0,"Ring of the Snake":0},{"Darkstone Periapt":38,"Lantern":17,"Golden Idol":11,"Sundial":30,"SacredBark":52,"Velvet Choker":0,"Ring of the Snake":0}]},"card_choices":[{"not_picked":["Slice","Outmaneuver"],"picked":"Blur","floor":1.0},{"not_picked":["Sucker Punch","Backflip"],"picked":"All Out Attack","floor":2.0},{"not_picked":["Blade Dance","Tactician"],"picked":"Bouncing Flask","floor":4.0},{"not_picked":["Flying Knee","Concentrate"],"picked":"Dodge and Roll","floor":7.0},{"not_picked":["Infinite Blades","Outmaneuver"],"picked":"Backflip","floor":8.0},{"not_picked":["Quick Slash","Prepared"],"picked":"Acrobatics","floor":10.0},{"not_picked":["All Out Attack","Concentrate"],"picked":"Venomology","floor":11.0},{"not_picked":["After Image","Deadly Poison"],"picked":"Well Laid Plans","floor":13.0},{"not_picked":["Backflip","Underhanded Strike"],"picked":"Predator","floor":14},{"not_picked":["Phantasmal Killer","Glass Knife"],"picked":"Venomology","floor":16},{"not_picked":["All Out Attack","Acrobatics"],"picked":"PiercingWail","floor":18},{"not_picked":["Dodge and Roll","Choke","Setup"],"picked":"SKIP","floor":21},{"not_picked":["Deflect","Dagger Throw","Poisoned Stab"],"picked":"SKIP","floor":22}],"player_experience":1890111,"relics_obtained":[{"floor":7.0,"key":"Lantern"},{"floor":11.0,"key":"Sundial"},{"floor":13.0,"key":"Darkstone Periapt"}],"event_choices":[{"damage_healed":0.0,"max_hp_gain":0.0,"max_hp_loss":6.0,"gold_gain":0.0,"event_name":"Golden Idol","player_choice":"Lose Max HP","floor":5.0,"gold_loss":0.0,"damage_taken":0.0,"relics_obtained":["Golden Idol"]},{"cards_removed":["Strike_G"],"damage_healed":0.0,"max_hp_gain":0.0,"max_hp_loss":0.0,"gold_gain":0.0,"event_name":"The Cleric","player_choice":"Card Removal","floor":12.0,"gold_loss":75.0,"damage_taken":0.0},{"damage_healed":0,"gold_gain":0,"player_choice":"Read","damage_taken":0,"max_hp_gain":0,"max_hp_loss":0,"event_name":"The Library","floor":19,"gold_loss":0,"cards_obtained":["Bouncing Flask"]},{"cards_removed":["Strike_G"],"damage_healed":0,"gold_gain":0,"player_choice":"Purged","damage_taken":0,"max_hp_gain":0,"max_hp_loss":0,"event_name":"Purifier","floor":20,"gold_loss":0}],"is_beta":false,"boss_relics":[{"not_picked":["SlaversCollar","Sozu"],"picked":"SacredBark"}],"items_purged_floors":[],"is_endless":false,"potions_floor_spawned":[1,8,11,13,16],"killed_by":"Slavers","ascension_level":20}}