{"host":"ju66gn9zov5ov15o","time":1613754492,"event":{"mods":["100% Spire Juice","2.2 Compatiblity","Act Like it!","Aspiration","BaseMod","Conspire","Downfall","GifTheSpireLib","Hubris","Lobotomy","LobotomyExtend","Marisa????????","Minty Spire (QoL Compilation)","Pale of the Ancients","Rare Cards Sparkle","Relic Stats","Ruina","Shapeshifter Mod","StSLib","The Alterego","The Animator"],"gold_per_floor":[112,112,79,95,106,139,139,164,187,187,205,236,71,86,86,188,188,188,188],"floor_reached":18,"language":"ENG","playtime":822,"items_purged":[],"score":294,"play_id":"c1461e7c-f7d9-4d29-be22-a194135b7a75","local_time":"20210219180812","is_ascension_mode":true,"campfire_choices":[{"data":"Wallop","floor":7,"key":"SMITH"},{"data":"Eruption","floor":10,"key":"SMITH"},{"data":"Apotheosis","floor":15,"key":"SMITH"}],"circlet_count":0,"master_deck":["Strike_P","Strike_P","Strike_P","Defend_P","Defend_P","Defend_P","Defend_P","Eruption+1","Vigilance","OldLady","Wallop+1","WallGazer","EmptyFist","PathToVictory","DespairKnight","CutThroughFate","Scarecrow","Wallop","NothingThere","WhitesApple","Protect","Woodsman","Protect","Apotheosis+1","PlagueDoctor","Adaptation","Parasite"],"relics":["PureWater","CogitoBucket","LetterFromLob","aspiration:ChemicalBlood","Bag of Marbles","aspiration:HiddenCompartment","Oddly Smooth Stone","AspirationHeart","Ectoplasm"],"acts_visited":["Exordium","TheCity"],"potions_floor_usage":[6,11,11,12,12,16],"damage_taken":[{"damage":2,"enemies":"Small Slimes","floor":1,"turns":4},{"damage":0,"enemies":"Cultist","floor":4,"turns":3},{"damage":4,"enemies":"Jaw Worm","floor":5,"turns":2},{"damage":2,"enemies":"Gremlin Nob","floor":6,"turns":2},{"damage":22,"enemies":"3 Sentries","floor":8,"turns":8},{"damage":6,"enemies":"Lots of Slimes","floor":11,"turns":3},{"damage":2,"enemies":"Gremlin Nob","floor":12,"turns":3},{"damage":2,"enemies":"Looter","floor":14,"turns":2},{"damage":2,"enemies":"The Guardian","floor":16,"turns":8},{"damage":117,"enemies":"Shell Parasite","floor":18,"turns":4}],"seed_played":"1214463661462014675","potions_obtained":[{"floor":5,"key":"AttackPotion"},{"floor":8,"key":"ColorlessPotion"},{"floor":12,"key":"Ambrosia"},{"floor":16,"key":"EssenceOfSteel"}],"is_trial":false,"path_per_floor":["M","?","$","M","M","E","R","E","T","R","M","E","$","M","R","B",null,"M"],"character_chosen":"WATCHER","items_purchased":["Wallop","Apotheosis"],"campfire_rested":0,"item_purchase_floors":[3,13],"current_hp_per_floor":[70,70,70,70,66,64,64,42,42,42,64,75,75,82,82,82,82,0,0],"gold":188,"neow_bonus":"","is_daily":false,"chose_seed":false,"campfire_upgraded":3,"win_rate":0.0,"timestamp":1613754492,"path_taken":["M","?","$","M","M","E","R","E","T","R","M","E","?","?","R","BOSS","M"],"items_purchased_type":["Card","Card"],"build_version":"2020-12-22","purchased_purges":0,"victory":false,"max_hp_per_floor":[72,72,72,72,72,72,72,72,72,72,82,82,82,82,82,82,82,82,82],"relic_stats":{"counters":[11,40],"Ectoplasm":0,"obtain_stats":[{"CogitoBucket":0,"Oddly Smooth Stone":9,"AspirationHeart":11,"Ectoplasm":17,"LetterFromLob":1,"Bag of Marbles":6,"PureWater":0,"aspiration:HiddenCompartment":8,"aspiration:ChemicalBlood":2},{"CogitoBucket":0,"Oddly Smooth Stone":5,"AspirationHeart":7,"Ectoplasm":10,"LetterFromLob":1,"Bag of Marbles":4,"PureWater":0,"aspiration:HiddenCompartment":5,"aspiration:ChemicalBlood":1},{"CogitoBucket":0,"Oddly Smooth Stone":19,"AspirationHeart":23,"Ectoplasm":36,"LetterFromLob":4,"Bag of Marbles":11,"PureWater":0,"aspiration:HiddenCompartment":19,"aspiration:ChemicalBlood":4}]},"card_choices":[{"not_picked":["Wellcheers","CherryBlossoms"],"picked":"OldLady","floor":1},{"not_picked":["InnerPeace","Pray"],"picked":"Halt","floor":1},{"not_picked":["MeatLantern","SingingMachine"],"picked":"WallGazer","floor":4},{"not_picked":["Halt","Swivel"],"picked":"EmptyFist","floor":4},{"not_picked":["Nirvana","DeceiveReality"],"picked":"PathToVictory","floor":5},{"not_picked":["BeautyBeast","UniverseFragment"],"picked":"DespairKnight","floor":5},{"not_picked":["Evaluate","ThirdEye"],"picked":"CutThroughFate","floor":6},{"not_picked":["CherryBlossoms","SpiderBud"],"picked":"Scarecrow","floor":6},{"not_picked":["Consecrate","Collect"],"picked":"Wallop","floor":8},{"not_picked":["UniverseFragment","MHz"],"picked":"NothingThere","floor":8},{"not_picked":["Murderer","CrumblingArmor"],"picked":"WhitesApple","floor":11},{"not_picked":["CarveReality","Wallop"],"picked":"Protect","floor":11},{"not_picked":["UniverseFragment","FairyFestival"],"picked":"Woodsman","floor":12},{"not_picked":["Consecrate","WindmillStrike"],"picked":"Protect","floor":12},{"not_picked":["FairyFestival","BeautyBeast"],"picked":"PlagueDoctor","floor":14},{"not_picked":["ThirdEye","EmptyFist"],"picked":"Adaptation","floor":14}],"player_experience":503987,"relics_obtained":[{"floor":1,"key":"LetterFromLob"},{"floor":6,"key":"Bag of Marbles"},{"floor":8,"key":"aspiration:HiddenCompartment"},{"floor":9,"key":"Oddly Smooth Stone"}],"event_choices":[{"cards_removed":["Halt"],"damage_healed":0,"gold_gain":0,"player_choice":"Gave Card","damage_taken":0,"relics_obtained":["aspiration:ChemicalBlood"],"max_hp_gain":0,"max_hp_loss":0,"event_name":"WeMeetAgain","floor":2,"gold_loss":0}],"is_beta":false,"boss_relics":[{"not_picked":["aspiration:MarisaSkillbook","hubris:BlackHole"],"picked":"Ectoplasm"}],"items_purged_floors":[],"is_endless":false,"potions_floor_spawned":[5,8,12,14,16],"killed_by":"Shell Parasite","ascension_level":1}}