{"host":"nz11ypxva4e39b7q","time":1613693563,"event":{"mods":["BaseMod","Better Third Choice","Better Vampires","Colored Map","Minty Spire (QoL Compilation)","Quick Restart","Shapeshifter Mod","StSLib"],"gold_per_floor":[113,132,148,171,121,121,150,150,150,176,193,209,226,252,252,353,353,373,390,390,409,95,127,47,47,70,84,104,139,139,150,150,249,249,267,281,24,74,74,106,106,118,118,152,32,48,48,64,64,64,64,64,4,32,32,32],"floor_reached":55,"language":"ENG","playtime":3516,"items_purged":["StSShapeShifter:ShapeShifter_Strike","StSShapeShifter:ShapeShifter_Defend","StSShapeShifter:ShapeShifter_Strike","StSShapeShifter:ShapeShifter_Strike"],"score":955,"play_id":"0f9721b8-41be-4606-9e4f-9cf8c7b9dc9a","local_time":"20210219011243","is_ascension_mode":true,"campfire_choices":[{"data":"StSShapeShifter:VileMushroom","floor":6.0,"key":"SMITH"},{"data":"StSShapeShifter:LionForm","floor":8.0,"key":"SMITH"},{"data":"StSShapeShifter:GoldenBerries","floor":15.0,"key":"SMITH"},{"data":"StSShapeShifter:PoisonIvy","floor":25.0,"key":"SMITH"},{"data":"StSShapeShifter:Synchronicity","floor":30.0,"key":"SMITH"},{"data":"StSShapeShifter:Sapling","floor":32.0,"key":"SMITH"},{"data":"StSShapeShifter:VineHandcuffs","floor":41.0,"key":"SMITH"},{"data":"StSShapeShifter:BurstingSpore","floor":47.0,"key":"SMITH"},{"floor":49.0,"key":"RECALL"},{"data":"StSShapeShifter:FruitBasket","floor":52.0,"key":"SMITH"}],"circlet_count":0,"master_deck":["StSShapeShifter:ShapeShifter_Defend","StSShapeShifter:ShapeShifter_Defend","StSShapeShifter:ShapeShifter_Defend","StSShapeShifter:ShapeShifter_Defend","StSShapeShifter:Tortoise_Form","StSShapeShifter:LionForm+1","StSShapeShifter:VileMushroom+1","StSShapeShifter:BarkSkin","StSShapeShifter:Sapling+1","StSShapeShifter:GoldenBerries+1","StSShapeShifter:BurstingSpore+1","StSShapeShifter:PoisonIvy+1","StSShapeShifter:ThrashAbout","StSShapeShifter:DeepWound","StSShapeShifter:RatForm","StSShapeShifter:FruitBasket+1","StSShapeShifter:VineHandcuffs+1","StSShapeShifter:Synchronicity+1","StSShapeShifter:AdaptiveStrikes+1","StSShapeShifter:BarkSkin+1"],"relics":["StSShapeShifter:AnimalHeart","StSShapeShifter:TheShapeShiftersMagnolia","Bag of Marbles","Vajra","Eternal Feather","Bag of Preparation","The Courier","Empty Cage","Singing Bowl","Shuriken","StSShapeShifter:AlchemistsNecklace","StSShapeShifter:LemurHeaddress","Toy Ornithopter","StoneCalendar","Bronze Scales","StSShapeShifter:WristwrapsOfDiscovery","Torii","Strawberry"],"acts_visited":["Exordium","TheCity","TheBeyond","TheEnding"],"potions_floor_usage":[55],"damage_taken":[{"damage":1.0,"enemies":"Cultist","floor":1.0,"turns":4.0},{"damage":2.0,"enemies":"Jaw Worm","floor":2.0,"turns":4.0},{"damage":0.0,"enemies":"Small Slimes","floor":3.0,"turns":4.0},{"damage":15.0,"enemies":"Lagavulin","floor":7.0,"turns":6.0},{"damage":7.0,"enemies":"Gremlin Nob","floor":10.0,"turns":3.0},{"damage":9.0,"enemies":"Exordium Wildlife","floor":11.0,"turns":3.0},{"damage":4.0,"enemies":"Red Slaver","floor":12.0,"turns":3.0},{"damage":1.0,"enemies":"Lots of Slimes","floor":13.0,"turns":3.0},{"damage":10.0,"enemies":"Lagavulin","floor":14.0,"turns":5.0},{"damage":19.0,"enemies":"Hexaghost","floor":16.0,"turns":6.0},{"damage":7.0,"enemies":"3 Byrds","floor":18.0,"turns":4.0},{"damage":7.0,"enemies":"Chosen","floor":19.0,"turns":4.0},{"damage":38.0,"enemies":"Snake Plant","floor":21.0,"turns":5.0},{"damage":0.0,"enemies":"Gremlin Leader","floor":23.0,"turns":5.0},{"damage":16.0,"enemies":"Centurion and Healer","floor":27.0,"turns":6.0},{"damage":18.0,"enemies":"Shelled Parasite and Fungi","floor":28.0,"turns":4.0},{"damage":59.0,"enemies":"Book of Stabbing","floor":29.0,"turns":6.0},{"damage":30.0,"enemies":"Snake Plant","floor":31.0,"turns":6.0},{"damage":28.0,"enemies":"Collector","floor":33.0,"turns":7.0},{"damage":10.0,"enemies":"Orb Walker","floor":35.0,"turns":4.0},{"damage":43.0,"enemies":"3 Darklings","floor":36.0,"turns":6.0},{"damage":6.0,"enemies":"Mind Bloom Boss Battle","floor":38.0,"turns":7.0},{"damage":27.0,"enemies":"Reptomancer","floor":40.0,"turns":5.0},{"damage":5.0,"enemies":"Sphere and 2 Shapes","floor":42.0,"turns":3.0},{"damage":50.0,"enemies":"Nemesis","floor":44.0,"turns":7.0},{"damage":17.0,"enemies":"Spire Growth","floor":46.0,"turns":5.0},{"damage":1.0,"enemies":"3 Darklings","floor":48.0,"turns":5.0},{"damage":53.0,"enemies":"Awakened One","floor":50.0,"turns":14.0},{"damage":31.0,"enemies":"Shield and Spear","floor":54.0,"turns":7.0},{"damage":91,"enemies":"The Heart","floor":55,"turns":3}],"seed_played":"-8625354702126451578","potions_obtained":[{"floor":1.0,"key":"Energy Potion"},{"floor":10.0,"key":"ColorlessPotion"},{"floor":11.0,"key":"ColorlessPotion"},{"floor":12.0,"key":"EssenceOfSteel"},{"floor":13.0,"key":"Fire Potion"},{"floor":18.0,"key":"Ancient Potion"},{"floor":20.0,"key":"Strength Potion"},{"floor":20.0,"key":"FairyPotion"},{"floor":31.0,"key":"ColorlessPotion"},{"floor":36.0,"key":"Energy Potion"},{"floor":40.0,"key":"CultistPotion"},{"floor":46.0,"key":"SpeedPotion"}],"is_trial":false,"path_per_floor":["M","M","M","T","?","R","E","R","T","E","M","M","M","E","R","B",null,"M","M","?","M","$","E","$","R","T","M","M","E","R","M","R","B",null,"M","M","$","?","?","E","R","M","T","E","$","M","R","M","R","B",null,"R","$","E","B"],"character_chosen":"SHAPESHIFTER","items_purchased":["Singing Bowl","StSShapeShifter:DeepWound","Toy Ornithopter","PowerPotion","Regen Potion"],"campfire_rested":0,"item_purchase_floors":[22,22,37,37,53],"current_hp_per_floor":[70,68,68,68,68,68,53,53,53,46,40,39,44,40,49,39,63,65,67,67,36,36,43,43,52,52,46,39,16,28,10,22,6,58,58,27,27,33,69,58,70,70,70,31,31,25,34,50,59,18,64,73,73,86,0,0],"gold":32,"neow_bonus":"THREE_RARE_CARDS","is_daily":false,"chose_seed":false,"campfire_upgraded":9,"win_rate":0.0,"timestamp":1613693563,"path_taken":["M","M","M","?","?","R","E","R","T","E","M","M","M","E","R","BOSS","M","M","?","M","$","E","?","R","T","M","?","E","R","M","R","BOSS","M","M","$","?","?","E","R","?","T","E","?","M","R","M","R","BOSS","R","$","E","BOSS"],"items_purchased_type":["Relic","Card","Relic","Potion","Potion"],"build_version":"2020-12-22","purchased_purges":4,"victory":false,"max_hp_per_floor":[71,71,71,71,71,71,71,71,71,71,71,71,71,71,71,71,71,71,71,71,71,71,71,71,71,71,71,71,71,71,73,73,75,75,75,77,77,79,69,71,71,73,73,75,75,77,77,79,79,79,79,79,79,86,86,86],"card_choices":[{"not_picked":["StSShapeShifter:RestoreBalance","StSShapeShifter:PowerShifter"],"picked":"StSShapeShifter:LionForm","floor":0.0},{"not_picked":["StSShapeShifter:LeapingSlash","StSShapeShifter:DeerForm","StSShapeShifter:Guard"],"picked":"SKIP","floor":1.0},{"not_picked":["StSShapeShifter:EntForm","StSShapeShifter:Maul"],"picked":"StSShapeShifter:VileMushroom","floor":2.0},{"not_picked":["StSShapeShifter:Flourish","StSShapeShifter:EmbraceTheCycle"],"picked":"StSShapeShifter:BarkSkin","floor":3.0},{"not_picked":["StSShapeShifter:Guard","StSShapeShifter:Garden"],"picked":"StSShapeShifter:Sapling","floor":7.0},{"not_picked":["StSShapeShifter:Earthquake","StSShapeShifter:BladeOfGrass"],"picked":"StSShapeShifter:GoldenBerries","floor":10.0},{"not_picked":["StSShapeShifter:ShiftingStrike","StSShapeShifter:SunflowerShuriken","StSShapeShifter:Rest"],"picked":"SKIP","floor":11.0},{"not_picked":["StSShapeShifter:OakBlade","StSShapeShifter:Guard"],"picked":"StSShapeShifter:BurstingSpore","floor":12.0},{"not_picked":["StSShapeShifter:LeapingSlash","StSShapeShifter:MultiSpiritedStrike","StSShapeShifter:OwlForm"],"picked":"SKIP","floor":13.0},{"not_picked":["StSShapeShifter:SquirrelForm","StSShapeShifter:Ensconce","StSShapeShifter:Flourish"],"picked":"SKIP","floor":14.0},{"not_picked":["StSShapeShifter:Garden","StSShapeShifter:SunflowerShuriken"],"picked":"StSShapeShifter:PoisonIvy","floor":18.0},{"not_picked":["StSShapeShifter:FallingLeaves","StSShapeShifter:FlowerShield"],"picked":"StSShapeShifter:ThrashAbout","floor":19.0},{"not_picked":["StSShapeShifter:IntimidatingAura","StSShapeShifter:FallingLeaves","StSShapeShifter:EmbraceTheCycle"],"picked":"SKIP","floor":21.0},{"not_picked":["StSShapeShifter:ShiftingStrike","StSShapeShifter:Sapling"],"picked":"StSShapeShifter:RatForm","floor":23.0},{"not_picked":["StSShapeShifter:Tornado","StSShapeShifter:Roar"],"picked":"StSShapeShifter:FruitBasket","floor":27.0},{"not_picked":["StSShapeShifter:BurstingSpore","StSShapeShifter:BearForm"],"picked":"StSShapeShifter:VineHandcuffs","floor":28.0},{"not_picked":["StSShapeShifter:HippoForm+1","StSShapeShifter:VineHandcuffs"],"picked":"StSShapeShifter:Synchronicity","floor":29.0},{"not_picked":["StSShapeShifter:Rabid","StSShapeShifter:DeerForm+1","StSShapeShifter:FallingLeaves"],"picked":"Singing Bowl","floor":31.0},{"not_picked":["StSShapeShifter:DragonForm","StSShapeShifter:Tornado","StSShapeShifter:Spring"],"picked":"Singing Bowl","floor":33.0},{"not_picked":["StSShapeShifter:Evolution+1","StSShapeShifter:Bonk+1"],"picked":"StSShapeShifter:AdaptiveStrikes+1","floor":35.0},{"not_picked":["StSShapeShifter:HummingbirdForm+1","StSShapeShifter:VineHandcuffs+1","StSShapeShifter:DeerForm"],"picked":"Singing Bowl","floor":36.0},{"not_picked":["StSShapeShifter:WolfForm","StSShapeShifter:FesteringBite","StSShapeShifter:TopazSkin+1"],"picked":"Singing Bowl","floor":38.0},{"not_picked":["StSShapeShifter:OakBlade+1","StSShapeShifter:SunflowerShuriken+1","StSShapeShifter:RockSlide+1"],"picked":"Singing Bowl","floor":40.0},{"not_picked":["StSShapeShifter:WaspSwarmForm","StSShapeShifter:DeerForm","StSShapeShifter:Rest+1"],"picked":"Singing Bowl","floor":42.0},{"not_picked":["StSShapeShifter:SquirrelForm+1","StSShapeShifter:AdaptiveStrikes","StSShapeShifter:ThornToss"],"picked":"Singing Bowl","floor":44.0},{"not_picked":["StSShapeShifter:FlowerShield","StSShapeShifter:SunflowerShuriken+1","StSShapeShifter:Guard"],"picked":"Singing Bowl","floor":46.0},{"not_picked":["StSShapeShifter:Uproot_Redwood","StSShapeShifter:OakBlade+1","StSShapeShifter:BaskInBloom"],"picked":"Singing Bowl","floor":48.0},{"not_picked":["StSShapeShifter:Rest+1","StSShapeShifter:FlowerShield+1"],"picked":"StSShapeShifter:BarkSkin+1","floor":54.0}],"player_experience":1066592,"relics_obtained":[{"floor":4.0,"key":"Bag of Marbles"},{"floor":7.0,"key":"Vajra"},{"floor":9.0,"key":"Eternal Feather"},{"floor":10.0,"key":"Bag of Preparation"},{"floor":14.0,"key":"The Courier"},{"floor":23.0,"key":"Shuriken"},{"floor":29.0,"key":"StSShapeShifter:AlchemistsNecklace"},{"floor":38.0,"key":"StoneCalendar"},{"floor":40.0,"key":"Bronze Scales"},{"floor":43.0,"key":"StSShapeShifter:WristwrapsOfDiscovery"},{"floor":44.0,"key":"Torii"},{"floor":54.0,"key":"Strawberry"}],"event_choices":[{"cards_removed":["StSShapeShifter:Lynx_Form"],"damage_healed":0.0,"max_hp_gain":0.0,"max_hp_loss":0.0,"gold_gain":0.0,"event_name":"The Cleric","player_choice":"Card Removal","floor":5.0,"gold_loss":50.0,"damage_taken":0.0},{"damage_healed":0.0,"max_hp_gain":0.0,"max_hp_loss":0.0,"gold_gain":0.0,"event_name":"Lab","player_choice":"Got Potions","floor":20.0,"gold_loss":0.0,"damage_taken":0.0},{"damage_healed":0.0,"max_hp_gain":0.0,"max_hp_loss":0.0,"gold_gain":0.0,"event_name":"MindBloom","player_choice":"Fight","floor":38.0,"gold_loss":0.0,"damage_taken":0.0},{"damage_healed":69.0,"max_hp_gain":0.0,"max_hp_loss":10.0,"gold_gain":0.0,"event_name":"The Moai Head","player_choice":"Heal","floor":39.0,"gold_loss":0.0,"damage_taken":0.0}],"is_beta":false,"boss_relics":[{"not_picked":["Runic Pyramid","Ectoplasm"],"picked":"Empty Cage"},{"not_picked":["Fusion Hammer","Pandora\u0027s Box"],"picked":"StSShapeShifter:LemurHeaddress"}],"items_purged_floors":[22,24,37,45],"is_endless":false,"potions_floor_spawned":[1,10,11,12,13,18,19,27,28,31,36,40,46],"killed_by":"The Heart","ascension_level":5}}