{"host":"k7udt7atmcuzf6l0","time":1613749385,"event":{"mods":["Act Like it!","BaseMod","Colored Map","Colored Powertips","Highlight Path","Minty Spire (QoL Compilation)","Quick Restart","Rare Cards Sparkle","Relic Stats","StSLib","UnlockEverythingMod"],"gold_per_floor":[110,60,60,74,74,74,74,88,139,139,150,150,169,4,4,99,99,118,133,146,24,24,51,150,185,185,185,39,39,53,64,64,162,162,182,182,30,48,67,67,101,22,48,74,74,129,144,156,156,156],"floor_reached":51,"language":"ZHS","playtime":1605,"items_purged":["Strike_R"],"score":860,"play_id":"760c6794-54ba-40ba-b9a4-81a17792cbd0","local_time":"20210219234305","is_ascension_mode":false,"campfire_choices":[{"data":"Pommel Strike","floor":6.0,"key":"SMITH"},{"data":"Rupture","floor":10.0,"key":"SMITH"},{"data":"Offering","floor":12.0,"key":"SMITH"},{"data":"Armaments","floor":15.0,"key":"SMITH"},{"data":"Immolate","floor":27.0,"key":"SMITH"},{"data":"Apotheosis","floor":29.0,"key":"SMITH"},{"data":"Hemokinesis","floor":32.0,"key":"SMITH"},{"data":"Combust","floor":40,"key":"SMITH"},{"data":"Cleave","floor":45,"key":"SMITH"},{"data":"Clash","floor":49,"key":"SMITH"}],"circlet_count":0,"master_deck":["Strike_R","Strike_R","Strike_R+1","Defend_R","Defend_R+1","Defend_R","Bash+1","Hemokinesis+1","Pommel Strike+1","Offering+1","Rupture+1","Cleave+1","Bandage Up","Combust+1","Clash+1","Armaments+1","Infernal Blade+1","Feed","Iron Wave+1","Infernal Blade+1","Anger+1","Immolate+1","Battle Trance+1","Apotheosis+1","Sword Boomerang+1","Second Wind+1","Headbutt+1","Body Slam+1","Flex+1","Shockwave+1"],"relics":["Burning Blood","NeowsBlessing","Smiling Mask","PreservedInsect","Membership Card","Runic Pyramid","Pantograph","Toy Ornithopter","Charon\u0027s Ashes","Letter Opener","White Beast Statue","Sozu","Vajra","War Paint","Mango","Whetstone","Red Skull","Singing Bowl","FossilizedHelix"],"acts_visited":["Exordium","TheCity","TheBeyond"],"potions_floor_usage":[50],"damage_taken":[{"damage":0.0,"enemies":"Small Slimes","floor":1.0,"turns":1.0},{"damage":0.0,"enemies":"Jaw Worm","floor":4.0,"turns":1.0},{"damage":0.0,"enemies":"2 Louse","floor":8.0,"turns":1.0},{"damage":9.0,"enemies":"2 Fungi Beasts","floor":11.0,"turns":2.0},{"damage":20.0,"enemies":"Red Slaver","floor":13.0,"turns":2.0},{"damage":12.0,"enemies":"Slime Boss","floor":16.0,"turns":5.0},{"damage":4.0,"enemies":"Spheric Guardian","floor":18.0,"turns":3.0},{"damage":8.0,"enemies":"Shell Parasite","floor":19.0,"turns":3.0},{"damage":5.0,"enemies":"3 Cultists","floor":20.0,"turns":4.0},{"damage":19.0,"enemies":"Book of Stabbing","floor":23.0,"turns":4.0},{"damage":14.0,"enemies":"Slavers","floor":25.0,"turns":3.0},{"damage":7.0,"enemies":"Snecko","floor":30.0,"turns":4.0},{"damage":8.0,"enemies":"Centurion and Healer","floor":31.0,"turns":2.0},{"damage":20.0,"enemies":"Automaton","floor":33.0,"turns":6.0},{"damage":12.0,"enemies":"Orb Walker","floor":35.0,"turns":3.0},{"damage":3,"enemies":"3 Shapes","floor":38,"turns":2},{"damage":11,"enemies":"Transient","floor":39,"turns":5},{"damage":30,"enemies":"Reptomancer","floor":41,"turns":3},{"damage":10,"enemies":"Giant Head","floor":44,"turns":4},{"damage":32,"enemies":"2 Orb Walkers","floor":46,"turns":3},{"damage":0,"enemies":"Jaw Worm Horde","floor":47,"turns":2},{"damage":0,"enemies":"Sphere and 2 Shapes","floor":48,"turns":2},{"damage":111,"enemies":"Awakened One","floor":50,"turns":11}],"seed_played":"-4664867860275029371","potions_obtained":[{"floor":1.0,"key":"Dexterity Potion"},{"floor":8.0,"key":"Swift Potion"},{"floor":16.0,"key":"DistilledChaos"},{"floor":18.0,"key":"EssenceOfSteel"},{"floor":23.0,"key":"Fire Potion"},{"floor":25.0,"key":"ColorlessPotion"},{"floor":30.0,"key":"BloodPotion"},{"floor":31.0,"key":"DuplicationPotion"},{"floor":33.0,"key":"BloodPotion"}],"is_trial":false,"path_per_floor":["M","?","?","M","?","R","?","M","T","R","M","R","M","$","R","B",null,"M","M","M","$","?","E","?","E","T","R","$","R","M","M","R","B",null,"M","?","$","M","M","R","E","$","T","E","R","?","M","M","R","B",null],"character_chosen":"IRONCLAD","items_purchased":["Membership Card","Infernal Blade","Pantograph","Apotheosis","Vajra","War Paint","Whetstone"],"campfire_rested":0,"item_purchase_floors":[14,14,21,28,37,37,42],"current_hp_per_floor":[80,80,85,85,52,52,52,58,58,58,59,59,49,49,49,49,85,85,85,89,89,89,84,84,88,88,88,88,88,95,96,96,93,100,100,100,100,100,100,100,98,98,98,102,102,83,94,100,100,61],"gold":156,"neow_bonus":"THREE_ENEMY_KILL","is_daily":false,"chose_seed":false,"campfire_upgraded":10,"win_rate":0.0,"timestamp":1613749385,"path_taken":["M","?","?","M","?","R","?","?","T","R","M","R","M","?","R","BOSS","M","M","M","$","?","E","?","E","T","R","$","R","M","M","R","BOSS","M","?","$","M","M","R","E","$","T","E","R","?","M","M","R","BOSS"],"items_purchased_type":["Relic","Card","Relic","Card","Relic","Relic","Relic"],"build_version":"2020-12-22","purchased_purges":1,"victory":true,"max_hp_per_floor":[80,80,85,85,85,85,85,85,85,85,85,85,85,85,85,85,85,85,85,89,89,89,93,93,96,96,96,96,96,96,96,96,100,100,100,100,100,100,100,100,118,118,118,122,122,125,130,130,130,134],"relic_stats":{"Singing Bowl":2,"counters":[23,76],"PreservedInsect":265,"Charon\u0027s Ashes":[254],"Letter Opener":[109],"Whetstone":["Bash","Strike_R"],"War Paint":["Defend_R","Infernal Blade"],"Smiling Mask":-12,"Burning Blood":108,"Sozu":8,"Pantograph":25,"obtain_stats":[{"NeowsBlessing":0,"Singing Bowl":44,"Vajra":37,"Mango":41,"PreservedInsect":9,"Charon\u0027s Ashes":23,"Letter Opener":25,"Whetstone":42,"War Paint":37,"Smiling Mask":5,"Burning Blood":0,"White Beast Statue":26,"Sozu":34,"Pantograph":21,"Membership Card":14,"Toy Ornithopter":22,"Red Skull":43,"FossilizedHelix":46,"Runic Pyramid":17},{"NeowsBlessing":0,"Singing Bowl":19,"Vajra":15,"Mango":18,"PreservedInsect":3,"Charon\u0027s Ashes":10,"Letter Opener":11,"Whetstone":18,"War Paint":15,"Smiling Mask":2,"Burning Blood":0,"White Beast Statue":11,"Sozu":14,"Pantograph":9,"Membership Card":5,"Toy Ornithopter":9,"Red Skull":18,"FossilizedHelix":20,"Runic Pyramid":6},{"NeowsBlessing":0,"Singing Bowl":58,"Vajra":44,"Mango":54,"PreservedInsect":3,"Charon\u0027s Ashes":26,"Letter Opener":29,"Whetstone":54,"War Paint":44,"Smiling Mask":2,"Burning Blood":0,"White Beast Statue":29,"Sozu":41,"Pantograph":22,"Membership Card":7,"Toy Ornithopter":22,"Red Skull":54,"FossilizedHelix":61,"Runic Pyramid":12}],"Toy Ornithopter":17},"card_choices":[{"not_picked":["Pummel","Clothesline"],"picked":"Hemokinesis","floor":1.0},{"not_picked":["Iron Wave","Dropkick"],"picked":"Pommel Strike","floor":4.0},{"not_picked":["Headbutt","Twin Strike"],"picked":"Combust","floor":8.0},{"not_picked":["Burning Pact","Uppercut"],"picked":"Clash","floor":11.0},{"not_picked":["Wild Strike","Twin Strike"],"picked":"Armaments","floor":13.0},{"not_picked":["Impervious","Immolate"],"picked":"Feed","floor":16.0},{"not_picked":["Carnage","Body Slam"],"picked":"Iron Wave+1","floor":18.0},{"not_picked":["Shrug It Off","Iron Wave"],"picked":"Infernal Blade+1","floor":19.0},{"not_picked":["Twin Strike","Entrench"],"picked":"Anger+1","floor":20.0},{"not_picked":["Carnage","Iron Wave"],"picked":"Immolate","floor":23.0},{"not_picked":["Heavy Blade","Flame Barrier"],"picked":"Battle Trance+1","floor":25.0},{"not_picked":["Warcry","Flex","Twin Strike"],"picked":"SKIP","floor":30.0},{"not_picked":["Anger","Dropkick","Inflame"],"picked":"SKIP","floor":31.0},{"not_picked":["Wild Strike","Dual Wield+1"],"picked":"Sword Boomerang+1","floor":35},{"not_picked":["Anger","Clothesline+1"],"picked":"Second Wind+1","floor":38},{"not_picked":["Burning Pact+1","Sever Soul","Pummel"],"picked":"SKIP","floor":39},{"not_picked":["Reckless Charge+1","Double Tap"],"picked":"Headbutt+1","floor":41},{"not_picked":["Battle Trance+1","Combust"],"picked":"Body Slam+1","floor":44},{"not_picked":["Sword Boomerang+1","Pommel Strike+1"],"picked":"Flex+1","floor":46},{"not_picked":["Burning Pact","Headbutt","Feel No Pain+1"],"picked":"Singing Bowl","floor":47},{"not_picked":["Pommel Strike","True Grit"],"picked":"Shockwave+1","floor":48}],"player_experience":143044,"relics_obtained":[{"floor":9.0,"key":"PreservedInsect"},{"floor":23.0,"key":"Charon\u0027s Ashes"},{"floor":25.0,"key":"Letter Opener"},{"floor":26.0,"key":"White Beast Statue"},{"floor":41,"key":"Mango"},{"floor":43,"key":"Red Skull"},{"floor":44,"key":"Singing Bowl"},{"floor":46,"key":"FossilizedHelix"}],"event_choices":[{"cards_removed":["Strike_R"],"damage_healed":0.0,"max_hp_gain":0.0,"max_hp_loss":0.0,"gold_gain":0.0,"event_name":"The Cleric","player_choice":"Card Removal","floor":2.0,"gold_loss":50.0,"damage_taken":0.0},{"damage_healed":0.0,"max_hp_gain":5.0,"max_hp_loss":0.0,"gold_gain":0.0,"event_name":"Big Fish","player_choice":"Donut","floor":3.0,"gold_loss":0.0,"damage_taken":0.0},{"damage_healed":0.0,"max_hp_gain":0.0,"max_hp_loss":0.0,"gold_gain":0.0,"event_name":"Scrap Ooze","player_choice":"Success","floor":5.0,"gold_loss":0.0,"damage_taken":33.0,"relics_obtained":["Smiling Mask"]},{"damage_healed":0.0,"max_hp_gain":0.0,"max_hp_loss":0.0,"gold_gain":0.0,"event_name":"Match and Keep!","player_choice":"4 cards matched","floor":7.0,"gold_loss":0.0,"damage_taken":0.0,"cards_obtained":["Offering","Rupture","Cleave","Bandage Up"]},{"damage_healed":0.0,"max_hp_gain":0.0,"max_hp_loss":0.0,"gold_gain":0.0,"event_name":"Match and Keep!","player_choice":"4 cards matched","floor":7.0,"gold_loss":0.0,"damage_taken":0.0,"cards_obtained":["Offering","Rupture","Cleave","Bandage Up"]},{"damage_healed":0.0,"max_hp_gain":0.0,"max_hp_loss":0.0,"gold_gain":0.0,"event_name":"The Mausoleum","player_choice":"Opened","floor":22.0,"gold_loss":0.0,"damage_taken":0.0,"relics_obtained":["Toy Ornithopter"]},{"damage_healed":0.0,"max_hp_gain":0.0,"max_hp_loss":0.0,"gold_gain":99.0,"event_name":"Nest","player_choice":"Stole From Cult","floor":24.0,"gold_loss":0.0,"damage_taken":0.0},{"cards_removed":["Defend_R"],"damage_healed":0,"gold_gain":0,"player_choice":"Removed Skill","damage_taken":0,"max_hp_gain":0,"max_hp_loss":0,"event_name":"Falling","floor":36,"gold_loss":0},{"damage_healed":0,"gold_gain":0,"player_choice":"Fight","damage_taken":0,"max_hp_gain":0,"max_hp_loss":0,"event_name":"Mysterious Sphere","floor":46,"gold_loss":0}],"is_beta":false,"boss_relics":[{"not_picked":["Runic Dome","Cursed Key"],"picked":"Runic Pyramid"},{"not_picked":["Empty Cage","Black Blood"],"picked":"Sozu"}],"items_purged_floors":[28],"is_endless":false,"potions_floor_spawned":[1,8,16,18,23,25,30,31,33,35,38,39,41,44,46,47,48],"ascension_level":0}}