{"host":"snd6571rw3150vxe","time":1613777984,"event":{"mods":["AchievementEnabler","BaseMod","Bestiary","Colored Powertips","Highlight Path","Minty Spire (QoL Compilation)","Quick Restart","Random Character Button","Relic Stats","StSLib","slay the spire mod where everything is the same but ironclad has a cowboy hat"],"gold_per_floor":[116,116,116,140,65,105,105,280,280,280,280],"floor_reached":10,"language":"ENG","playtime":84,"items_purged":["Strike_R"],"score":89,"play_id":"bd3d17a7-9f30-43eb-b578-8491f8681106","local_time":"20210220013944","is_ascension_mode":false,"campfire_choices":[{"data":"Bash","floor":7,"key":"SMITH"}],"circlet_count":0,"master_deck":["Strike_R","Strike_R","Strike_R","Strike_R","Defend_R","Defend_R","Defend_R","Defend_R","Bash+1","Doubt"],"relics":["Burning Blood","NeowsBlessing","Golden Idol","MealTicket","Bird Faced Urn"],"acts_visited":["Exordium"],"potions_floor_usage":[],"damage_taken":[{"damage":0,"enemies":"2 Louse","floor":1,"turns":1},{"damage":0,"enemies":"Small Slimes","floor":4,"turns":1},{"damage":0,"enemies":"Lagavulin","floor":6,"turns":1},{"damage":27,"enemies":"Gremlin Nob","floor":10,"turns":4}],"seed_played":"6940909843997144168","potions_obtained":[],"is_trial":false,"path_per_floor":["M","$","?","M","$","E","R","?","T","E"],"character_chosen":"IRONCLAD","items_purchased":[],"campfire_rested":0,"item_purchase_floors":[],"current_hp_per_floor":[80,80,60,66,66,72,72,72,72,45,45],"gold":280,"neow_bonus":"THREE_ENEMY_KILL","is_daily":false,"chose_seed":false,"campfire_upgraded":1,"win_rate":0.0,"timestamp":1613777984,"path_taken":["M","$","?","M","$","E","R","?","T","E"],"items_purchased_type":[],"build_version":"2020-12-22","purchased_purges":1,"victory":false,"max_hp_per_floor":[80,80,80,80,80,80,80,80,80,80,80],"relic_stats":{"counters":[4,7],"Golden Idol":13,"Bird Faced Urn":[0],"MealTicket":0,"obtain_stats":[{"NeowsBlessing":0,"Golden Idol":3,"Bird Faced Urn":9,"MealTicket":6,"Burning Blood":0},{"NeowsBlessing":0,"Golden Idol":1,"Bird Faced Urn":3,"MealTicket":3,"Burning Blood":0},{"NeowsBlessing":0,"Golden Idol":1,"Bird Faced Urn":3,"MealTicket":3,"Burning Blood":0}],"Burning Blood":12},"card_choices":[{"not_picked":["Pommel Strike","Seeing Red","Perfected Strike"],"picked":"SKIP","floor":1},{"not_picked":["Sword Boomerang","Heavy Blade","Battle Trance"],"picked":"SKIP","floor":4},{"not_picked":["Fire Breathing","Dark Embrace","Warcry"],"picked":"SKIP","floor":6}],"player_experience":370902,"relics_obtained":[{"floor":6,"key":"MealTicket"},{"floor":9,"key":"Bird Faced Urn"}],"event_choices":[{"damage_healed":0,"gold_gain":0,"player_choice":"Take Damage","damage_taken":20,"relics_obtained":["Golden Idol"],"max_hp_gain":0,"max_hp_loss":0,"event_name":"Golden Idol","floor":3,"gold_loss":0},{"damage_healed":0,"gold_gain":175,"player_choice":"AGREE","damage_taken":0,"max_hp_gain":0,"max_hp_loss":0,"event_name":"Liars Game","floor":8,"gold_loss":0,"cards_obtained":["Doubt"]}],"is_beta":false,"boss_relics":[],"items_purged_floors":[5],"is_endless":false,"potions_floor_spawned":[],"killed_by":"Gremlin Nob","ascension_level":0}}