{"host":"os9owiyb0rak6c8n","time":1613750535,"event":{"mods":["AchievementEnabler","Astrologer","BaseMod","Beaked The Cultist","Better Third Choice","Block Reminder","Colored Map","Colored Powertips","Curses Come First","Dio Mod","Minty Spire (QoL Compilation)","Shapeshifter Mod","Spicy Shops","StSLib","The Death Knight","The Necromancer"],"gold_per_floor":[115,115,126,126,201,239,239,253,253,293,293,46,69,244,244,338,338,361,361,361,380,380,411,411,438,490,517,517,547,379,402,402,479,479,496,512,522,547,563,595,614,632,632,644,676,688,700,724,736,748],"floor_reached":51,"language":"ENG","playtime":2155,"items_purged":["Injury","Doubt"],"score":1293,"play_id":"ff579e45-ab85-42ba-8684-3a1456277637","local_time":"20210219170215","is_ascension_mode":true,"campfire_choices":[{"data":"Accuracy","floor":7,"key":"SMITH"},{"data":"Crippling Poison","floor":11,"key":"SMITH"},{"data":"Backflip","floor":15,"key":"SMITH"},{"data":"Blade Dance","floor":24,"key":"SMITH"},{"data":"Accuracy","floor":32,"key":"SMITH"},{"data":"A Thousand Cuts","floor":44,"key":"SMITH"},{"data":"Cloak And Dagger","floor":46,"key":"SMITH"},{"floor":49,"key":"REST"}],"circlet_count":0,"master_deck":["AscendersBane","Strike_G+1","Strike_G+1","Strike_G+1","Strike_G+1","Defend_G+1","Defend_G+1","Defend_G+1","Defend_G+1","Defend_G+1","Survivor","Neutralize","Sucker Punch+1","Poisoned Stab","Accuracy+1","Crippling Poison+1","Dagger Throw","Leg Sweep","Backflip+1","After Image","Blade Dance+1","Backflip","Adrenaline","Cloak And Dagger+1","Prepared","Accuracy+1","A Thousand Cuts+1","Terror","Acrobatics+1","Accuracy","Well Laid Plans"],"relics":["Ring of the Snake","NeowsBlessing","Bloody Idol","Ninja Scroll","Strawberry","Oddly Smooth Stone","WristBlade","TungstenRod","Ancient Tea Set","Akabeko","Bird Faced Urn","Paper Crane","PreservedInsect","beaked:MawFillet","Ice Cream","StrikeDummy","MawBank"],"acts_visited":["Exordium","TheCity","TheBeyond"],"potions_floor_usage":[10,12,16,23,25,40,42],"damage_taken":[{"damage":0,"enemies":"2 Louse","floor":1,"turns":1},{"damage":0,"enemies":"Jaw Worm","floor":3,"turns":1},{"damage":0,"enemies":"3 Sentries","floor":6,"turns":2},{"damage":0,"enemies":"Cultist","floor":8,"turns":3},{"damage":15,"enemies":"Lagavulin","floor":10,"turns":5},{"damage":0,"enemies":"2 Fungi Beasts","floor":13,"turns":3},{"damage":25,"enemies":"The Guardian","floor":16,"turns":17},{"damage":9,"enemies":"Spheric Guardian","floor":18,"turns":4},{"damage":7,"enemies":"Chosen","floor":21,"turns":7},{"damage":1,"enemies":"Book of Stabbing","floor":23,"turns":6},{"damage":13,"enemies":"Slavers","floor":25,"turns":5},{"damage":21,"enemies":"Gremlin Leader","floor":27,"turns":6},{"damage":16,"enemies":"Book of Stabbing","floor":29,"turns":6},{"damage":11,"enemies":"Automaton","floor":33,"turns":12},{"damage":4,"enemies":"3 Shapes","floor":35,"turns":5},{"damage":2,"enemies":"3 Darklings","floor":36,"turns":3},{"damage":0,"enemies":"4 Shapes","floor":37,"turns":5},{"damage":0,"enemies":"Mind Bloom Boss Battle","floor":38,"turns":5},{"damage":0,"enemies":"Maw","floor":39,"turns":7},{"damage":6,"enemies":"Reptomancer","floor":40,"turns":8},{"damage":4,"enemies":"Sphere and 2 Shapes","floor":41,"turns":5},{"damage":0,"enemies":"3 Darklings","floor":42,"turns":2},{"damage":1,"enemies":"Jaw Worm Horde","floor":45,"turns":3},{"damage":27,"enemies":"Transient","floor":48,"turns":5},{"damage":36,"enemies":"Time Eater","floor":50,"turns":10}],"seed_played":"-8857234089783779947","potions_obtained":[{"floor":3,"key":"Poison Potion"},{"floor":6,"key":"CunningPotion"},{"floor":10,"key":"Fruit Juice"},{"floor":13,"key":"Poison Potion"},{"floor":18,"key":"PowerPotion"},{"floor":23,"key":"Strength Potion"},{"floor":29,"key":"Energy Potion"},{"floor":33,"key":"PowerPotion"},{"floor":45,"key":"GamblersBrew"},{"floor":48,"key":"LiquidMemories"}],"is_trial":false,"path_per_floor":["M","?","M","?","?","E","R","M","T","E","R","$","M","?","R","B",null,"M","?","?","M","?","E","R","E","T","E","?","E","$","T","R","B",null,"M","M","M","?","M","E","M","M","T","R","M","R","?","M","R","B",null],"character_chosen":"THE_SILENT","items_purchased":["Leg Sweep","Backflip","PowerPotion","Accuracy"],"campfire_rested":1,"item_purchase_floors":[12,12,12,30],"current_hp_per_floor":[63,63,63,63,52,52,52,52,59,44,44,49,49,49,49,24,68,59,59,59,57,57,61,61,53,58,42,76,69,69,74,74,70,75,76,76,76,76,76,76,76,76,76,76,76,76,72,52,72,42],"gold":760,"neow_bonus":"THREE_ENEMY_KILL","is_daily":false,"chose_seed":false,"campfire_upgraded":7,"win_rate":0.0,"timestamp":1613750535,"path_taken":["M","?","M","?","?","E","R","?","T","E","R","?","M","?","R","BOSS","M","?","?","?","?","E","R","E","T","E","?","E","$","?","R","BOSS","M","M","M","?","M","E","M","M","T","R","M","R","?","M","R","BOSS"],"items_purchased_type":["Card","Card","Potion","Card"],"build_version":"2020-12-22","purchased_purges":2,"victory":true,"max_hp_per_floor":[70,70,70,70,70,70,70,70,77,77,77,82,82,82,82,82,82,82,82,82,82,82,82,82,82,82,82,76,76,76,76,76,76,76,76,76,76,76,76,76,76,76,76,76,76,76,72,72,72,72],"card_choices":[{"not_picked":["Dagger Throw","Leg Sweep"],"picked":"Sucker Punch","floor":1},{"not_picked":["Quick Slash","Skewer"],"picked":"Poisoned Stab","floor":3},{"not_picked":["Dash","Doppelganger"],"picked":"Accuracy","floor":6},{"not_picked":["Poisoned Stab","Bane"],"picked":"Crippling Poison","floor":8},{"not_picked":["Reflex","Expertise"],"picked":"Dagger Throw","floor":10},{"not_picked":["Slice","Flechettes","Tactician"],"picked":"SKIP","floor":13},{"not_picked":["Venomology","Adrenaline"],"picked":"After Image","floor":16},{"not_picked":["Outmaneuver","PiercingWail"],"picked":"Blade Dance","floor":18},{"not_picked":["Bane","Quick Slash","Sucker Punch+1"],"picked":"SKIP","floor":21},{"not_picked":["All Out Attack","Leg Sweep+1","Sucker Punch"],"picked":"SKIP","floor":23},{"not_picked":["Catalyst+1","Sucker Punch"],"picked":"Adrenaline","floor":25},{"not_picked":["Deflect","Dagger Throw"],"picked":"Cloak And Dagger","floor":27},{"not_picked":["Sucker Punch","Expertise"],"picked":"Prepared","floor":29},{"not_picked":["Tools of the Trade","Doppelganger"],"picked":"A Thousand Cuts","floor":33},{"not_picked":["Cloak And Dagger","Catalyst"],"picked":"Terror","floor":35},{"not_picked":["Deflect","Escape Plan"],"picked":"Acrobatics+1","floor":36},{"not_picked":["Outmaneuver","Bane","PiercingWail"],"picked":"SKIP","floor":37},{"not_picked":["Prepared","Outmaneuver"],"picked":"Accuracy","floor":38},{"not_picked":["Poisoned Stab","Flying Knee","Dagger Throw"],"picked":"SKIP","floor":39},{"not_picked":["Poisoned Stab","Flying Knee","Dagger Throw"],"picked":"SKIP","floor":39},{"not_picked":["Sucker Punch","Tactician"],"picked":"Well Laid Plans","floor":40},{"not_picked":["Glass Knife","Crippling Poison+1","Eviscerate"],"picked":"SKIP","floor":41},{"not_picked":["Backflip","Sucker Punch+1","Deflect"],"picked":"SKIP","floor":42},{"not_picked":["Setup","Finisher+1","Acrobatics"],"picked":"SKIP","floor":45},{"not_picked":["Riddle With Holes","Slice+1","Bouncing Flask"],"picked":"SKIP","floor":48}],"player_experience":621364,"relics_obtained":[{"floor":6,"key":"Ninja Scroll"},{"floor":9,"key":"Strawberry"},{"floor":10,"key":"Oddly Smooth Stone"},{"floor":23,"key":"TungstenRod"},{"floor":25,"key":"Ancient Tea Set"},{"floor":26,"key":"Akabeko"},{"floor":27,"key":"Bird Faced Urn"},{"floor":29,"key":"Paper Crane"},{"floor":31,"key":"PreservedInsect"},{"floor":38,"key":"Ice Cream"},{"floor":40,"key":"StrikeDummy"},{"floor":43,"key":"MawBank"}],"event_choices":[{"damage_healed":0,"gold_gain":0,"player_choice":"Grow","damage_taken":0,"max_hp_gain":0,"max_hp_loss":0,"event_name":"Living Wall","floor":2,"gold_loss":0,"cards_upgraded":["Sucker Punch"]},{"damage_healed":0,"gold_gain":0,"player_choice":"Take Wound","damage_taken":0,"relics_obtained":["Golden Idol"],"max_hp_gain":0,"max_hp_loss":0,"event_name":"Golden Idol","floor":4,"gold_loss":0,"cards_obtained":["Injury"]},{"damage_healed":0,"gold_gain":75,"player_choice":"Gold","damage_taken":11,"max_hp_gain":0,"max_hp_loss":0,"event_name":"betterThird:BetterGoop","floor":5,"gold_loss":0},{"damage_healed":0,"gold_gain":175,"player_choice":"AGREE","damage_taken":69,"max_hp_gain":0,"max_hp_loss":0,"event_name":"betterThird:BetterSerpent","floor":14,"gold_loss":0},{"damage_healed":0,"gold_gain":0,"player_choice":"Gave Idol","damage_taken":0,"relics_obtained":["Bloody Idol"],"max_hp_gain":0,"max_hp_loss":0,"event_name":"Forgotten Altar","floor":19,"relics_lost":["Golden Idol"],"gold_loss":0},{"damage_healed":0,"gold_gain":0,"cards_transformed":["Strike_G"],"player_choice":"Transformed","damage_taken":0,"max_hp_gain":0,"max_hp_loss":0,"event_name":"Transmorgrifier","floor":20,"gold_loss":0,"cards_obtained":["Backflip"]},{"damage_healed":0,"gold_gain":0,"player_choice":"Simplicity","damage_taken":0,"max_hp_gain":0,"max_hp_loss":9,"event_name":"betterThird:BetterWriting","floor":22,"gold_loss":0},{"damage_healed":0,"gold_gain":0,"player_choice":"Fight","damage_taken":0,"max_hp_gain":0,"max_hp_loss":0,"event_name":"MindBloom","floor":38,"gold_loss":0},{"damage_healed":0,"gold_gain":0,"player_choice":"Max HP","damage_taken":0,"max_hp_gain":0,"max_hp_loss":4,"event_name":"Winding Halls","floor":47,"gold_loss":0}],"is_beta":false,"boss_relics":[{"not_picked":["Philosopher\u0027s Stone","beaked:SacredDeck"],"picked":"WristBlade"},{"not_picked":["Coffee Dripper","Velvet Choker"],"picked":"beaked:MawFillet"}],"items_purged_floors":[12,30],"is_endless":false,"potions_floor_spawned":[3,6,10,13,18,23,29,33,37,39,45,48],"ascension_level":13}}