{"host":"lv7etzzgwahaenh9","time":1613700964,"event":{"mods":["AchievementEnabler","BaseMod","Colored Map","Colored Powertips","Highlight Path","Minty Spire (QoL Compilation)","Permanent Neow","Quick Restart","Random Character Button","StSLib"],"gold_per_floor":[14,31,50,70,89,119,119,144,144,144,156,156,186,186,186,287,287,297,69,80,98,112,112,131,131,131],"floor_reached":25,"language":"ENG","playtime":1324,"items_purged":["Strike_R"],"score":391,"play_id":"3049f969-99a6-45aa-9ac1-15c5ad682ea1","local_time":"20210218181604","is_ascension_mode":true,"campfire_choices":[{"data":"Searing Blow","floor":7.0,"key":"SMITH"},{"data":"Searing Blow+1","floor":10,"key":"SMITH"},{"data":"Searing Blow+2","floor":12,"key":"SMITH"},{"data":"Searing Blow+3","floor":15,"key":"SMITH"},{"floor":23,"key":"REST"}],"circlet_count":0,"master_deck":["AscendersBane","Strike_R","Strike_R","Defend_R","Defend_R","Defend_R","Bash","Carnage","Searing Blow+4","Battle Trance","Headbutt","Warcry","Metallicize","Disarm","Dual Wield","Double Tap","Warcry","Armaments"],"relics":["Burning Blood","FossilizedHelix","Red Skull","Kunai","Unceasing Top","Dead Branch","Empty Cage","Bag of Marbles"],"acts_visited":["Exordium","TheCity"],"potions_floor_usage":[8,13,16],"damage_taken":[{"damage":0.0,"enemies":"2 Louse","floor":1.0,"turns":3.0},{"damage":0.0,"enemies":"Cultist","floor":2.0,"turns":3.0},{"damage":0.0,"enemies":"Jaw Worm","floor":3.0,"turns":3.0},{"damage":0.0,"enemies":"2 Fungi Beasts","floor":4.0,"turns":3.0},{"damage":2.0,"enemies":"Exordium Wildlife","floor":5.0,"turns":3.0},{"damage":30.0,"enemies":"3 Sentries","floor":6.0,"turns":10.0},{"damage":0,"enemies":"Gremlin Nob","floor":8,"turns":3},{"damage":0,"enemies":"Large Slime","floor":11,"turns":6},{"damage":9,"enemies":"3 Sentries","floor":13,"turns":7},{"damage":31,"enemies":"Hexaghost","floor":16,"turns":10},{"damage":14,"enemies":"Shell Parasite","floor":18,"turns":7},{"damage":17,"enemies":"3 Byrds","floor":20,"turns":6},{"damage":27,"enemies":"3 Cultists","floor":21,"turns":5},{"damage":21,"enemies":"Cultist and Chosen","floor":22,"turns":5},{"damage":23,"enemies":"Sentry and Sphere","floor":24,"turns":6},{"damage":0,"enemies":"Gremlin Leader","floor":25,"turns":1}],"seed_played":"-4164773582558377061","potions_obtained":[{"floor":1.0,"key":"Swift Potion"},{"floor":2.0,"key":"ElixirPotion"},{"floor":8,"key":"Strength Potion"},{"floor":11,"key":"Regen Potion"},{"floor":24,"key":"PowerPotion"}],"is_trial":false,"path_per_floor":["M","M","M","M","M","E","R","E","T","R","M","R","E","?","R","B",null,"M","$","M","M","M","R","M","E"],"character_chosen":"IRONCLAD","items_purchased":["Bag of Marbles"],"campfire_rested":1,"item_purchase_floors":[19],"current_hp_per_floor":[78,80,80,80,80,56,56,62,62,62,68,68,80,80,80,55,74,66,66,55,34,19,43,26,26,26],"gold":131,"neow_bonus":"ONE_RARE_RELIC","is_daily":false,"chose_seed":false,"campfire_upgraded":4,"win_rate":0.0,"timestamp":1613700964,"path_taken":["M","M","M","M","M","E","R","E","T","R","M","R","E","?","R","BOSS","M","$","?","M","M","R","M","E"],"items_purchased_type":["Relic"],"build_version":"2020-12-22","purchased_purges":1,"victory":false,"max_hp_per_floor":[80,80,80,80,80,80,80,80,80,80,80,80,80,80,80,80,80,80,80,80,80,80,80,80,80,80],"card_choices":[{"not_picked":["Ghostly Armor","Anger"],"picked":"Carnage","floor":1.0},{"not_picked":["Perfected Strike","Evolve"],"picked":"Searing Blow","floor":2.0},{"not_picked":["Sentinel","Body Slam"],"picked":"Battle Trance","floor":3.0},{"not_picked":["Infernal Blade","Flex","Perfected Strike"],"picked":"SKIP","floor":4.0},{"not_picked":["Flex","Heavy Blade"],"picked":"Headbutt","floor":5.0},{"not_picked":["Flex","Anger"],"picked":"Warcry","floor":6.0},{"not_picked":["Dropkick","Wild Strike"],"picked":"Metallicize","floor":8},{"not_picked":["Hemokinesis","Rampage"],"picked":"Disarm","floor":11},{"not_picked":["Burning Pact","Clash"],"picked":"Dual Wield","floor":13},{"not_picked":["Berserk","Limit Break"],"picked":"Double Tap","floor":16},{"not_picked":["Burning Pact","Wild Strike","Dual Wield"],"picked":"SKIP","floor":18},{"not_picked":["Flex","Heavy Blade"],"picked":"Warcry","floor":20},{"not_picked":["Body Slam","Clash+1"],"picked":"Armaments","floor":21},{"not_picked":["Clash+1","Combust","Disarm"],"picked":"SKIP","floor":22},{"not_picked":["Clothesline+1","Intimidate+1","Flex"],"picked":"SKIP","floor":24}],"player_experience":431909,"relics_obtained":[{"floor":6.0,"key":"Red Skull"},{"floor":8,"key":"Kunai"},{"floor":9,"key":"Unceasing Top"},{"floor":13,"key":"Dead Branch"}],"event_choices":[{"cards_removed":["Strike_R"],"damage_healed":0,"gold_gain":0,"player_choice":"Card Removal","damage_taken":0,"max_hp_gain":0,"max_hp_loss":0,"event_name":"Wheel of Change","floor":14,"gold_loss":0}],"is_beta":false,"boss_relics":[{"not_picked":["Tiny House","Philosopher\u0027s Stone"],"picked":"Empty Cage"}],"items_purged_floors":[19],"is_endless":false,"potions_floor_spawned":[1,2,5,8,11,24],"killed_by":"Gremlin Leader","ascension_level":11}}