{"host":"2lo6hma6kymb0g9i","time":1613726987,"event":{"mods":["BaseMod","Colored Map","DeckTracker","Minty Spire (QoL Compilation)"],"gold_per_floor":[115,115,135,135,60,60,72,72,142,171,171,187,187,187,187,283,283,308,342,357,357,407,450,450,463,463,225,225,244,258,299,299,389,389,409,434,434,50,70,114,336,372,399,399,455,495,526,539,539,539,539,539,539,243,282,282],"floor_reached":57,"language":"JPN","playtime":2998,"items_purged":["Strike_R","Strike_R","Strike_R"],"score":3202,"play_id":"2ceb4f9b-7d59-462a-a4e4-2de8d6a3bf85","local_time":"20210219182947","is_ascension_mode":true,"campfire_choices":[{"data":"Bash","floor":6.0,"key":"SMITH"},{"data":"Twin Strike","floor":8.0,"key":"SMITH"},{"data":"Bludgeon","floor":11.0,"key":"SMITH"},{"floor":15.0,"key":"REST"},{"data":"Fiend Fire","floor":24.0,"key":"SMITH"},{"floor":28.0,"key":"DIG"},{"floor":32.0,"key":"DIG"},{"floor":44.0,"key":"DIG"},{"floor":49.0,"key":"RECALL"},{"floor":53.0,"key":"DIG"}],"circlet_count":0,"master_deck":["AscendersBane","Defend_R","Defend_R","Defend_R","Bash+1","Shrug It Off","Twin Strike+1","Bludgeon+1","Headbutt","Fiend Fire+1","Apotheosis+1","Shockwave+1","True Grit+1","Corruption","Double Tap+1","Feel No Pain"],"relics":["Burning Blood","NeowsBlessing","Gremlin Horn","Toxic Egg 2","Golden Idol","Snecko Eye","Red Mask","Ice Cream","Shovel","Bag of Preparation","Dead Branch","Potion Belt","Singing Bowl","Fusion Hammer","Paper Frog","MealTicket","FossilizedHelix","Pocketwatch","Shuriken","Turnip","Bottled Flame","Anchor","Vajra"],"acts_visited":["Exordium","TheCity","TheBeyond","TheEnding"],"potions_floor_usage":[56,56,56,56,56],"damage_taken":[{"damage":0.0,"enemies":"Cultist","floor":1.0,"turns":1.0},{"damage":0.0,"enemies":"Small Slimes","floor":3.0,"turns":1.0},{"damage":0.0,"enemies":"2 Louse","floor":7.0,"turns":1.0},{"damage":42.0,"enemies":"3 Sentries","floor":10.0,"turns":9.0},{"damage":9.0,"enemies":"Red Slaver","floor":12.0,"turns":3.0},{"damage":20.0,"enemies":"Slime Boss","floor":16.0,"turns":8.0},{"damage":24.0,"enemies":"3 Byrds","floor":18.0,"turns":3.0},{"damage":0.0,"enemies":"Masked Bandits","floor":19.0,"turns":2.0},{"damage":0.0,"enemies":"Chosen","floor":20.0,"turns":2.0},{"damage":0.0,"enemies":"Gremlin Leader","floor":23.0,"turns":3.0},{"damage":0.0,"enemies":"3 Cultists","floor":25.0,"turns":2.0},{"damage":0.0,"enemies":"Snecko","floor":29.0,"turns":2.0},{"damage":0.0,"enemies":"Chosen and Byrds","floor":30.0,"turns":3.0},{"damage":22.0,"enemies":"Book of Stabbing","floor":31.0,"turns":4.0},{"damage":55.0,"enemies":"Collector","floor":33.0,"turns":7.0},{"damage":8.0,"enemies":"3 Darklings","floor":35.0,"turns":3.0},{"damage":8.0,"enemies":"Orb Walker","floor":36.0,"turns":2.0},{"damage":0.0,"enemies":"Jaw Worm Horde","floor":39.0,"turns":2.0},{"damage":0.0,"enemies":"Nemesis","floor":40.0,"turns":5.0},{"damage":0.0,"enemies":"Giant Head","floor":42.0,"turns":5.0},{"damage":12.0,"enemies":"2 Orb Walkers","floor":45.0,"turns":3.0},{"damage":0.0,"enemies":"Reptomancer","floor":46.0,"turns":2.0},{"damage":0.0,"enemies":"Mind Bloom Boss Battle","floor":47.0,"turns":3.0},{"damage":0.0,"enemies":"Sphere and 2 Shapes","floor":48.0,"turns":2.0},{"damage":0.0,"enemies":"Donu and Deca","floor":50.0,"turns":3.0},{"damage":21.0,"enemies":"Time Eater","floor":51.0,"turns":4.0},{"damage":0.0,"enemies":"Shield and Spear","floor":55.0,"turns":2.0},{"damage":101,"enemies":"The Heart","floor":56,"turns":5}],"seed_played":"4235544848406534395","potions_obtained":[{"floor":1.0,"key":"SkillPotion"},{"floor":10.0,"key":"EntropicBrew"},{"floor":16.0,"key":"SkillPotion"},{"floor":31.0,"key":"BloodPotion"},{"floor":33.0,"key":"Block Potion"},{"floor":36.0,"key":"AttackPotion"},{"floor":39.0,"key":"HeartOfIron"}],"is_trial":false,"path_per_floor":["M","$","M","?","?","R","M","R","T","E","R","M","?","?","R","B",null,"M","?","M","?","?","E","R","M","T","$","R","M","M","E","R","B",null,"M","M","?","$","M","E","?","E","T","R","?","E","?","M","R","B","B",null,"R","$","E","B",null],"character_chosen":"IRONCLAD","items_purchased":["Bag of Preparation","Apotheosis+1","Shockwave+1","True Grit+1","Anchor"],"campfire_rested":1,"item_purchase_floors":[27,38,38,38,54],"current_hp_per_floor":[74,74,75,68,68,68,74,74,74,38,38,35,9,9,31,17,61,43,49,55,55,55,61,61,67,67,67,67,73,75,59,59,12,61,61,61,61,61,69,75,75,81,81,81,77,85,87,89,89,89,74,85,85,89,91,14],"gold":282,"neow_bonus":"THREE_ENEMY_KILL","is_daily":false,"chose_seed":false,"campfire_upgraded":4,"win_rate":0.0,"timestamp":1613726987,"path_taken":["M","?","M","?","?","R","M","R","T","E","R","M","?","?","R","BOSS","M","?","M","?","?","E","R","?","T","$","R","M","M","E","R","BOSS","M","?","?","$","M","E","?","E","T","R","?","E","?","M","R","BOSS","BOSS","R","$","E","BOSS"],"items_purchased_type":["Relic","Card","Card","Card","Relic"],"build_version":"2020-12-22","purchased_purges":3,"victory":true,"max_hp_per_floor":[75,75,75,75,75,75,75,75,75,75,75,75,75,75,75,75,75,75,75,75,75,75,75,75,75,75,75,75,75,75,75,75,77,77,79,81,81,81,83,83,83,83,83,83,85,87,87,89,89,89,89,89,89,89,91,91],"card_choices":[{"not_picked":["Inflame","Clash","Anger"],"picked":"SKIP","floor":1.0},{"not_picked":["Perfected Strike","Inflame"],"picked":"Shrug It Off","floor":3.0},{"not_picked":["Blood for Blood","Shrug It Off"],"picked":"Twin Strike","floor":7.0},{"not_picked":["Heavy Blade","Perfected Strike"],"picked":"Bludgeon","floor":10.0},{"not_picked":["Rage+1","Twin Strike"],"picked":"Headbutt","floor":12.0},{"not_picked":["Barricade","Bludgeon"],"picked":"Fiend Fire","floor":16.0},{"not_picked":["Pommel Strike","Thunderclap","Havoc+1"],"picked":"SKIP","floor":18.0},{"not_picked":["Body Slam","Heavy Blade","Searing Blow"],"picked":"SKIP","floor":20.0},{"not_picked":["Pummel","Heavy Blade","Carnage"],"picked":"SKIP","floor":23.0},{"not_picked":["Intimidate+1","Sever Soul","Havoc+1"],"picked":"SKIP","floor":25.0},{"not_picked":["Blood for Blood","Headbutt","Evolve"],"picked":"SKIP","floor":29.0},{"not_picked":["Blood for Blood","Body Slam","Anger"],"picked":"SKIP","floor":30.0},{"not_picked":["Blood for Blood","Body Slam","Anger"],"picked":"SKIP","floor":30.0},{"not_picked":["Hemokinesis","Twin Strike","Thunderclap"],"picked":"SKIP","floor":31.0},{"not_picked":["Feed","Immolate","Exhume+1"],"picked":"Singing Bowl","floor":33.0},{"not_picked":["Anger","Wild Strike","Perfected Strike"],"picked":"Singing Bowl","floor":35.0},{"not_picked":["Twin Strike+1","Power Through+1","Pommel Strike"],"picked":"Singing Bowl","floor":36.0},{"not_picked":["Whirlwind","Clash+1","Flex+1"],"picked":"Singing Bowl","floor":39.0},{"not_picked":["Body Slam","Clothesline"],"picked":"Corruption","floor":40.0},{"not_picked":["Warcry+1","Sword Boomerang"],"picked":"Double Tap+1","floor":42.0},{"not_picked":["Clash","Evolve+1","Bloodletting+1"],"picked":"Singing Bowl","floor":45.0},{"not_picked":["Clash+1","Pummel","Reckless Charge"],"picked":"Singing Bowl","floor":46.0},{"not_picked":["True Grit+1","Havoc+1"],"picked":"Feel No Pain","floor":47.0},{"not_picked":["Twin Strike+1","Sword Boomerang","Flex+1"],"picked":"Singing Bowl","floor":48.0},{"not_picked":["Warcry+1","Havoc+1","True Grit+1"],"picked":"Singing Bowl","floor":55.0}],"player_experience":1225046,"relics_obtained":[{"floor":9.0,"key":"Gremlin Horn"},{"floor":10.0,"key":"Toxic Egg 2"},{"floor":19.0,"key":"Red Mask"},{"floor":23.0,"key":"Ice Cream"},{"floor":26.0,"key":"Shovel"},{"floor":28.0,"key":"Dead Branch"},{"floor":31.0,"key":"Potion Belt"},{"floor":32.0,"key":"Singing Bowl"},{"floor":40.0,"key":"Paper Frog"},{"floor":42.0,"key":"MealTicket"},{"floor":44.0,"key":"FossilizedHelix"},{"floor":45.0,"key":"Pocketwatch"},{"floor":46.0,"key":"Shuriken"},{"floor":47.0,"key":"Turnip"},{"floor":53.0,"key":"Bottled Flame"},{"floor":55.0,"key":"Vajra"}],"event_choices":[{"cards_removed":["Strike_R"],"damage_healed":0.0,"max_hp_gain":0.0,"max_hp_loss":0.0,"gold_gain":0.0,"event_name":"Golden Wing","player_choice":"Card Removal","floor":4.0,"gold_loss":0.0,"damage_taken":7.0},{"cards_removed":["Strike_R"],"damage_healed":0.0,"max_hp_gain":0.0,"max_hp_loss":0.0,"gold_gain":0.0,"event_name":"The Cleric","player_choice":"Card Removal","floor":5.0,"gold_loss":75.0,"damage_taken":0.0},{"damage_healed":0.0,"max_hp_gain":0.0,"max_hp_loss":0.0,"gold_gain":0.0,"event_name":"Golden Idol","player_choice":"Take Damage","floor":13.0,"gold_loss":0.0,"damage_taken":26.0,"relics_obtained":["Golden Idol"]},{"damage_healed":0.0,"max_hp_gain":0.0,"max_hp_loss":0.0,"gold_gain":0.0,"event_name":"Match and Keep!","player_choice":"0 cards matched","floor":14.0,"gold_loss":0.0,"damage_taken":0.0,"cards_obtained":[]},{"damage_healed":0.0,"max_hp_gain":0.0,"max_hp_loss":0.0,"gold_gain":0.0,"event_name":"Masked Bandits","player_choice":"Fought Bandits","floor":19.0,"gold_loss":0.0,"damage_taken":0.0},{"damage_healed":0.0,"max_hp_gain":0.0,"max_hp_loss":0.0,"gold_gain":0.0,"event_name":"Vampires","player_choice":"Ignored","floor":21.0,"gold_loss":0.0,"damage_taken":0.0},{"damage_healed":0.0,"max_hp_gain":0.0,"max_hp_loss":0.0,"gold_gain":100.0,"event_name":"The Joust","player_choice":"Bet on Murderer","floor":22.0,"gold_loss":50.0,"damage_taken":0.0},{"cards_removed":["Defend_R"],"damage_healed":0.0,"max_hp_gain":0.0,"max_hp_loss":0.0,"gold_gain":0.0,"event_name":"Falling","player_choice":"Removed Skill","floor":37.0,"gold_loss":0.0,"damage_taken":0.0},{"damage_healed":0.0,"max_hp_gain":0.0,"max_hp_loss":0.0,"gold_gain":222.0,"event_name":"Tomb of Lord Red Mask","player_choice":"Wore Mask","floor":41.0,"gold_loss":0.0,"damage_taken":0.0},{"damage_healed":0.0,"max_hp_gain":0.0,"max_hp_loss":0.0,"gold_gain":0.0,"event_name":"Mysterious Sphere","player_choice":"Fight","floor":45.0,"gold_loss":0.0,"damage_taken":0.0},{"damage_healed":0.0,"max_hp_gain":0.0,"max_hp_loss":0.0,"gold_gain":0.0,"event_name":"MindBloom","player_choice":"Fight","floor":47.0,"gold_loss":0.0,"damage_taken":0.0}],"is_beta":false,"boss_relics":[{"not_picked":["Black Blood","Pandora\u0027s Box"],"picked":"Snecko Eye"},{"not_picked":["Runic Cube","Philosopher\u0027s Stone"],"picked":"Fusion Hammer"}],"items_purged_floors":[27,38,54],"is_endless":false,"potions_floor_spawned":[1,10,16,19,20,31,33,36,39,42,55],"ascension_level":20}}