{"host":"56xwnffi6e9z5l58","time":1613751283,"event":{"mods":["Aspiration","BaseMod","Better Match","Better Note","Better Sensory Stone","BetterRewards","Colored Map","Colored Powertips","Conspire","Downfall","GifTheSpireLib","Hermit","Highlight Path","Hubris","Infinite Spire","Key Reminder","Minty Spire (QoL Compilation)","Permanent Neow","Quick Restart","Rare Cards Sparkle","Replay The Spire","StSLib","Stuff the Spire","SuperFastMode","Unceasing Turn Reminder"],"gold_per_floor":[349,364,19,52,83,118,118,118,118,118,63,63,106,130,152,174,174,174],"floor_reached":16,"language":"ENG","playtime":359,"items_purged":[],"score":127,"play_id":"f522addf-ca36-4a29-b47a-40fec0e0a224","local_time":"20210220001443","is_ascension_mode":false,"campfire_choices":[{"data":"bronze:Replicate","floor":1,"key":"SMITH"},{"data":"bronze:RecursiveStrike","floor":8,"key":"SMITH"},{"floor":10,"key":"REST"},{"data":"bronze:ChosenStrike","floor":12,"key":"SMITH"}],"circlet_count":0,"master_deck":["bronze:Strike","bronze:Strike","bronze:Strike","bronze:Strike","bronze:Defend","bronze:Defend","bronze:Defend","bronze:Defend","bronze:Replicate+1","bronze:Goto","bronze:CutThrough","bronze:Return","bronze:RecursiveStrike+1","bronze:WhirlingStrike","bronze:WhirlingStrike","bronze:Overload","bronze:ChosenStrike+1","bronze:BurnOut","bronze:Repulsor","bronze:Iterate","bronze:Boost","bronze:BronzeArmor"],"relics":["bronze:BronzeCore","Replay:Bandana","Bottled Flame","StuffTheSpire:ForceGauntlet","infinitespire:Lucky Rock"],"acts_visited":["Exordium"],"potions_floor_usage":[],"damage_taken":[{"damage":1,"enemies":"Cultist","floor":2,"turns":3},{"damage":0,"enemies":"downfall:FleeingMerchant","floor":3,"turns":4},{"damage":0,"enemies":"Small Slimes","floor":4,"turns":2},{"damage":3,"enemies":"Jaw Worm","floor":5,"turns":3},{"damage":7,"enemies":"Blue Slaver","floor":6,"turns":2},{"damage":10,"enemies":"downfall:FleeingMerchant","floor":11,"turns":4},{"damage":0,"enemies":"Gremlin Nob","floor":13,"turns":2},{"damage":10,"enemies":"downfall:LooterAlt","floor":14,"turns":2},{"damage":0,"enemies":"2 Fungi Beasts","floor":15,"turns":1},{"damage":27,"enemies":"WA_ARCHETYPE_RETAIN","floor":16,"turns":4}],"seed_played":"-7971370498184502812","potions_obtained":[{"floor":2,"key":"bronze:FreeFunctionsPotion"},{"floor":5,"key":"sneckomod:MuddlingPotion"},{"floor":6,"key":"ColorlessPotion"}],"is_trial":false,"path_per_floor":["R","M","$","M","M","M","T","R","?","R","$","R","E","M","M","B"],"character_chosen":"THE_AUTOMATON","items_purchased":["Replay:Bandana","bronze:RecursiveStrike","bronze:WhirlingStrike","bronze:Repulsor"],"campfire_rested":1,"item_purchase_floors":[3,3,3,11],"current_hp_per_floor":[49,48,48,48,45,38,38,38,26,47,37,37,37,27,27,0,0,0],"gold":174,"neow_bonus":"TWO_FIFTY_GOLD","is_daily":false,"chose_seed":false,"campfire_upgraded":3,"win_rate":0.0,"timestamp":1613751283,"path_taken":["R","M","$","M","M","?","T","R","?","R","$","R","E","M","M","BOSS"],"items_purchased_type":["Relic","Card","Card","Card"],"build_version":"2020-12-22","purchased_purges":0,"victory":false,"max_hp_per_floor":[70,70,70,70,70,70,70,70,70,70,70,70,70,70,70,70,70,70],"card_choices":[{"not_picked":["bronze:Shield","bronze:BitShift"],"picked":"bronze:CutThrough","floor":2},{"not_picked":["bronze:CloningBeam","bronze:BuggyMess"],"picked":"bronze:Return","floor":3},{"not_picked":["bronze:WhirlingStrike","bronze:ClassDefault"],"picked":"bronze:Overload","floor":4},{"not_picked":["bronze:Fortify","bronze:ChildClass"],"picked":"bronze:ChosenStrike","floor":5},{"not_picked":["bronze:ForLoop","bronze:Deprecate","bronze:DelayedSlice"],"picked":"SKIP","floor":6},{"not_picked":["bronze:ChosenStrike","bronze:WildBeam"],"picked":"bronze:BurnOut","floor":11},{"not_picked":["bronze:Return","bronze:Allocate"],"picked":"bronze:Iterate","floor":13},{"not_picked":["bronze:Fortify","bronze:Shield"],"picked":"bronze:Boost","floor":14},{"not_picked":["bronze:WildBeam","bronze:Shell"],"picked":"bronze:BronzeArmor","floor":15}],"player_experience":1047753,"relics_obtained":[{"floor":7,"key":"Bottled Flame"},{"floor":13,"key":"infinitespire:Lucky Rock"}],"event_choices":[{"damage_healed":0,"gold_gain":0,"player_choice":"Success","damage_taken":12,"relics_obtained":["StuffTheSpire:ForceGauntlet"],"max_hp_gain":0,"max_hp_loss":0,"event_name":"Scrap Ooze","floor":9,"gold_loss":0}],"is_beta":false,"boss_relics":[],"items_purged_floors":[],"is_endless":false,"potions_floor_spawned":[2,5,6,15],"killed_by":"WA_ARCHETYPE_RETAIN","ascension_level":0}}