{"host":"yx5rao87132cy5xq","time":1613757042,"event":{"mods":["2.2 Compatiblity","AchievementEnabler","BaseMod","Bestiary","Colored Map","Colored Powertips","Minty Spire (QoL Compilation)","Quick Restart","Relic Stats","Slay-I","SuperFastMode"],"gold_per_floor":[116,136,156,156,156,199,199,218,244,277,289,314,326,378,390,497,509,536,548,574,611,623,623],"floor_reached":22,"language":"ENG","playtime":1265,"items_purged":[],"score":391,"play_id":"00c31af9-4589-45a2-8cdc-4ab20d6cb896","local_time":"20210219185042","is_ascension_mode":true,"campfire_choices":[{"data":"Uppercut","floor":7,"key":"SMITH"},{"floor":11,"key":"REST"},{"data":"Bloodletting","floor":13,"key":"SMITH"},{"floor":15,"key":"REST"}],"circlet_count":0,"master_deck":["AscendersBane","Strike_R","Strike_R+1","Strike_R+1","Strike_R","Strike_R","Defend_R","Defend_R","Defend_R+1","Defend_R+1","Bash","Clothesline+1","Spot Weakness+1","Anger","Uppercut+1","Battle Trance","Demon Form","Bloodletting+1","Wild Strike","Barricade","Flame Barrier+1","Decay","True Grit"],"relics":["Burning Blood","Golden Idol","War Paint","Whetstone","MawBank","PreservedInsect","Cursed Key"],"acts_visited":["Exordium","TheCity"],"potions_floor_usage":[6,6,10,14],"damage_taken":[{"damage":11,"enemies":"Jaw Worm","floor":1,"turns":5},{"damage":7,"enemies":"2 Louse","floor":2,"turns":3},{"damage":7,"enemies":"Small Slimes","floor":3,"turns":3},{"damage":19,"enemies":"Lagavulin","floor":6,"turns":5},{"damage":7,"enemies":"Blue Slaver","floor":8,"turns":3},{"damage":22,"enemies":"Gremlin Nob","floor":10,"turns":4},{"damage":3,"enemies":"3 Louse","floor":12,"turns":2},{"damage":18,"enemies":"Lagavulin","floor":14,"turns":5},{"damage":26,"enemies":"Slime Boss","floor":16,"turns":8},{"damage":40,"enemies":"2 Thieves","floor":18,"turns":5},{"damage":3,"enemies":"Chosen","floor":20,"turns":3},{"damage":23,"enemies":"Snake Plant","floor":21,"turns":2},{"damage":2,"enemies":"Sentry and Sphere","floor":22,"turns":2}],"seed_played":"-5783106056225968323","potions_obtained":[{"floor":1,"key":"Swift Potion"},{"floor":2,"key":"Fire Potion"},{"floor":6,"key":"ElixirPotion"},{"floor":10,"key":"SteroidPotion"},{"floor":16,"key":"CultistPotion"},{"floor":20,"key":"Weak Potion"}],"is_trial":false,"path_per_floor":["M","M","M","?","?","E","R","M","T","E","R","M","R","E","R","B",null,"M","?","M","M","M"],"character_chosen":"IRONCLAD","items_purchased":[],"campfire_rested":2,"item_purchase_floors":[],"current_hp_per_floor":[63,62,61,38,38,25,25,24,24,8,28,31,31,19,39,19,56,22,22,25,8,6,6],"gold":623,"neow_bonus":"THREE_CARDS","is_daily":false,"chose_seed":false,"campfire_upgraded":2,"win_rate":0.0,"timestamp":1613757042,"path_taken":["M","M","M","?","?","E","R","M","T","E","R","M","R","E","R","BOSS","M","?","M","?","M"],"items_purchased_type":[],"build_version":"2020-12-22","purchased_purges":0,"victory":false,"max_hp_per_floor":[75,75,75,75,68,68,68,68,68,68,68,68,68,68,68,68,68,68,68,68,68,68,68],"relic_stats":{"counters":[13,50],"Golden Idol":61,"PreservedInsect":0,"Whetstone":["Clothesline","Strike_R"],"War Paint":["Defend_R","Spot Weakness"],"MawBank":144,"Cursed Key":0,"obtain_stats":[{"Golden Idol":5,"PreservedInsect":14,"Whetstone":9,"War Paint":6,"MawBank":10,"Cursed Key":17,"Burning Blood":0},{"Golden Idol":3,"PreservedInsect":8,"Whetstone":5,"War Paint":4,"MawBank":6,"Cursed Key":9,"Burning Blood":0},{"Golden Idol":11,"PreservedInsect":30,"Whetstone":19,"War Paint":16,"MawBank":23,"Cursed Key":38,"Burning Blood":0}],"Burning Blood":72},"card_choices":[{"not_picked":["Cleave","Shockwave"],"picked":"Clothesline","floor":0},{"not_picked":["Shockwave","Pommel Strike"],"picked":"Spot Weakness","floor":1},{"not_picked":["Armaments","Carnage"],"picked":"Anger","floor":2},{"not_picked":["Bloodletting","Infernal Blade"],"picked":"Uppercut","floor":3},{"not_picked":["Pommel Strike","Hemokinesis"],"picked":"Battle Trance","floor":6},{"not_picked":["Headbutt","True Grit"],"picked":"Demon Form","floor":8},{"not_picked":["Anger","Thunderclap"],"picked":"Bloodletting","floor":10},{"not_picked":["Headbutt","Anger"],"picked":"Wild Strike","floor":12},{"not_picked":["Seeing Red","Sword Boomerang","Clash"],"picked":"SKIP","floor":14},{"not_picked":["Immolate","Demon Form"],"picked":"Barricade","floor":16},{"not_picked":["Spot Weakness","Sword Boomerang"],"picked":"Flame Barrier+1","floor":18},{"not_picked":["Whirlwind","Pummel"],"picked":"True Grit","floor":20},{"not_picked":["Pummel","Hemokinesis","Fire Breathing"],"picked":"SKIP","floor":21}],"player_experience":1053772,"relics_obtained":[{"floor":6,"key":"War Paint"},{"floor":9,"key":"Whetstone"},{"floor":10,"key":"MawBank"},{"floor":14,"key":"PreservedInsect"}],"event_choices":[{"damage_healed":0,"gold_gain":0,"player_choice":"Entered Light","damage_taken":23,"max_hp_gain":0,"max_hp_loss":0,"event_name":"Shining Light","floor":4,"gold_loss":0,"cards_upgraded":["Defend_R","Strike_R"]},{"damage_healed":0,"gold_gain":0,"player_choice":"Lose Max HP","damage_taken":0,"relics_obtained":["Golden Idol"],"max_hp_gain":0,"max_hp_loss":7,"event_name":"Golden Idol","floor":5,"gold_loss":0},{"damage_healed":0,"gold_gain":0,"player_choice":"Cursed","damage_taken":0,"max_hp_gain":0,"max_hp_loss":0,"event_name":"Wheel of Change","floor":19,"gold_loss":0,"cards_obtained":["Decay"]}],"is_beta":false,"boss_relics":[{"not_picked":["Velvet Choker","Black Star"],"picked":"Cursed Key"}],"items_purged_floors":[],"is_endless":false,"potions_floor_spawned":[1,2,6,10,16,20],"killed_by":"Sentry and Sphere","ascension_level":18}}