{"host":"0ke4ewd6kv0tgkyi","time":1613756453,"event":{"mods":["2.2 Compatiblity","A Magickal Journey","Act Like it!","Aspiration","BaseMod","Conspire","Elementarium","Fiend Mod","Gensokyo","Hallownest","JesterMod","Menagerie","Minty Spire (QoL Compilation)","Pale of the Ancients","Permanent Neow","Potionbrewer","Quarter Circle Forward PUNCH!","QueenMod","Reliquary","Shade Mod","Somnambulant","StSLib","The Alterego","The Cursed","The Gatherer","The Judge","The Jungle","The Poker Player","The Senshi"],"gold_per_floor":[118,118,118,133,153,153,173,184,209,239,250,250,250,277,277,277,277],"floor_reached":16,"language":"ENG","playtime":2400,"items_purged":[],"score":112,"play_id":"bca38101-ec65-4ae1-b858-d0c87988dbc5","local_time":"20210219094053","is_ascension_mode":false,"campfire_choices":[{"data":"jesterMod:Leeches","floor":6,"key":"SMITH"},{"floor":12,"key":"REST"},{"floor":15,"key":"REST"}],"circlet_count":0,"master_deck":["jesterMod:Strike","jesterMod:Strike","jesterMod:Strike","jesterMod:Strike","jesterMod:Sickle","jesterMod:Defend","jesterMod:Defend","jesterMod:Defend","jesterMod:Defend","jesterMod:Dodge+1","jesterMod:Leeches+1","jesterMod:BouncingKnife","jesterMod:Exasperation+1","jesterMod:Exasperation+1","jesterMod:Precipitation+1","jesterMod:Precipitation+1","jesterMod:Precipitation+1","jesterMod:Patience","jesterMod:JugglerBlade","jesterMod:JackInTheBox","jesterMod:Patience","jesterMod:DesperateStrike"],"relics":["jesterMod:JesterCap","Frozen Egg 2","Omamori","reliquary:Vitrine","Potion Belt"],"acts_visited":["Exordium"],"potions_floor_usage":[10,10,14,16],"damage_taken":[{"damage":12,"enemies":"Cultist","floor":1,"turns":4},{"damage":13,"enemies":"conspire:RoseBush","floor":4,"turns":6},{"damage":22,"enemies":"Jaw Worm","floor":5,"turns":5},{"damage":15,"enemies":"3 Louse","floor":7,"turns":6},{"damage":11,"enemies":"Large Slime","floor":8,"turns":4},{"damage":30,"enemies":"Lagavulin","floor":10,"turns":9},{"damage":20,"enemies":"Exordium Thugs","floor":11,"turns":3},{"damage":22,"enemies":"Gremlin Nob","floor":14,"turns":5},{"damage":78,"enemies":"Hexaghost","floor":16,"turns":10}],"seed_played":"-1460969449308414345","potions_obtained":[{"floor":4,"key":"DistilledChaos"},{"floor":7,"key":"DistilledChaos"},{"floor":8,"key":"potionbrewer:BarricadePotion"},{"floor":14,"key":"potionbrewer:BlacksmithPotion"}],"is_trial":false,"path_per_floor":["M","?","?","M","M","R","M","M","T","E","M","R","?","E","R","B"],"character_chosen":"THE_JESTER","items_purchased":[],"campfire_rested":2,"item_purchase_floors":[],"current_hp_per_floor":[52,52,45,50,46,46,46,53,53,44,35,56,56,34,55,0,0],"gold":277,"neow_bonus":"THREE_RARE_CARDS","is_daily":false,"chose_seed":false,"campfire_upgraded":1,"win_rate":0.0,"timestamp":1613756453,"path_taken":["M","?","?","M","M","R","M","M","T","E","?","R","?","E","R","BOSS"],"items_purchased_type":[],"build_version":"2020-12-22","purchased_purges":0,"victory":false,"max_hp_per_floor":[70,70,70,70,70,70,70,70,70,70,70,70,70,70,70,70,70],"card_choices":[{"not_picked":["jesterMod:Encore","jesterMod:HedgehogForm"],"picked":"jesterMod:Leeches","floor":0},{"not_picked":["jesterMod:ButterKnife","jesterMod:DesperateStrike"],"picked":"jesterMod:BouncingKnife","floor":1},{"not_picked":["jesterMod:Feint","jesterMod:Hide"],"picked":"jesterMod:Exasperation+1","floor":4},{"not_picked":["jesterMod:DancingMad","jesterMod:Talion"],"picked":"jesterMod:Exasperation+1","floor":5},{"not_picked":["jesterMod:Dilapidation","jesterMod:OblivionStrike"],"picked":"jesterMod:BoilDown","floor":7},{"not_picked":["jesterMod:Feint","jesterMod:FlameDance"],"picked":"jesterMod:Precipitation+1","floor":8},{"not_picked":["jesterMod:Rebuff","jesterMod:ExperimentalTreatment"],"picked":"jesterMod:Precipitation+1","floor":10},{"not_picked":["jesterMod:SelfMockery","jesterMod:Unleash"],"picked":"jesterMod:Precipitation+1","floor":11},{"not_picked":["jesterMod:SelfMockery","jesterMod:Arrythmia+1","jesterMod:Unleash"],"picked":"SKIP","floor":14}],"player_experience":988547,"relics_obtained":[{"floor":9,"key":"Omamori"},{"floor":10,"key":"reliquary:Vitrine"},{"floor":14,"key":"Potion Belt"}],"event_choices":[{"cards_removed":["Injury"],"damage_healed":0,"gold_gain":0,"player_choice":"Card Removal","damage_taken":7,"max_hp_gain":0,"max_hp_loss":0,"event_name":"Golden Wing","floor":3,"gold_loss":0}],"is_beta":false,"boss_relics":[],"items_purged_floors":[],"is_endless":false,"potions_floor_spawned":[4,7,8,14],"killed_by":"Hexaghost","ascension_level":0}}