{"host":"1ycuxm9gov0tl9zf","time":1613776223,"event":{"mods":["AchievementEnabler","Act Like it!","BaseMod","Colored Powertips","Downfall","Gensokyo","GifTheSpireLib","Hallownest","Marisa£®ÏF”Í°°ƒß¿Ì…≥£©","Minty Spire (QoL Compilation)","Quick Restart","Remilia£®¿Ÿ√◊¿Ú—«£©","Replay The Spire","Shop Mod","StSLib","The Administrix","The Animator","The Bug Knight"],"gold_per_floor":[115,135,96,115,125,160,160,179,179,179,197,212,237,268,268,387,387,401,415,458,458,503,503],"floor_reached":22,"language":"ZHS","playtime":1965,"items_purged":[],"score":250,"play_id":"62603e47-25b9-46c1-855b-63b91fc3c4c3","local_time":"20210220071023","is_ascension_mode":false,"campfire_choices":[{"data":"Infinite Blades","floor":7,"key":"SMITH"},{"data":"Caltrops","floor":15,"key":"SMITH"}],"circlet_count":0,"master_deck":["Strike_G","Strike_G","Strike_G","Strike_G","Strike_G","Defend_G","Defend_G","Defend_G","Defend_G","Defend_G","Survivor","Neutralize","Caltrops+1","Acrobatics","Dagger Throw+1","Underhanded Strike","Slice","Infinite Blades+1","Outmaneuver","Prepared","Flying Knee","Quick Slash","Finisher","Adrenaline","Bane","Underhanded Strike","Flying Knee"],"relics":["Coffee Dripper","FossilizedHelix","Golden Idol","Happy Flower","Ring of Chaos","Red Mask","ReplayTheSpireMod:Ring of Challenge"],"acts_visited":["Exordium","TheCity"],"potions_floor_usage":[6,6,14,14],"damage_taken":[{"damage":0,"enemies":"Small Slimes","floor":1,"turns":4},{"damage":0,"enemies":"Jaw Worm","floor":2,"turns":4},{"damage":1,"enemies":"2 Louse","floor":4,"turns":2},{"damage":0,"enemies":"Looter","floor":5,"turns":3},{"damage":0,"enemies":"Gremlin Nob","floor":6,"turns":3},{"damage":0,"enemies":"Exordium Thugs","floor":8,"turns":3},{"damage":0,"enemies":"Red Slaver","floor":11,"turns":2},{"damage":0,"enemies":"Looter","floor":12,"turns":2},{"damage":7,"enemies":"Exordium Wildlife","floor":13,"turns":4},{"damage":0,"enemies":"3 Sentries","floor":14,"turns":6},{"damage":15,"enemies":"Hexaghost","floor":16,"turns":7},{"damage":5,"enemies":"Chosen","floor":18,"turns":4},{"damage":0,"enemies":"Spheric Guardian","floor":19,"turns":3},{"damage":30,"enemies":"Masked Bandits","floor":20,"turns":4},{"damage":39,"enemies":"Snake Plant","floor":22,"turns":5}],"seed_played":"-6538014480314752336","potions_obtained":[{"floor":2,"key":"SkillPotion"},{"floor":4,"key":"Fire Potion"},{"floor":5,"key":"Reflective Coating"},{"floor":8,"key":"SkillPotion"},{"floor":18,"key":"SpeedPotion"}],"is_trial":false,"path_per_floor":["M","M","$","M","M","E","R","M","T","?","M","M","M","E","R","B",null,"M","M","?","?","M"],"character_chosen":"THE_SILENT","items_purchased":["Dagger Throw+1"],"campfire_rested":0,"item_purchase_floors":[3],"current_hp_per_floor":[70,70,70,69,69,69,69,69,69,52,52,52,45,45,45,30,70,65,65,35,35,0,0],"gold":503,"neow_bonus":"BOSS_RELIC","is_daily":false,"chose_seed":false,"campfire_upgraded":2,"win_rate":0.0,"timestamp":1613776223,"path_taken":["M","M","$","M","M","E","R","M","T","?","M","M","M","E","R","BOSS","M","M","?","?","M"],"items_purchased_type":["Card"],"build_version":"2020-12-22","purchased_purges":0,"victory":false,"max_hp_per_floor":[70,70,70,70,70,70,70,70,70,70,70,70,70,70,70,70,70,70,70,70,70,70,70],"card_choices":[{"not_picked":["Dagger Spray","Poisoned Stab"],"picked":"Caltrops","floor":1},{"not_picked":["PiercingWail","Expertise"],"picked":"Acrobatics","floor":2},{"not_picked":["ReplayTheSpireMod:Speed Training","Poisoned Stab"],"picked":"Underhanded Strike","floor":4},{"not_picked":["Bane","Heel Hook"],"picked":"Slice","floor":5},{"not_picked":["Cloak And Dagger","Expertise"],"picked":"Infinite Blades","floor":6},{"not_picked":["Sneak Up","Bouncing Flask"],"picked":"Outmaneuver","floor":8},{"not_picked":["After Image","Draining Mist"],"picked":"Prepared","floor":11},{"not_picked":["Acrobatics","Cloak And Dagger"],"picked":"Flying Knee","floor":12},{"not_picked":["Hidden Blade","Calculated Gamble"],"picked":"Quick Slash","floor":13},{"not_picked":["Choke","Dagger Spray"],"picked":"Finisher","floor":14},{"not_picked":["Storm of Steel","Burst"],"picked":"Adrenaline","floor":16},{"not_picked":["Dagger Spray+1","Quick Slash"],"picked":"Bane","floor":18},{"not_picked":["Deflect","ReplayTheSpireMod:The Works+1"],"picked":"Underhanded Strike","floor":19},{"not_picked":["Draining Mist+1","Sucker Punch+1"],"picked":"Flying Knee","floor":20}],"player_experience":107407,"relics_obtained":[{"floor":6,"key":"FossilizedHelix"},{"floor":14,"key":"Happy Flower"},{"floor":20,"key":"Red Mask"},{"floor":21,"key":"ReplayTheSpireMod:Ring of Challenge"}],"event_choices":[{"damage_healed":0,"gold_gain":0,"player_choice":"Take Damage","damage_taken":17,"relics_obtained":["Golden Idol"],"max_hp_gain":0,"max_hp_loss":0,"event_name":"Golden Idol","floor":10,"gold_loss":0},{"damage_healed":0,"gold_gain":0,"player_choice":"Fought Bandits","damage_taken":0,"max_hp_gain":0,"max_hp_loss":0,"event_name":"Masked Bandits","floor":20,"gold_loss":0}],"is_beta":false,"boss_relics":[{"not_picked":["Snecko Scales","Runic Pyramid"],"picked":"Ring of Chaos"}],"items_purged_floors":[],"is_endless":false,"potions_floor_spawned":[2,4,5,8,18],"killed_by":"Snake Plant","ascension_level":0}}