{"host":"a7js9z8d6aod1ovy","time":1613728482,"event":{"mods":["AchievementEnabler","BaseMod","BetterRewards","Decade(èÝá³Ù¥)","Googly Eyes","Jedi Mod","Minty Spire (QoL Compilation)","Rare Cards Sparkle","SOS£¨ÞÙ÷é?ñýí­£©","Shop Mod","StSLib","SuperFastMode"],"gold_per_floor":[110,110,110,126,175,224,245,219,219,204,204,355,340,376,376,329,329,239,239,13,40,40,40,41,41,41,22,22,22,22],"floor_reached":29,"language":"KOR","playtime":1300,"items_purged":["Defend_Dante","Writhe"],"score":282,"play_id":"b1046224-ca42-4505-afa8-50a2c83a7b87","local_time":"20210219185442","is_ascension_mode":false,"campfire_choices":[{"data":"Swordcombo","floor":15,"key":"SMITH"},{"floor":23,"key":"REST"},{"floor":25,"key":"REST"}],"circlet_count":0,"master_deck":["Attack_a","Attack_a","Attack_b","Shoot","Shoot","Provocation+1","Defend_Dante","Redorb","BeastUppercut","Dash2","LucifercomboA","CoyoteA","VitalstarL","Whiteorb","Swordcombo+1","Gilgamesh","Chargeshoot","Demonreform","Airhike+1","EbonyIvory","Shock","LucifercomboC","Dash2+1","Gunslinger+1","Kick13"],"relics":["SSS","Combocheck","NeowsBlessing","MealTicket","Eternal Feather","jedi:ominousloannote","Sundial","Empty Cage","Lizard Tail","Bird Faced Urn","jedi:purplefairy"],"acts_visited":["Exordium","TheCity"],"potions_floor_usage":[16,16,16,22,24,24,27],"damage_taken":[{"damage":0,"enemies":"Cultist","floor":1,"turns":1},{"damage":0,"enemies":"Small Slimes","floor":4,"turns":1},{"damage":0,"enemies":"Jaw Worm","floor":5,"turns":1},{"damage":50,"enemies":"Lagavulin","floor":6,"turns":8},{"damage":9,"enemies":"Exordium Wildlife","floor":7,"turns":4},{"damage":5,"enemies":"3 Louse","floor":8,"turns":5},{"damage":4,"enemies":"2 Fungi Beasts","floor":10,"turns":3},{"damage":32,"enemies":"3 Sentries","floor":13,"turns":6},{"damage":0,"enemies":"Blue Slaver","floor":14,"turns":3},{"damage":29,"enemies":"Hexaghost","floor":16,"turns":7},{"damage":47,"enemies":"2 Thieves","floor":18,"turns":4},{"damage":28,"enemies":"Chosen","floor":21,"turns":6},{"damage":24,"enemies":"Snake Plant","floor":22,"turns":2},{"damage":61,"enemies":"Sentry and Sphere","floor":24,"turns":7},{"damage":93,"enemies":"Slavers","floor":27,"turns":10},{"damage":41,"enemies":"Snecko","floor":29,"turns":5}],"seed_played":"751095119534113767","potions_obtained":[{"floor":1,"key":"Energy Potion"},{"floor":7,"key":"Swift Potion"},{"floor":10,"key":"Ancient Potion"},{"floor":16,"key":"jedi:StrikingPotion"},{"floor":21,"key":"SkillPotion"},{"floor":22,"key":"FearPotion"},{"floor":24,"key":"Weak Potion"}],"is_trial":false,"path_per_floor":["M","?","?","M","M","E","M","M","T","M","?","$","E","M","R","B",null,"M","?","$","M","M","R","M","R","T","E","$","M"],"character_chosen":"DANTE","items_purchased":["Swordcombo","jedi:ominousloannote","EbonyIvory","Shock"],"campfire_rested":2,"item_purchase_floors":[12,12,20,20],"current_hp_per_floor":[80,85,85,85,85,35,26,41,41,57,40,55,43,43,52,43,85,58,58,73,51,27,64,3,40,40,14,29,0,0],"gold":22,"neow_bonus":"THREE_ENEMY_KILL","is_daily":false,"chose_seed":false,"campfire_upgraded":1,"win_rate":0.0,"timestamp":1613728482,"path_taken":["M","?","?","M","?","E","M","M","T","M","?","$","E","M","R","BOSS","M","?","$","M","M","R","M","R","T","E","$","M"],"items_purchased_type":["Card","Relic","Card","Card"],"build_version":"2020-12-22","purchased_purges":2,"victory":false,"max_hp_per_floor":[80,85,85,85,85,85,85,85,85,85,85,85,85,85,85,85,85,85,85,85,85,85,85,85,85,85,85,85,85,85],"card_choices":[{"not_picked":["Holywater","Dash1"],"picked":"BeastUppercut","floor":1},{"not_picked":["LucifercomboB","Ecstasy"],"picked":"Dash2","floor":4},{"not_picked":["Straight","Dash2"],"picked":"LucifercomboA","floor":5},{"not_picked":["Dash2","DevilstarS"],"picked":"CoyoteA","floor":6},{"not_picked":["LucifercomboA","Chargeshoot2"],"picked":"VitalstarL","floor":7},{"not_picked":["Unrisingdragon","Airhike"],"picked":"Lucifer","floor":8},{"not_picked":["Hightime","Gunslinger"],"picked":"Whiteorb","floor":10},{"not_picked":["Swordcombo","BeastUppercut"],"picked":"Gilgamesh","floor":13},{"not_picked":["Doubleshoot","LucifercomboA"],"picked":"Chargeshoot","floor":14},{"not_picked":["Goldorb","Weaponreturn"],"picked":"Demonreform","floor":16},{"not_picked":["Gunstinger","VitalstarM"],"picked":"Airhike+1","floor":18},{"not_picked":["LucifercomboB","Dash2"],"picked":"LucifercomboC","floor":21},{"not_picked":["VitalstarS","Gunstinger"],"picked":"Dash2+1","floor":22},{"not_picked":["Stinger","Weaponupgrade"],"picked":"Gunslinger+1","floor":24},{"not_picked":["Doubleshoot","Dash1"],"picked":"Kick13","floor":27}],"player_experience":26068,"relics_obtained":[{"floor":6,"key":"MealTicket"},{"floor":9,"key":"Eternal Feather"},{"floor":13,"key":"Sundial"},{"floor":26,"key":"Bird Faced Urn"},{"floor":27,"key":"jedi:purplefairy"}],"event_choices":[{"damage_healed":0,"gold_gain":0,"player_choice":"Donut","damage_taken":0,"max_hp_gain":5,"max_hp_loss":0,"event_name":"Big Fish","floor":2,"gold_loss":0},{"cards_removed":["Defend_Dante"],"damage_healed":0,"gold_gain":0,"player_choice":"Purged","damage_taken":0,"max_hp_gain":0,"max_hp_loss":0,"event_name":"Purifier","floor":3,"gold_loss":0},{"damage_healed":0,"gold_gain":0,"player_choice":"Entered Light","damage_taken":17,"max_hp_gain":0,"max_hp_loss":0,"event_name":"Shining Light","floor":11,"gold_loss":0,"cards_upgraded":["Lucifer","Provocation"]},{"damage_healed":0,"gold_gain":0,"player_choice":"Opened","damage_taken":0,"relics_obtained":["Lizard Tail"],"max_hp_gain":0,"max_hp_loss":0,"event_name":"The Mausoleum","floor":19,"gold_loss":0,"cards_obtained":["Writhe"]}],"is_beta":false,"boss_relics":[{"not_picked":["Black Star","Runic Dome"],"picked":"Empty Cage"}],"items_purged_floors":[12,20],"is_endless":false,"potions_floor_spawned":[1,7,10,13,14,16,21,22,24],"killed_by":"Snecko","ascension_level":0}}