{"host":"lx933ja015x1ub68","time":1613731543,"event":{"mods":["AchievementEnabler","BaseMod","Better Match","Better Third Choice","BetterRewards","Colored Map","Exacting","FTL Soundtrack","Minty Spire (QoL Compilation)","RNG Fix","Shop Mod","StSLib"],"gold_per_floor":[115,115,115,80,105,134,134,162,238,150,150,150,150,180,180,280,280,299,299,299,322,16,16,51,67,67,97,6,6,105,0,0,100,100,111,7,36,113,113,113,142,160,160,186,186,13,26,52,52,52,52,52,13,48,48],"floor_reached":56,"language":"ENG","playtime":3384,"items_purged":["Doubt","Clumsy","Darkness"],"score":1752,"play_id":"02efac64-c234-4f71-afa8-4a1e4304660b","local_time":"20210219214543","is_ascension_mode":true,"campfire_choices":[{"data":"Entrench","floor":7.0,"key":"SMITH"},{"data":"Body Slam","floor":11.0,"key":"SMITH"},{"floor":15.0,"key":"RECALL"},{"data":"Panache","floor":23.0,"key":"SMITH"},{"data":"Apotheosis","floor":32.0,"key":"SMITH"},{"data":"Seeing Red","floor":40.0,"key":"SMITH"},{"data":"Seeing Red","floor":45.0,"key":"SMITH"},{"data":"Metallicize","floor":49.0,"key":"SMITH"},{"data":"Juggernaut","floor":52.0,"key":"SMITH"}],"circlet_count":0,"master_deck":["Strike_R","Strike_R","Strike_R+1","Strike_R","Strike_R","Defend_R","Defend_R","Defend_R","Defend_R","Bash","Entrench+1","Body Slam","Iron Wave","Flash of Steel","Anger","Power Through","Dark Shackles+1","Panache+1","Body Slam+1","Metallicize+1","Good Instincts","Anger","Seeing Red+1","Armaments","Juggernaut+1","Flex","Whirlwind+1","Apotheosis+1","Sucker Punch+1","Backstab+1","Seeing Red+1","Inflame","Pommel Strike+1","BootSequence","Impatience","Judgement","Anger+1","TalkToTheHand+1","Streamline+1","Beam Cell+1","Madness+1","Injury","Anger+1","Body Slam+1","Storm+1"],"relics":["Burning Blood","Art of War","Tiny Chest","Membership Card","MerchantsRug","Charon\u0027s Ashes","Torii","Oddly Smooth Stone","Cauldron","Sling","White Beast Statue","ClockworkSouvenir","Bottled Flame","Molten Egg 2","Juzu Bracelet","Bottled Lightning","PrismaticShard","Paper Frog","Anchor","Vajra","Matryoshka","Centennial Puzzle","Bottled Tornado","Dream Catcher","DollysMirror","Prayer Wheel","Cursed Key","Enchiridion","Kunai","Lantern","Self Forming Clay","Pantograph","Meat on the Bone","Gremlin Horn","Pen Nib","Mark of Pain","Happy Flower","Mercury Hourglass","Blood Vial","Ornamental Fan","Mummified Hand","Omamori","Chemical X","The Courier","Eternal Feather"],"acts_visited":["Exordium","TheCity","TheBeyond","TheEnding"],"potions_floor_usage":[55,55,55],"damage_taken":[{"damage":1.0,"enemies":"Small Slimes","floor":1.0,"turns":3.0},{"damage":0.0,"enemies":"3 Sentries","floor":6.0,"turns":2.0},{"damage":0.0,"enemies":"Lagavulin","floor":8.0,"turns":3.0},{"damage":0.0,"enemies":"Jaw Worm","floor":13.0,"turns":1.0},{"damage":0.0,"enemies":"Gremlin Nob","floor":14.0,"turns":1.0},{"damage":0.0,"enemies":"Hexaghost","floor":16.0,"turns":5.0},{"damage":0.0,"enemies":"2 Thieves","floor":18.0,"turns":3.0},{"damage":0.0,"enemies":"Gremlin Leader","floor":24.0,"turns":5.0},{"damage":1.0,"enemies":"Chosen","floor":25.0,"turns":2.0},{"damage":0.0,"enemies":"Slavers","floor":27.0,"turns":3.0},{"damage":9.0,"enemies":"Collector","floor":33.0,"turns":7.0},{"damage":0.0,"enemies":"3 Shapes","floor":35.0,"turns":1.0},{"damage":1.0,"enemies":"3 Darklings","floor":37.0,"turns":3.0},{"damage":0.0,"enemies":"Giant Head","floor":41.0,"turns":5.0},{"damage":0.0,"enemies":"Transient","floor":42.0,"turns":5.0},{"damage":13.0,"enemies":"Nemesis","floor":44.0,"turns":3.0},{"damage":8.0,"enemies":"4 Shapes","floor":47.0,"turns":2.0},{"damage":0.0,"enemies":"Giant Head","floor":48.0,"turns":5.0},{"damage":23.0,"enemies":"Donu and Deca","floor":50.0,"turns":6.0},{"damage":19.0,"enemies":"Shield and Spear","floor":54.0,"turns":3.0},{"damage":59,"enemies":"The Heart","floor":55,"turns":9}],"seed_played":"-2253111959109210800","potions_obtained":[{"floor":0.0,"key":"Fire Potion"},{"floor":0.0,"key":"SmokeBomb"},{"floor":0.0,"key":"DistilledChaos"},{"floor":0.0,"key":"GamblersBrew"},{"floor":0.0,"key":"SneckoOil"},{"floor":1.0,"key":"BloodPotion"},{"floor":6.0,"key":"ColorlessPotion"},{"floor":8.0,"key":"SkillPotion"},{"floor":14.0,"key":"PowerPotion"},{"floor":16.0,"key":"SteroidPotion"},{"floor":18.0,"key":"Dexterity Potion"},{"floor":24.0,"key":"FearPotion"},{"floor":25.0,"key":"LiquidMemories"},{"floor":27.0,"key":"GamblersBrew"},{"floor":33.0,"key":"Weak Potion"},{"floor":35.0,"key":"Block Potion"},{"floor":37.0,"key":"Dexterity Potion"},{"floor":41.0,"key":"HeartOfIron"},{"floor":42.0,"key":"FearPotion"},{"floor":44.0,"key":"FearPotion"},{"floor":47.0,"key":"PowerPotion"},{"floor":48.0,"key":"PowerPotion"},{"floor":54.0,"key":"LiquidMemories"}],"is_trial":false,"path_per_floor":["M","?","?","?","T","E","R","E","T","$","R","?","M","E","R","B",null,"M","?","?","T","$","R","E","M","T","E","$","?","?","?","R","B",null,"M","$","M","T","?","R","E","M","T","E","R","$","M","E","R","B",null,"R","$","E","B",null],"character_chosen":"IRONCLAD","items_purchased":["Art of War","Tiny Chest","Membership Card","MerchantsRug","Entrench","Body Slam","Iron Wave","Flash of Steel","Charon\u0027s Ashes","Anger","Power Through","Dark Shackles","Panache","Body Slam","Metallicize","Oddly Smooth Stone","Cauldron","Pear","Potion Belt","Sling","Good Instincts","White Beast Statue","ClockworkSouvenir","Anger","Seeing Red","Armaments","Juggernaut","Bottled Flame","Molten Egg 2","Juzu Bracelet","Flex","Whirlwind+1","Bottled Lightning","PrismaticShard","Paper Frog","Apotheosis","Dream Catcher","DollysMirror","Inflame","Lantern","Self Forming Clay","Lee\u0027s Waffle","DuplicationPotion","Fire Potion","Impatience","Happy Flower","Omamori","Body Slam+1","Chemical X","Fruit Juice"],"campfire_rested":0,"item_purchase_floors":[0,0,0,0,0,0,0,0,0,0,0,0,0,0,0,0,0,0,0,0,0,0,0,0,0,0,0,0,0,0,0,0,0,0,0,0,10,10,10,22,22,22,28,28,28,36,46,46,46,53],"current_hp_per_floor":[65,47,47,69,69,75,75,81,81,81,81,81,87,90,90,90,90,90,90,74,74,97,97,97,97,97,97,97,97,97,97,97,94,97,97,97,97,97,97,97,97,97,97,90,90,90,90,97,97,80,97,97,97,89,61],"gold":48,"neow_bonus":"","is_daily":false,"chose_seed":false,"campfire_upgraded":8,"win_rate":0.0,"timestamp":1613731543,"path_taken":["M","?","?","?","?","E","R","E","T","$","R","?","M","E","R","BOSS","M","?","?","?","$","R","E","M","T","E","$","?","?","?","R","BOSS","M","$","M","?","?","R","E","M","T","E","R","$","M","E","R","BOSS","R","$","E","BOSS"],"items_purchased_type":["Relic","Relic","Relic","Relic","Card","Card","Card","Card","Relic","Card","Card","Card","Card","Card","Card","Relic","Relic","Relic","Relic","Relic","Card","Relic","Relic","Card","Card","Card","Card","Relic","Relic","Relic","Card","Card","Relic","Relic","Relic","Card","Relic","Relic","Card","Relic","Relic","Relic","Potion","Potion","Card","Relic","Relic","Card","Relic","Potion"],"build_version":"2020-12-22","purchased_purges":3,"victory":true,"max_hp_per_floor":[90,90,90,90,90,90,90,90,90,90,90,90,90,90,90,90,90,90,90,90,90,97,97,97,97,97,97,97,97,97,97,97,97,97,97,97,97,97,97,97,97,97,97,97,97,97,97,97,97,97,97,97,97,102,102],"card_choices":[{"not_picked":["CutThroughFate+1","Dagger Throw+1"],"picked":"Sucker Punch+1","floor":1.0},{"not_picked":["Consecrate+1","Pray"],"picked":"Backstab+1","floor":6.0},{"not_picked":["Thunder Strike+1","Havoc","Deadly Poison"],"picked":"SKIP","floor":8.0},{"not_picked":["PathToVictory","Purity","Enlightenment"],"picked":"SKIP","floor":14.0},{"not_picked":["InnerPeace","Burning Pact"],"picked":"Pommel Strike+1","floor":18.0},{"not_picked":["Steam+1","Wireheading"],"picked":"BootSequence","floor":18.0},{"not_picked":["Backflip+1","Flex"],"picked":"Darkness","floor":24.0},{"not_picked":["Weave+1","Beam Cell+1","Infinite Blades+1"],"picked":"SKIP","floor":25.0},{"not_picked":["Well Laid Plans","Sword Boomerang+1","Dodge and Roll"],"picked":"SKIP","floor":25.0},{"not_picked":["Burst","Blood for Blood+1","DevaForm"],"picked":"SKIP","floor":27.0},{"not_picked":["Thinking Ahead","Wish"],"picked":"Judgement","floor":33.0},{"not_picked":["Heavy Blade+1","Dark Embrace"],"picked":"Anger+1","floor":35.0},{"not_picked":["CarveReality+1","Hologram+1"],"picked":"TalkToTheHand+1","floor":35.0},{"not_picked":["Clothesline+1","Escape Plan+1"],"picked":"Streamline+1","floor":37.0},{"not_picked":["FlurryOfBlows+1","Wallop+1"],"picked":"Beam Cell+1","floor":37.0},{"not_picked":["Purity","Clothesline+1","JustLucky+1"],"picked":"SKIP","floor":41.0},{"not_picked":["FlyingSleeves+1","Evaluate+1"],"picked":"Madness+1","floor":42.0},{"not_picked":["Iron Wave+1","Sweeping Beam+1","Leap+1"],"picked":"SKIP","floor":42.0},{"not_picked":["Iron Wave+1","Brutality"],"picked":"Anger+1","floor":44.0},{"not_picked":["Beam Cell+1","Enlightenment+1"],"picked":"Storm+1","floor":47.0},{"not_picked":["CutThroughFate+1","Dropkick+1","Well Laid Plans"],"picked":"SKIP","floor":47.0},{"not_picked":["Iron Wave+1","Underhanded Strike+1","Skewer+1"],"picked":"SKIP","floor":48.0},{"not_picked":["Corruption","Escape Plan+1","Deadly Poison"],"picked":"SKIP","floor":54.0}],"player_experience":104033,"relics_obtained":[{"floor":5.0,"key":"Anchor"},{"floor":6.0,"key":"Vajra"},{"floor":8.0,"key":"Matryoshka"},{"floor":9.0,"key":"Centennial Puzzle"},{"floor":9.0,"key":"Bottled Tornado"},{"floor":14.0,"key":"Prayer Wheel"},{"floor":20.0,"key":"Enchiridion"},{"floor":21.0,"key":"Kunai"},{"floor":24.0,"key":"Pantograph"},{"floor":26.0,"key":"Meat on the Bone"},{"floor":27.0,"key":"Gremlin Horn"},{"floor":38.0,"key":"Mercury Hourglass"},{"floor":41.0,"key":"Blood Vial"},{"floor":43.0,"key":"Ornamental Fan"},{"floor":44.0,"key":"Mummified Hand"},{"floor":48.0,"key":"The Courier"},{"floor":54.0,"key":"Eternal Feather"}],"event_choices":[{"damage_healed":65.0,"max_hp_gain":0.0,"max_hp_loss":90.0,"gold_gain":0.0,"event_name":"betterThird:BetterShining","player_choice":"Upgrade","floor":2.0,"gold_loss":0.0,"damage_taken":18.0,"cards_upgraded":["Dark Shackles","Strike_R"]},{"damage_healed":0.0,"max_hp_gain":0.0,"max_hp_loss":0.0,"gold_gain":0.0,"event_name":"Golden Wing","player_choice":"Ignored","floor":3.0,"gold_loss":0.0,"damage_taken":0.0},{"damage_healed":22.0,"max_hp_gain":0.0,"max_hp_loss":0.0,"gold_gain":0.0,"event_name":"The Cleric","player_choice":"Healed","floor":4.0,"gold_loss":35.0,"damage_taken":0.0},{"damage_healed":0.0,"max_hp_gain":0.0,"max_hp_loss":0.0,"gold_gain":0.0,"event_name":"betterThird:BetterSerpent","player_choice":"Ignored","floor":12.0,"gold_loss":0.0,"damage_taken":150.0},{"damage_healed":0.0,"max_hp_gain":0.0,"max_hp_loss":0.0,"gold_gain":0.0,"event_name":"Vampires","player_choice":"Ignored","floor":19.0,"gold_loss":0.0,"damage_taken":0.0},{"damage_healed":0.0,"max_hp_gain":0.0,"max_hp_loss":0.0,"gold_gain":0.0,"event_name":"Cursed Tome","player_choice":"Obtained Book","floor":20.0,"gold_loss":0.0,"damage_taken":16.0},{"damage_healed":0.0,"max_hp_gain":0.0,"max_hp_loss":0.0,"gold_gain":0.0,"event_name":"The Mausoleum","player_choice":"Opened","floor":29.0,"gold_loss":0.0,"damage_taken":0.0,"relics_obtained":["Pen Nib"]},{"damage_healed":0.0,"max_hp_gain":0.0,"max_hp_loss":0.0,"gold_gain":99.0,"event_name":"betterThird:BetterNest","player_choice":"Steal","floor":30.0,"gold_loss":0.0,"damage_taken":0.0},{"damage_healed":0.0,"max_hp_gain":0.0,"max_hp_loss":0.0,"gold_gain":0.0,"event_name":"Masked Bandits","player_choice":"Paid Fearfully","floor":31.0,"gold_loss":105.0,"damage_taken":0.0},{"cards_removed":["Decay"],"damage_healed":0.0,"max_hp_gain":0.0,"max_hp_loss":0.0,"gold_gain":0.0,"event_name":"Fountain of Cleansing","player_choice":"Removed Curses","floor":39.0,"gold_loss":0.0,"damage_taken":0.0}],"is_beta":false,"boss_relics":[{"not_picked":["Tiny House","Velvet Choker"],"picked":"Cursed Key"},{"not_picked":["Philosopher\u0027s Stone","Coffee Dripper"],"picked":"Mark of Pain"}],"items_purged_floors":[22,28,36],"is_endless":false,"potions_floor_spawned":[1,6,8,13,14,16,18,24,25,27,33,35,37,41,42,44,47,48,54],"ascension_level":2}}