{"host":"h49usdrjeju7gyhi","time":1613701529,"event":{"mods":["BaseMod","Colored Map","Minty Spire (QoL Compilation)","Replay The Spire","SOS???????","StSLib"],"gold_per_floor":[160,218,238,188,254,254,304,341,341,396,396,446,396,426,426,560,560,624,683,694,156,204,241,241,219,219,219,211,211,227,215,215,326,326,344,55,55,55,86,132,132,185,232,286,330,389,428,448,448,503,503,503,378,407,407],"floor_reached":56,"language":"ENG","playtime":4148,"items_purged":["Defend_Dante","Defend_Dante","VitalstarL+1"],"score":2149,"play_id":"7b5c57f6-16f8-4b65-9c46-add92c0612e8","local_time":"20210218212529","is_ascension_mode":true,"campfire_choices":[{"data":"Attack_b","floor":6.0,"key":"SMITH"},{"data":"Provocation","floor":11.0,"key":"SMITH"},{"data":"Swordcombo","floor":15.0,"key":"SMITH"},{"data":"Stylechange","floor":24.0,"key":"SMITH"},{"data":"Defend_Dante","floor":27.0,"key":"PURGE"},{"data":"Stinger","floor":32.0,"key":"SMITH"},{"floor":41.0,"key":"RECALL"},{"data":"Rebellion","floor":49,"key":"SMITH"},{"data":"Redorb","floor":52,"key":"PURGE"}],"circlet_count":0,"master_deck":["Attack_a","Attack_a","Attack_b+1","Shoot","Shoot","Provocation+1","Rebellion+1","Royaldefend","Darkslayer","Enemystep","EbonyIvory","Stinger+1","Swordcombo+1","Stylechange+1","Gunslinger","DT","Royaldefend","Royaldefend+1","Pandora","Royalguard+1","Royaldefend+1","Blind+1","Demonreform+1","Royaldefend+1","Airtrick+1"],"relics":["SSS","Combocheck","NeowsBlessing","Peace Pipe","Sundial","Strawberry","Sozu","Toxic Egg 2","TheAbacus","Calipers","Omamori","Torii","Pen Nib","Enchiridion","SlaversCollar","Medical Kit","Molten Egg 2","Bottled Lightning","Juzu Bracelet","InkBottle"],"acts_visited":["Exordium","TheCity","TheBeyond","TheEnding"],"potions_floor_usage":[55],"damage_taken":[{"damage":0.0,"enemies":"Small Slimes","floor":1.0,"turns":1.0},{"damage":0.0,"enemies":"Jaw Worm","floor":2.0,"turns":2.0},{"damage":0.0,"enemies":"2 Louse","floor":3.0,"turns":3.0},{"damage":0.0,"enemies":"Looter","floor":5.0,"turns":4.0},{"damage":0.0,"enemies":"Lagavulin","floor":7.0,"turns":3.0},{"damage":0.0,"enemies":"Blue Slaver","floor":8.0,"turns":4.0},{"damage":0.0,"enemies":"Red Slaver","floor":10.0,"turns":6.0},{"damage":0.0,"enemies":"Large Slime","floor":12.0,"turns":5.0},{"damage":4.0,"enemies":"3 Sentries","floor":14.0,"turns":4.0},{"damage":0.0,"enemies":"Slime Boss","floor":16.0,"turns":7.0},{"damage":0.0,"enemies":"Spheric Guardian","floor":18.0,"turns":3.0},{"damage":0.0,"enemies":"3 Byrds","floor":19.0,"turns":3.0},{"damage":1.0,"enemies":"Snake Plant","floor":20.0,"turns":2.0},{"damage":0.0,"enemies":"Snecko","floor":22.0,"turns":3.0},{"damage":2.0,"enemies":"Gremlin Leader","floor":23.0,"turns":3.0},{"damage":16.0,"enemies":"Slavers","floor":25.0,"turns":3.0},{"damage":0.0,"enemies":"Gremlin Leader","floor":28.0,"turns":3.0},{"damage":0.0,"enemies":"Centurion and Healer","floor":30.0,"turns":1.0},{"damage":0.0,"enemies":"Sentry and Sphere","floor":31.0,"turns":2.0},{"damage":0.0,"enemies":"Automaton","floor":33.0,"turns":3.0},{"damage":4.0,"enemies":"3 Shapes","floor":35.0,"turns":1.0},{"damage":1.0,"enemies":"3 Darklings","floor":39.0,"turns":2.0},{"damage":0.0,"enemies":"Reptomancer","floor":40.0,"turns":3.0},{"damage":0.0,"enemies":"Nemesis","floor":42.0,"turns":3.0},{"damage":0.0,"enemies":"Sphere and 2 Shapes","floor":44.0,"turns":4.0},{"damage":0.0,"enemies":"Reptomancer","floor":45.0,"turns":3.0},{"damage":0,"enemies":"Maw","floor":46,"turns":3},{"damage":0,"enemies":"Transient","floor":47,"turns":5},{"damage":0,"enemies":"Jaw Worm Horde","floor":48,"turns":2},{"damage":0,"enemies":"Awakened One","floor":50,"turns":4},{"damage":0,"enemies":"Shield and Spear","floor":54,"turns":3},{"damage":45,"enemies":"The Heart","floor":55,"turns":4}],"seed_played":"-1654726119948485931","potions_obtained":[{"floor":2.0,"key":"Fire Potion"},{"floor":10.0,"key":"CultistPotion"},{"floor":14.0,"key":"Fruit Juice"}],"is_trial":false,"path_per_floor":["M","M","M","$","M","R","E","M","T","M","R","M","?","E","R","B",null,"M","M","M","$","M","E","R","E","T","R","E","?","M","M","R","B",null,"M","$","?","$","M","E","R","E","T","M","E","M","M","M","R","B",null,"R","$","E","B",null],"character_chosen":"DANTE","items_purchased":["Block Potion","Royaldefend","Toxic Egg 2","TheAbacus","Royaldefend+1","Medical Kit"],"campfire_rested":0,"item_purchase_floors":[4,21,21,21,36,36],"current_hp_per_floor":[72,72,72,72,72,72,72,72,72,72,72,72,72,75,75,80,89,89,89,88,88,88,86,86,90,90,90,92,76,76,92,92,92,92,88,88,88,88,87,87,87,87,87,87,87,92,92,92,92,92,92,92,92,92,56],"gold":407,"neow_bonus":"THREE_ENEMY_KILL","is_daily":false,"chose_seed":false,"campfire_upgraded":6,"win_rate":0.0,"timestamp":1613701529,"path_taken":["M","M","M","$","M","R","E","M","T","M","R","M","?","E","R","BOSS","M","M","M","$","M","E","R","E","T","R","E","?","M","M","R","BOSS","M","$","?","?","M","E","R","E","T","M","E","M","M","M","R","BOSS","R","$","E","BOSS"],"items_purchased_type":["Potion","Card","Relic","Relic","Card","Relic"],"build_version":"2020-12-22","purchased_purges":3,"victory":true,"max_hp_per_floor":[80,80,80,80,80,80,80,80,80,80,80,80,80,87,87,92,92,92,92,92,92,92,92,92,92,92,92,92,92,92,92,92,92,92,92,92,92,92,92,92,92,92,92,92,92,92,92,92,92,92,92,92,92,92,92],"card_choices":[{"not_picked":["LucifercomboB","BeastUppercut","Millionkick"],"picked":"SKIP","floor":1.0},{"not_picked":["Shock","LucifercomboA"],"picked":"Rebellion","floor":2.0},{"not_picked":["Weaponupgrade","SSScard"],"picked":"Royaldefend","floor":3.0},{"not_picked":["Millionstab","LucifercomboB"],"picked":"Darkslayer","floor":5.0},{"not_picked":["VitalstarS","Airhike"],"picked":"Enemystep","floor":7.0},{"not_picked":["Fullhouse","Weaponchange"],"picked":"EbonyIvory","floor":8.0},{"not_picked":["LucifercomboB","LucifercomboC","Weaponupgrade"],"picked":"SKIP","floor":10.0},{"not_picked":["Unrisingdragon","Honeycombofire"],"picked":"Stinger","floor":12.0},{"not_picked":["EbonyIvory","Doubleshoot"],"picked":"Swordcombo","floor":14.0},{"not_picked":["Blueorb","Darkslayer"],"picked":"Stylechange","floor":16.0},{"not_picked":["VitalstarS","Kick13+1","CoyoteA"],"picked":"SKIP","floor":18.0},{"not_picked":["Kick13","LucifercomboB"],"picked":"Gunslinger","floor":19.0},{"not_picked":["Weaponupgrade+1","VitalstarS"],"picked":"DT","floor":20.0},{"not_picked":["Lucifer","Rebellion","Whiteorb+1"],"picked":"SKIP","floor":22.0},{"not_picked":["Weaponupgrade+1","DevilstarS+1"],"picked":"VitalstarL+1","floor":23.0},{"not_picked":["Stinger+1","Holywater+1"],"picked":"Royaldefend+1","floor":25.0},{"not_picked":["VitalstarM+1","Lucifer","Stylechange+1"],"picked":"SKIP","floor":28.0},{"not_picked":["Chargeshoot+1","Rebellion"],"picked":"Pandora","floor":30.0},{"not_picked":["Millionkick","Kick13","GilgameshcomboA+1"],"picked":"SKIP","floor":31.0},{"not_picked":["Stylechange+1","Goldorb+1"],"picked":"Royalguard+1","floor":33.0},{"not_picked":["CoyoteA+1","Weaponchange+1","BeastUppercut+1"],"picked":"SKIP","floor":35.0},{"not_picked":["Mayhem","Thinking Ahead+1"],"picked":"Blind+1","floor":37.0},{"not_picked":["Weaponchange+1","Millionkick","LucifercomboC"],"picked":"SKIP","floor":39.0},{"not_picked":["Gilgamesh+1","CoyoteA","Fullhouse+1"],"picked":"SKIP","floor":40.0},{"not_picked":["LucifercomboA+1","Gilgamesh","Greenorb+1"],"picked":"SKIP","floor":42.0},{"not_picked":["Weaponchange+1","LucifercomboA+1","Weaponupgrade+1"],"picked":"SKIP","floor":44.0},{"not_picked":["DT+1","Holywater+1"],"picked":"Demonreform+1","floor":45.0},{"not_picked":["Straight+1","Lucifer+1","Whiteorb+1"],"picked":"SKIP","floor":46},{"not_picked":["Stinger+1","LucifercomboB+1"],"picked":"Royaldefend+1","floor":47},{"not_picked":["Ecstasy+1","Splesh+1","BeastUppercut+1"],"picked":"SKIP","floor":48},{"not_picked":["Dash2+1","Airhike+1"],"picked":"Airtrick+1","floor":54}],"player_experience":1150234,"relics_obtained":[{"floor":7.0,"key":"Peace Pipe"},{"floor":9.0,"key":"Sundial"},{"floor":14.0,"key":"Strawberry"},{"floor":23.0,"key":"Calipers"},{"floor":25.0,"key":"Omamori"},{"floor":26.0,"key":"Torii"},{"floor":28.0,"key":"Pen Nib"},{"floor":29.0,"key":"Enchiridion"},{"floor":40.0,"key":"Molten Egg 2"},{"floor":42.0,"key":"Bottled Lightning"},{"floor":45.0,"key":"Juzu Bracelet"},{"floor":54,"key":"InkBottle"}],"event_choices":[{"cards_removed":["Defend_Dante"],"damage_healed":0.0,"max_hp_gain":0.0,"max_hp_loss":0.0,"gold_gain":0.0,"event_name":"The Cleric","player_choice":"Card Removal","floor":13.0,"gold_loss":50.0,"damage_taken":0.0},{"damage_healed":0.0,"max_hp_gain":0.0,"max_hp_loss":0.0,"gold_gain":0.0,"event_name":"Cursed Tome","player_choice":"Obtained Book","floor":29.0,"gold_loss":0.0,"damage_taken":16.0},{"damage_healed":0.0,"max_hp_gain":0.0,"max_hp_loss":0.0,"gold_gain":0.0,"event_name":"SensoryStone","player_choice":"Memory 1","floor":37.0,"gold_loss":0.0,"damage_taken":0.0}],"is_beta":false,"boss_relics":[{"not_picked":["Black Star","Busted Crown"],"picked":"Sozu"},{"not_picked":["Snecko Eye","Cursed Key"],"picked":"SlaversCollar"}],"items_purged_floors":[21,36,53],"is_endless":false,"potions_floor_spawned":[2,10,12,14,22,23,25,28,30,39,42,44,45,48],"ascension_level":7}}