{"host":"tj5b4ndtwgv8r84u","time":1613721434,"event":{"mods":["2.2 Compatiblity","AchievementEnabler","Act Like it!","Aspiration","BaseMod","Better Note","Colored Map","Conspire","Downfall","GifTheSpireLib","Hallownest","Hermit","Infinite Spire","Minty Spire (QoL Compilation)","Rare Cards Sparkle","Relic Stats","Replay The Spire","Shop Mod","StSLib","The Bug Knight","The Cursed","The Hierophant","The Marked","The Servant 0.9.4"],"gold_per_floor":[112,112,128,128,140,174,174,193,217,217,14,24,40,57,57,57,57],"floor_reached":16,"language":"ENG","playtime":1131,"items_purged":[],"score":104,"play_id":"2247a185-f979-4c5c-8281-64dbcbb91b6f","local_time":"20210219025714","is_ascension_mode":false,"campfire_choices":[{"data":"HollowMod:SoulEater","floor":7,"key":"SMITH"},{"floor":10,"key":"REST"},{"floor":15,"key":"REST"}],"circlet_count":0,"master_deck":["HollowMod:NailStrikeStart","HollowMod:NailStrikeStart","HollowMod:NailStrikeStart","HollowMod:QuickDashStart","HollowMod:QuickDashStart","HollowMod:FocusHealStart","HollowMod:PogoStrike","HollowMod:MantisMark","ReplayTheSpireMod:Exploit Weakness","Eviscerate","Concentrate","HollowMod:DesolateDive","HollowMod:SoulEater+1","HollowMod:SoulMaster","HollowMod:GreatSlash","HollowMod:ChannelNail","HollowMod:DashSlash","HollowMod:GoodIntentions","HollowMod:DungDefenderAura"],"relics":["HollowMod:VesselMask","aspiration:Nostalgia","Ring of the Snake","conspire:TopHat","Potion Belt","Replay:Baseball"],"acts_visited":["Hallownest:Greenpath"],"potions_floor_usage":[16,16,16],"damage_taken":[{"damage":3,"enemies":"Hallownest:2_Baldur","floor":1,"turns":4},{"damage":3,"enemies":"Hallownest:2_MossCreeps","floor":3,"turns":3},{"damage":4,"enemies":"Hallownest:monsterHuskGuard","floor":5,"turns":3},{"damage":28,"enemies":"Hallownest:eliteCrystalGuardian","floor":6,"turns":5},{"damage":20,"enemies":"Hallownest:1_Baldur_1_Crawlid_1_Warrior","floor":8,"turns":5},{"damage":6,"enemies":"Hallownest:monsterMossCharger","floor":12,"turns":4},{"damage":28,"enemies":"Hallownest:monsterFoolEater","floor":13,"turns":5},{"damage":21,"enemies":"Hallownest:MossCreep_and_Mosskin","floor":14,"turns":5},{"damage":18,"enemies":"Hallownest:BossFalseKnight","floor":16,"turns":6}],"seed_played":"6480425680437820009","potions_obtained":[{"floor":1,"key":"Ancient Potion"},{"floor":5,"key":"champ:CounterPotion"},{"floor":6,"key":"Elixir"},{"floor":14,"key":"FearPotion"}],"is_trial":false,"path_per_floor":["M","?","M","?","M","E","R","M","T","R","$","M","M","M","R","B"],"character_chosen":"THE_BUGKNIGHT","items_purchased":["HollowMod:ChannelNail","Replay:Baseball"],"campfire_rested":2,"item_purchase_floors":[11,11],"current_hp_per_floor":[75,75,75,65,61,39,39,25,25,47,47,41,19,8,30,18,18],"gold":57,"neow_bonus":"NOSTALGIA","is_daily":false,"chose_seed":false,"campfire_upgraded":1,"win_rate":0.0,"timestamp":1613721434,"path_taken":["M","?","?","?","M","E","R","M","T","R","$","?","M","M","R","BOSS"],"items_purchased_type":["Card","Relic"],"build_version":"2020-12-22","purchased_purges":0,"victory":false,"max_hp_per_floor":[75,75,75,75,75,75,75,75,75,75,75,75,75,75,75,75,75],"relic_stats":{"counters":[9,40],"obtain_stats":[{"Potion Belt":9,"Replay:Baseball":11,"aspiration:Nostalgia":0,"HollowMod:VesselMask":0,"conspire:TopHat":6,"Ring of the Snake":0},{"Potion Belt":5,"Replay:Baseball":5,"aspiration:Nostalgia":0,"HollowMod:VesselMask":0,"conspire:TopHat":4,"Ring of the Snake":0},{"Potion Belt":20,"Replay:Baseball":20,"aspiration:Nostalgia":0,"HollowMod:VesselMask":0,"conspire:TopHat":15,"Ring of the Snake":0}],"Ring of the Snake":[18]},"card_choices":[{"not_picked":["HollowMod:FastStrike","HollowMod:DoubleDash"],"picked":"HollowMod:MantisMark","floor":1},{"not_picked":["HollowMod:MantisMark","HollowMod:ShadowDash"],"picked":"HollowMod:DesolateDive","floor":3},{"not_picked":["HollowMod:VengefulSpirit","HollowMod:QuirrelsAssistance"],"picked":"HollowMod:SoulEater","floor":5},{"not_picked":["HollowMod:HowlingWraiths","HollowMod:AbyssShriek"],"picked":"HollowMod:SoulMaster","floor":6},{"not_picked":["HollowMod:SoulEater","HollowMod:SoulSplash"],"picked":"HollowMod:GreatSlash","floor":8},{"not_picked":["HollowMod:NewGlowingWomb","HollowMod:MothsMistake"],"picked":"HollowMod:DashSlash","floor":12},{"not_picked":["HollowMod:MothsMistake","HollowMod:CoiledNail"],"picked":"HollowMod:GoodIntentions","floor":13},{"not_picked":["HollowMod:DreamGate","HollowMod:InfectedCysts"],"picked":"HollowMod:DungDefenderAura","floor":14}],"player_experience":47418,"relics_obtained":[{"floor":6,"key":"conspire:TopHat"},{"floor":9,"key":"Potion Belt"}],"event_choices":[],"is_beta":false,"boss_relics":[],"items_purged_floors":[],"is_endless":false,"potions_floor_spawned":[1,5,6,14],"killed_by":"Hallownest:BossFalseKnight","ascension_level":0}}