{"host":"kp5m5tbwfn2imaek","time":1613750361,"event":{"mods":["AchievementEnabler","BaseMod","Bestiary","Minty Spire (QoL Compilation)","Relic Stats"],"gold_per_floor":[110,110,120,136,154,154,181,181,231,231,250,250,260,290,290,362,362,372,384,384,224,239,239,274,274,329,329,347,347,358,358,358],"floor_reached":31,"language":"ENG","playtime":1467,"items_purged":["Pain"],"score":521,"play_id":"1bc590f2-ed12-49a5-b446-306193e38edc","local_time":"20210219105921","is_ascension_mode":true,"campfire_choices":[{"data":"Sunder","floor":6.0,"key":"SMITH"},{"data":"Defragment","floor":8.0,"key":"SMITH"},{"data":"Fusion","floor":10.0,"key":"SMITH"},{"data":"Capacitor","floor":12.0,"key":"SMITH"},{"data":"Creative AI","floor":15.0,"key":"SMITH"},{"data":"Hologram","floor":23,"key":"SMITH"},{"data":"Defragment","floor":25,"key":"SMITH"},{"data":"Coolheaded","floor":27,"key":"SMITH"}],"circlet_count":0,"master_deck":["AscendersBane","Defend_B","Defend_B","Defend_B","Defend_B","Zap","Dualcast","Sunder+1","Defragment+1","Fusion+1","Coolheaded+1","Redo","Capacitor+1","Ball Lightning","Creative AI+1","Meteor Strike","Defragment+1","Auto Shields+1","Bite+1","Bite","Bite","Bite+1","Bite","Hologram+1","Self Repair","Compile Driver","Recycle"],"relics":["SacredBark","WarpedTongs","Pear","Oddly Smooth Stone","Happy Flower","Coffee Dripper","Smiling Mask","Whetstone"],"acts_visited":["Exordium","TheCity"],"potions_floor_usage":[24,24,31],"damage_taken":[{"damage":1.0,"enemies":"2 Louse","floor":1.0,"turns":5.0},{"damage":2.0,"enemies":"Cultist","floor":3.0,"turns":3.0},{"damage":4.0,"enemies":"Small Slimes","floor":4.0,"turns":3.0},{"damage":23.0,"enemies":"Looter","floor":5.0,"turns":4.0},{"damage":0.0,"enemies":"3 Sentries","floor":7.0,"turns":4.0},{"damage":5.0,"enemies":"Exordium Thugs","floor":11.0,"turns":5.0},{"damage":7.0,"enemies":"2 Fungi Beasts","floor":13.0,"turns":4.0},{"damage":4.0,"enemies":"Lagavulin","floor":14.0,"turns":6.0},{"damage":15.0,"enemies":"Hexaghost","floor":16.0,"turns":8.0},{"damage":19.0,"enemies":"3 Byrds","floor":18.0,"turns":6.0},{"damage":24.0,"enemies":"Spheric Guardian","floor":19.0,"turns":4.0},{"damage":15,"enemies":"Centurion and Healer","floor":22,"turns":8},{"damage":35,"enemies":"Book of Stabbing","floor":24,"turns":6},{"damage":4,"enemies":"Sentry and Sphere","floor":28,"turns":12},{"damage":29,"enemies":"Snake Plant","floor":30,"turns":5},{"damage":60,"enemies":"Gremlin Leader","floor":31,"turns":4}],"seed_played":"-1169398791736676449","potions_obtained":[{"floor":1.0,"key":"Explosive Potion"},{"floor":4.0,"key":"SteroidPotion"},{"floor":5.0,"key":"EssenceOfDarkness"},{"floor":7.0,"key":"EssenceOfSteel"},{"floor":18.0,"key":"AttackPotion"},{"floor":28,"key":"Energy Potion"}],"is_trial":false,"path_per_floor":["M","?","M","M","M","R","E","R","T","R","M","R","M","E","R","B",null,"M","M","?","$","M","R","E","R","T","R","M","?","M","E"],"character_chosen":"DEFECT","items_purchased":["Hologram","Self Repair"],"campfire_rested":0,"item_purchase_floors":[21,21],"current_hp_per_floor":[63,63,61,57,34,34,44,44,44,44,39,39,32,28,28,13,64,45,21,21,21,32,32,24,24,24,24,56,47,35,0,0],"gold":358,"neow_bonus":"BOSS_RELIC","is_daily":false,"chose_seed":false,"campfire_upgraded":8,"win_rate":0.0,"timestamp":1613750361,"path_taken":["M","?","?","M","M","R","E","R","T","R","M","R","M","E","R","BOSS","M","M","?","$","M","R","E","R","T","R","M","?","M","E"],"items_purchased_type":["Card","Card"],"build_version":"2020-12-22","purchased_purges":1,"victory":false,"max_hp_per_floor":[71,71,71,71,71,71,81,81,81,81,81,81,81,81,81,81,81,81,81,56,56,56,56,56,56,56,56,56,61,61,61,61],"relic_stats":{"Happy Flower":[17],"counters":[16,87],"Whetstone":["Bite","Bite"],"Smiling Mask":0,"obtain_stats":[{"Pear":7,"Happy Flower":14,"SacredBark":0,"Oddly Smooth Stone":9,"Coffee Dripper":17,"Whetstone":26,"Cracked Core":0,"Smiling Mask":24,"WarpedTongs":2},{"Pear":5,"Happy Flower":8,"SacredBark":0,"Oddly Smooth Stone":5,"Coffee Dripper":9,"Whetstone":13,"Cracked Core":0,"Smiling Mask":13,"WarpedTongs":1},{"Pear":19,"Happy Flower":34,"SacredBark":0,"Oddly Smooth Stone":19,"Coffee Dripper":42,"Whetstone":66,"Cracked Core":0,"Smiling Mask":66,"WarpedTongs":5}],"WarpedTongs":[82]},"card_choices":[{"not_picked":["Sweeping Beam","Recycle"],"picked":"Sunder","floor":1.0},{"not_picked":["Turbo","Melter"],"picked":"Defragment","floor":3.0},{"not_picked":["Streamline","Conserve Battery"],"picked":"Fusion","floor":4.0},{"not_picked":["Tempest","Chaos"],"picked":"Coolheaded","floor":5.0},{"not_picked":["Steam","Storm"],"picked":"Redo","floor":7.0},{"not_picked":["Stack","Go for the Eyes"],"picked":"Capacitor","floor":11.0},{"not_picked":["Barrage","Cold Snap"],"picked":"Ball Lightning","floor":13.0},{"not_picked":["Tempest","Force Field"],"picked":"Creative AI","floor":14.0},{"not_picked":["Reboot","Buffer"],"picked":"Meteor Strike","floor":16.0},{"not_picked":["Compile Driver","Go for the Eyes"],"picked":"Defragment","floor":18.0},{"not_picked":["Streamline+1","Rip and Tear"],"picked":"Auto Shields+1","floor":19.0},{"not_picked":["Auto Shields","Stack"],"picked":"Compile Driver","floor":22},{"not_picked":["Stack","Reboot","Lockon"],"picked":"SKIP","floor":24},{"not_picked":["Ball Lightning","Steam","Barrage"],"picked":"SKIP","floor":28},{"not_picked":["Stack","Force Field"],"picked":"Recycle","floor":30}],"player_experience":756910,"relics_obtained":[{"floor":7.0,"key":"Pear"},{"floor":9.0,"key":"Oddly Smooth Stone"},{"floor":14.0,"key":"Happy Flower"},{"floor":24,"key":"Smiling Mask"},{"floor":26,"key":"Whetstone"}],"event_choices":[{"damage_healed":0.0,"max_hp_gain":0.0,"max_hp_loss":0.0,"gold_gain":0.0,"event_name":"Accursed Blacksmith","player_choice":"Rummage","floor":2.0,"gold_loss":0.0,"damage_taken":0.0,"relics_obtained":["WarpedTongs"],"cards_obtained":["Pain"]},{"damage_healed":0.0,"max_hp_gain":0.0,"max_hp_loss":25.0,"gold_gain":0.0,"event_name":"Vampires","player_choice":"Became a vampire","floor":20.0,"gold_loss":0.0,"damage_taken":0.0,"cards_obtained":["Bite","Bite","Bite","Bite","Bite"]},{"damage_healed":0,"gold_gain":0,"player_choice":"Shed Blood","damage_taken":14,"max_hp_gain":5,"max_hp_loss":0,"event_name":"Forgotten Altar","floor":29,"gold_loss":0}],"is_beta":false,"boss_relics":[{"not_picked":["Runic Dome","Empty Cage"],"picked":"Coffee Dripper"}],"items_purged_floors":[21],"is_endless":false,"potions_floor_spawned":[1,4,5,7,18,19,28],"killed_by":"Gremlin Leader","ascension_level":14}}