{"host":"6ggzka4dag2kvku2","time":1613719580,"event":{"mods":["AchievementEnabler","BaseMod","DeckTracker","Minty Spire (QoL Compilation)","Permanent Neow","Quick Restart","SuperFastMode"],"gold_per_floor":[116,135,151,171,184,184,210,220,243,243,273,152,327,327,327,427,427,446,446,211,225,236,270,270,280,305,323,352,352,65,84,84,188,188,205,223,236,236,285,285,313,325,385,432,457,503,540,571,583,595,595],"floor_reached":50,"language":"KOR","playtime":2828,"items_purged":["Writhe","Strike_B"],"score":744,"play_id":"5bbfc17e-fff9-4936-8997-645d9b89e936","local_time":"20210219162620","is_ascension_mode":true,"campfire_choices":[{"data":"Apotheosis","floor":6,"key":"SMITH"},{"data":"Genetic Algorithm","floor":10,"key":"SMITH"},{"floor":15,"key":"REST"},{"floor":24,"key":"RECALL"},{"floor":32,"key":"REST"},{"floor":40,"key":"REST"},{"data":"1","floor":42,"key":"LIFT"},{"data":"2","floor":49,"key":"LIFT"}],"circlet_count":0,"master_deck":["Strike_B","Strike_B","Strike_B","Defend_B","Defend_B","Defend_B+1","Defend_B","Zap","Dualcast","Apotheosis+1","Streamline","Melter","Beam Cell","Redo","Conserve Battery","Lockon","Genetic Algorithm+1","Reboot","Coolheaded","Core Surge","Darkness","Skim+1","Flash of Steel","Aggregate+1","White Noise","Conserve Battery+1","Sweeping Beam","Ball Lightning+1","Chill","Reboot","Loop+1","Hologram+1","Secret Technique","Tempest+1","Fission","Chaos","Machine Learning"],"relics":["Cracked Core","MealTicket","Bag of Preparation","Fusion Hammer","NlothsMask","Bronze Scales","Pen Nib","Nloth\u0027s Gift","Dead Branch","Black Star","Thread and Needle","Girya","MawBank","CeramicFish","War Paint","Emotion Chip","StoneCalendar","Anchor"],"acts_visited":["Exordium","TheCity","TheBeyond"],"potions_floor_usage":[7,8,22,37,37,39,50,50,50,50],"damage_taken":[{"damage":8,"enemies":"Jaw Worm","floor":1,"turns":3},{"damage":2,"enemies":"Small Slimes","floor":2,"turns":3},{"damage":0,"enemies":"2 Louse","floor":3,"turns":2},{"damage":13,"enemies":"Lots of Slimes","floor":4,"turns":4},{"damage":5,"enemies":"3 Louse","floor":5,"turns":2},{"damage":11,"enemies":"Lagavulin","floor":7,"turns":5},{"damage":9,"enemies":"Gremlin Gang","floor":8,"turns":3},{"damage":18,"enemies":"3 Sentries","floor":11,"turns":4},{"damage":10,"enemies":"Slime Boss","floor":16,"turns":6},{"damage":0,"enemies":"Spheric Guardian","floor":18,"turns":3},{"damage":0,"enemies":"Chosen","floor":21,"turns":3},{"damage":8,"enemies":"Shelled Parasite and Fungi","floor":22,"turns":5},{"damage":3,"enemies":"Book of Stabbing","floor":23,"turns":4},{"damage":14,"enemies":"Snecko","floor":25,"turns":5},{"damage":0,"enemies":"3 Cultists","floor":27,"turns":4},{"damage":13,"enemies":"Gremlin Leader","floor":28,"turns":5},{"damage":2,"enemies":"Shelled Parasite and Fungi","floor":31,"turns":4},{"damage":25,"enemies":"Champ","floor":33,"turns":8},{"damage":2,"enemies":"Orb Walker","floor":35,"turns":3},{"damage":0,"enemies":"3 Darklings","floor":36,"turns":5},{"damage":31,"enemies":"Jaw Worm Horde","floor":37,"turns":6},{"damage":15,"enemies":"2 Orb Walkers","floor":39,"turns":3},{"damage":0,"enemies":"Giant Head","floor":41,"turns":6},{"damage":5,"enemies":"Reptomancer","floor":44,"turns":4},{"damage":0,"enemies":"4 Shapes","floor":45,"turns":3},{"damage":0,"enemies":"Giant Head","floor":46,"turns":3},{"damage":0,"enemies":"Sphere and 2 Shapes","floor":47,"turns":2},{"damage":0,"enemies":"Jaw Worm Horde","floor":48,"turns":1},{"damage":68,"enemies":"Time Eater","floor":50,"turns":8}],"seed_played":"9207533884759854877","potions_obtained":[{"floor":2,"key":"BlessingOfTheForge"},{"floor":4,"key":"AttackPotion"},{"floor":5,"key":"SkillPotion"},{"floor":7,"key":"Dexterity Potion"},{"floor":16,"key":"AttackPotion"},{"floor":18,"key":"Regen Potion"},{"floor":25,"key":"FocusPotion"},{"floor":27,"key":"SteroidPotion"},{"floor":36,"key":"Dexterity Potion"},{"floor":37,"key":"LiquidMemories"},{"floor":45,"key":"PotionOfCapacity"},{"floor":46,"key":"SmokeBomb"},{"floor":47,"key":"FocusPotion"}],"is_trial":false,"path_per_floor":["M","M","M","M","M","R","E","M","T","R","E","$","?","?","R","B",null,"M","?","$","M","M","E","R","M","T","M","E","?","$","M","R","B",null,"M","M","M","?","?","R","E","R","T","E","M","E","M","M","R","B"],"character_chosen":"DEFECT","items_purchased":["Coolheaded","Skim","Flash of Steel","Dead Branch"],"campfire_rested":3,"item_purchase_floors":[12,20,20,30],"current_hp_per_floor":[67,65,65,52,47,47,36,27,27,27,9,24,24,24,46,36,75,75,75,75,75,67,64,64,50,50,50,37,37,52,50,72,47,75,73,73,57,57,42,64,64,64,64,59,59,59,59,59,59,0,0],"gold":595,"neow_bonus":"RANDOM_COLORLESS_2","is_daily":false,"chose_seed":false,"campfire_upgraded":2,"win_rate":0.0,"timestamp":1613719580,"path_taken":["M","M","M","M","M","R","E","M","T","R","E","$","?","?","R","BOSS","M","?","$","M","?","E","R","M","T","M","E","?","$","M","R","BOSS","M","?","M","?","?","R","E","R","T","E","M","E","M","M","R","BOSS"],"items_purchased_type":["Card","Card","Card","Relic"],"build_version":"2020-12-22","purchased_purges":2,"victory":false,"max_hp_per_floor":[75,75,75,75,75,75,75,75,75,75,75,75,75,75,75,75,75,75,75,75,75,75,75,75,75,75,75,75,75,75,75,75,75,75,75,75,75,75,75,75,75,75,75,75,75,75,75,75,75,75,75],"card_choices":[{"not_picked":["Violence","Sadistic Nature"],"picked":"Apotheosis","floor":0},{"not_picked":["Sweeping Beam","Heatsinks"],"picked":"Streamline","floor":1},{"not_picked":["Ball Lightning","Loop"],"picked":"Melter","floor":2},{"not_picked":["Barrage","Redo"],"picked":"Beam Cell","floor":3},{"not_picked":["Static Discharge","Hello World"],"picked":"Redo","floor":4},{"not_picked":["Heatsinks","Fission"],"picked":"Conserve Battery","floor":5},{"not_picked":["Steam","Conserve Battery"],"picked":"Lockon","floor":7},{"not_picked":["Rebound","Hologram"],"picked":"Genetic Algorithm","floor":8},{"not_picked":["Recycle","Fusion"],"picked":"Reboot","floor":11},{"not_picked":["Biased Cognition","Buffer"],"picked":"Core Surge","floor":16},{"not_picked":["Beam Cell","Ball Lightning+1"],"picked":"Darkness","floor":18},{"not_picked":["Hello World","Steam"],"picked":"Aggregate+1","floor":21},{"not_picked":["Static Discharge","Rip and Tear"],"picked":"White Noise","floor":22},{"not_picked":["Beam Cell+1","Turbo"],"picked":"Conserve Battery+1","floor":23},{"not_picked":["Go for the Eyes","Genetic Algorithm"],"picked":"Sweeping Beam","floor":25},{"not_picked":["Scrape","FTL"],"picked":"Ball Lightning+1","floor":27},{"not_picked":["Gash","Chaos","Reinforced Body+1"],"picked":"SKIP","floor":28},{"not_picked":["Barrage","Capacitor"],"picked":"Chill","floor":31},{"not_picked":["All For One","Thunder Strike"],"picked":"Reboot","floor":33},{"not_picked":["Skim+1","Melter"],"picked":"Loop+1","floor":35},{"not_picked":["Cold Snap+1","Buffer","Redo"],"picked":"SKIP","floor":36},{"not_picked":["Core Surge","Sunder+1"],"picked":"Hologram+1","floor":37},{"not_picked":["Magnetism","Blind"],"picked":"Secret Technique","floor":38},{"not_picked":["Beam Cell","Hologram"],"picked":"Tempest+1","floor":39},{"not_picked":["Conserve Battery","Ball Lightning","Go for the Eyes"],"picked":"SKIP","floor":41},{"not_picked":["Thunder Strike","Multi-Cast"],"picked":"Fission","floor":44},{"not_picked":["Steam+1","Static Discharge+1","Sweeping Beam"],"picked":"SKIP","floor":45},{"not_picked":["Fission","Conserve Battery","Sweeping Beam+1"],"picked":"SKIP","floor":46},{"not_picked":["Turbo","Sweeping Beam"],"picked":"Chaos","floor":47},{"not_picked":["Beam Cell","Ball Lightning"],"picked":"Machine Learning","floor":48}],"player_experience":75646,"relics_obtained":[{"floor":7,"key":"MealTicket"},{"floor":9,"key":"Bag of Preparation"},{"floor":11,"key":"Potion Belt"},{"floor":23,"key":"Bronze Scales"},{"floor":28,"key":"Pen Nib"},{"floor":39,"key":"Thread and Needle"},{"floor":41,"key":"Girya"},{"floor":41,"key":"MawBank"},{"floor":43,"key":"CeramicFish"},{"floor":44,"key":"War Paint"},{"floor":44,"key":"Emotion Chip"},{"floor":46,"key":"StoneCalendar"},{"floor":46,"key":"Anchor"}],"event_choices":[{"damage_healed":0,"gold_gain":175,"player_choice":"AGREE","damage_taken":0,"max_hp_gain":0,"max_hp_loss":0,"event_name":"Liars Game","floor":13,"gold_loss":0,"cards_obtained":["Doubt"]},{"cards_removed":["Doubt"],"damage_healed":0,"gold_gain":0,"player_choice":"Forget","damage_taken":0,"max_hp_gain":0,"max_hp_loss":0,"event_name":"Living Wall","floor":14,"gold_loss":0},{"damage_healed":0,"gold_gain":0,"player_choice":"Trade","damage_taken":0,"relics_obtained":["NlothsMask"],"max_hp_gain":0,"max_hp_loss":0,"event_name":"FaceTrader","floor":19,"gold_loss":0},{"damage_healed":0,"gold_gain":0,"player_choice":"Traded Relic","damage_taken":0,"relics_obtained":["Nloth\u0027s Gift"],"max_hp_gain":0,"max_hp_loss":0,"event_name":"N\u0027loth","floor":29,"relics_lost":["Potion Belt"],"gold_loss":0},{"damage_healed":0,"gold_gain":0,"player_choice":"Memory 1","damage_taken":0,"max_hp_gain":0,"max_hp_loss":0,"event_name":"SensoryStone","floor":38,"gold_loss":0},{"damage_healed":0,"gold_gain":0,"player_choice":"Fight","damage_taken":0,"max_hp_gain":0,"max_hp_loss":0,"event_name":"Mysterious Sphere","floor":39,"gold_loss":0}],"is_beta":false,"boss_relics":[{"not_picked":["Runic Dome","FrozenCore"],"picked":"Fusion Hammer"},{"not_picked":["Calling Bell","Inserter"],"picked":"Black Star"}],"items_purged_floors":[12,20],"is_endless":false,"potions_floor_spawned":[2,4,5,7,16,18,25,27,28,33,36,37,45,46,47],"killed_by":"Time Eater","ascension_level":1}}