{"host":"lsq35p0sdkx2xifo","time":1613723480,"event":{"mods":["AchievementEnabler","BaseMod","Highlight Path","Minty Spire (QoL Compilation)","StSLib"],"gold_per_floor":[113,113,128,13,13,13,38,38,38,71,81,98,127,27,27,103,103,120,140,15,15,30,30,63,63,63,98,98,128,128,26,26,97,97,113,129,154,164,164,198,198,212,212,212,212],"floor_reached":44,"language":"ENG","playtime":3143,"items_purged":["Strike_G","Defend_G","Strike_G"],"score":1012,"play_id":"0c7fe9e5-24b8-41af-bbb2-00acf44622f5","local_time":"20210219003120","is_ascension_mode":true,"campfire_choices":[{"data":"Footwork","floor":6.0,"key":"SMITH"},{"floor":8.0,"key":"REST"},{"floor":15.0,"key":"REST"},{"data":"Caltrops","floor":23,"key":"SMITH"},{"data":"Caltrops","floor":30,"key":"SMITH"},{"floor":32,"key":"REST"},{"data":"Glass Knife","floor":41,"key":"SMITH"}],"circlet_count":0,"master_deck":["AscendersBane","Strike_G","Strike_G","Strike_G","Defend_G","Defend_G","Defend_G","Survivor","Neutralize","Finesse","Dash","Sucker Punch","Footwork+1","Leg Sweep","Deflect","Quick Slash","Caltrops+1","Caltrops+1","Glass Knife+1","Blur","Blur","Backflip+1","Sucker Punch","Noxious Fumes+1","Heel Hook","Poisoned Stab","Die Die Die","Flying Knee","Crippling Poison","Writhe","Injury"],"relics":["Ring of the Snake","Ancient Tea Set","Meat on the Bone","Snake Skull","Calipers","Busted Crown","Gremlin Horn","Singing Bowl","Shovel","Frozen Egg 2","Cursed Key","StoneCalendar","Toy Ornithopter","Incense Burner"],"acts_visited":["Exordium","TheCity","TheBeyond"],"potions_floor_usage":[22,27,27,40,44],"damage_taken":[{"damage":1.0,"enemies":"Cultist","floor":1.0,"turns":6.0},{"damage":2.0,"enemies":"Jaw Worm","floor":3.0,"turns":4.0},{"damage":12.0,"enemies":"Gremlin Nob","floor":7.0,"turns":6.0},{"damage":11.0,"enemies":"Lagavulin","floor":10.0,"turns":14.0},{"damage":1.0,"enemies":"2 Louse","floor":11.0,"turns":4.0},{"damage":0.0,"enemies":"Blue Slaver","floor":12.0,"turns":5.0},{"damage":31.0,"enemies":"Gremlin Nob","floor":13.0,"turns":6.0},{"damage":29.0,"enemies":"Slime Boss","floor":16.0,"turns":17.0},{"damage":0,"enemies":"Shell Parasite","floor":18,"turns":6},{"damage":0,"enemies":"Chosen","floor":19,"turns":6},{"damage":7,"enemies":"Centurion and Healer","floor":22,"turns":15},{"damage":0,"enemies":"Book of Stabbing","floor":24,"turns":6},{"damage":0,"enemies":"Slavers","floor":27,"turns":6},{"damage":7,"enemies":"Gremlin Leader","floor":29,"turns":10},{"damage":23,"enemies":"Champ","floor":33,"turns":15},{"damage":0,"enemies":"Orb Walker","floor":35,"turns":4},{"damage":35,"enemies":"3 Darklings","floor":36,"turns":6},{"damage":0,"enemies":"Mind Bloom Boss Battle","floor":37,"turns":7},{"damage":2,"enemies":"Maw","floor":38,"turns":8},{"damage":9,"enemies":"Reptomancer","floor":40,"turns":6},{"damage":1,"enemies":"Sphere and 2 Shapes","floor":42,"turns":6},{"damage":85,"enemies":"Transient","floor":44,"turns":5}],"seed_played":"899474530948124976","potions_obtained":[{"floor":7.0,"key":"Ancient Potion"},{"floor":10.0,"key":"DistilledChaos"},{"floor":12.0,"key":"GamblersBrew"},{"floor":13.0,"key":"Strength Potion"},{"floor":18,"key":"Weak Potion"},{"floor":19,"key":"Weak Potion"},{"floor":24,"key":"DistilledChaos"},{"floor":35,"key":"Explosive Potion"},{"floor":38,"key":"SmokeBomb"},{"floor":40,"key":"LiquidBronze"},{"floor":42,"key":"SpeedPotion"}],"is_trial":false,"path_per_floor":["M","?","M","$","?","R","E","R","T","E","M","M","E","$","R","B",null,"M","M","$","?","M","R","E","?","T","E","?","E","R","$","R","B",null,"M","M","?","M","?","E","R","M","T","M"],"character_chosen":"THE_SILENT","items_purchased":["Footwork","Heel Hook","Poisoned Stab"],"campfire_rested":3,"item_purchase_floors":[4,31,31],"current_hp_per_floor":[58,51,49,49,54,54,42,63,63,52,51,51,32,32,53,36,62,62,62,62,62,55,55,55,55,55,57,57,50,50,50,71,48,67,69,46,48,46,61,54,54,55,55,0,0],"gold":212,"neow_bonus":"RANDOM_COLORLESS","is_daily":false,"chose_seed":false,"campfire_upgraded":4,"win_rate":0.0,"timestamp":1613723480,"path_taken":["M","?","M","$","?","R","E","R","T","E","M","M","E","?","R","BOSS","M","M","$","?","M","R","E","?","T","E","?","E","R","?","R","BOSS","M","M","?","M","?","E","R","M","T","M"],"items_purchased_type":["Card","Card","Card"],"build_version":"2020-12-22","purchased_purges":3,"victory":false,"max_hp_per_floor":[66,66,66,66,71,71,71,71,71,71,71,71,71,71,71,71,71,71,71,71,71,71,71,71,71,71,73,73,73,73,73,73,73,73,75,75,77,77,77,79,79,81,81,81,81],"card_choices":[{"not_picked":["Impatience","Mind Blast"],"picked":"Finesse","floor":0.0},{"not_picked":["PiercingWail","Dagger Spray"],"picked":"Dash","floor":1.0},{"not_picked":["Deadly Poison","Acrobatics"],"picked":"Sucker Punch","floor":3.0},{"not_picked":["Crippling Poison","Backflip"],"picked":"Leg Sweep","floor":7.0},{"not_picked":["Backflip","Acrobatics"],"picked":"Deflect","floor":10.0},{"not_picked":["Bane","Outmaneuver"],"picked":"Quick Slash","floor":11.0},{"not_picked":["Eviscerate","Burst"],"picked":"Caltrops","floor":12.0},{"not_picked":["Outmaneuver","Sucker Punch"],"picked":"Caltrops","floor":13.0},{"not_picked":["Wraith Form v2","Storm of Steel"],"picked":"Glass Knife","floor":16.0},{"not_picked":[],"picked":"Blur","floor":18},{"not_picked":["Underhanded Strike"],"picked":"SKIP","floor":19},{"not_picked":[],"picked":"Backflip+1","floor":22},{"not_picked":[],"picked":"Sucker Punch","floor":24},{"not_picked":["Bane"],"picked":"Singing Bowl","floor":27},{"not_picked":[],"picked":"Noxious Fumes+1","floor":29},{"not_picked":[],"picked":"Die Die Die","floor":33},{"not_picked":["Blade Dance"],"picked":"Singing Bowl","floor":35},{"not_picked":[],"picked":"Flying Knee","floor":36},{"not_picked":["Flying Knee"],"picked":"Singing Bowl","floor":37},{"not_picked":[],"picked":"Crippling Poison","floor":38},{"not_picked":["Dodge and Roll"],"picked":"Singing Bowl","floor":40},{"not_picked":["Sucker Punch"],"picked":"Singing Bowl","floor":42}],"player_experience":1292002,"relics_obtained":[{"floor":7.0,"key":"Ancient Tea Set"},{"floor":9.0,"key":"Meat on the Bone"},{"floor":10.0,"key":"Snake Skull"},{"floor":13.0,"key":"Calipers"},{"floor":24,"key":"Gremlin Horn"},{"floor":26,"key":"Singing Bowl"},{"floor":27,"key":"Shovel"},{"floor":29,"key":"Frozen Egg 2"},{"floor":37,"key":"StoneCalendar"},{"floor":40,"key":"Toy Ornithopter"},{"floor":43,"key":"Incense Burner"}],"event_choices":[{"cards_removed":["Defend_G"],"damage_healed":0.0,"max_hp_gain":0.0,"max_hp_loss":0.0,"gold_gain":0.0,"event_name":"Golden Wing","player_choice":"Card Removal","floor":2.0,"gold_loss":0.0,"damage_taken":7.0},{"damage_healed":0.0,"max_hp_gain":5.0,"max_hp_loss":0.0,"gold_gain":0.0,"event_name":"Big Fish","player_choice":"Donut","floor":5.0,"gold_loss":0.0,"damage_taken":0.0},{"damage_healed":0,"gold_gain":0,"player_choice":"Read","damage_taken":0,"max_hp_gain":0,"max_hp_loss":0,"event_name":"The Library","floor":21,"gold_loss":0,"cards_obtained":["Blur"]},{"damage_healed":0,"gold_gain":0,"player_choice":"Ignored","damage_taken":0,"max_hp_gain":0,"max_hp_loss":0,"event_name":"Vampires","floor":25,"gold_loss":0},{"damage_healed":0,"gold_gain":0,"player_choice":"Ignored","damage_taken":0,"max_hp_gain":0,"max_hp_loss":0,"event_name":"Ghosts","floor":28,"gold_loss":0},{"damage_healed":0,"gold_gain":0,"player_choice":"Fight","damage_taken":0,"max_hp_gain":0,"max_hp_loss":0,"event_name":"MindBloom","floor":37,"gold_loss":0},{"damage_healed":15,"gold_gain":0,"player_choice":"Writhe","damage_taken":0,"max_hp_gain":0,"max_hp_loss":0,"event_name":"Winding Halls","floor":39,"gold_loss":0,"cards_obtained":["Writhe"]}],"is_beta":false,"boss_relics":[{"not_picked":["Philosopher\u0027s Stone","Empty Cage"],"picked":"Busted Crown"},{"not_picked":["Fusion Hammer","Runic Dome"],"picked":"Cursed Key"}],"items_purged_floors":[4,14,20],"is_endless":false,"potions_floor_spawned":[7,10,12,13,18,19,24,35,38,40,42],"killed_by":"Transient","ascension_level":16}}