{"host":"7hgb9mjb8q1kiawz","time":1613765396,"event":{"mods":["BaseMod","Better Third Choice","Colored Map","Marisa????????","Minty Spire (QoL Compilation)","Replay The Spire","StSLib","The Cursed","The Disciple","The Servant 0.9.4"],"gold_per_floor":[112,127,127,181,57,83,83,93,119,119,134,159,159,183,276,378,378,398,417,427,427,427,440,460,460,472,472,497,497,522,522,553,204,204,304,304,314,364,364,376,396,396,426,426,426,467,479,201,260,260,260,260,260,260,11,41,41],"floor_reached":58,"language":"ENG","playtime":6228,"items_purged":["Strike_P","Strike_P"],"score":1982,"play_id":"30483c63-f601-4836-bbe8-d1ef093f1808","local_time":"20210219210956","is_ascension_mode":true,"campfire_choices":[{"data":"Vault","floor":7,"key":"SMITH"},{"data":"Replay:AtTheReady","floor":10,"key":"SMITH"},{"data":"TalkToTheHand","floor":13,"key":"SMITH"},{"floor":25,"key":"REST"},{"data":"Eruption","floor":29,"key":"SMITH"},{"data":"Devotion","floor":34,"key":"SMITH"},{"floor":42,"key":"RECALL"},{"floor":44,"key":"REST"},{"floor":51,"key":"DIG"},{"data":"MentalFortress","floor":54,"key":"SMITH"}],"circlet_count":0,"master_deck":["Strike_P+1","Defend_P+1","Eruption+1","Vigilance","Consecrate+1","MentalFortress+1","TalkToTheHand+1","Replay:AtTheReady+1","TalkToTheHand+1","Vault+1","BattleHymn+1","Consecrate+1","CarveReality","Establishment+1","Crescendo+1","Study","Replay:BluntJabs+1","SashWhip+1","Devotion+1","SashWhip+1","CrushJoints+1","LessonLearned","Replay:LoomingThreat","EmptyBody+1","Judgement+1","Prostrate+1","Replay:BluntJabs+1","Devotion+1","Replay:Cycle+1","Evaluate","Vault+1","ReplayUltimateDefense+1","Bandage Up","Good Instincts","ThirdEye+1"],"relics":["PureWater","MealTicket","Akabeko","Lantern","ReplayFunnel","Ancient Tea Set","ReplayTheSpireMod:DimensionalGlitch","Damaru","Centennial Puzzle","Replay:Bottled Flurry","ChewingGum","Du-Vu Doll","Gremlin Food","CeramicFish","Pet Ghost","ReplayTheSpireMod:ShopPack","Replay:Purple Gloves","Pen Nib","Medical Kit","Ginger"],"acts_visited":["Exordium","TheCity","TheBeyond","TheEnding"],"potions_floor_usage":[6,6,11,18,30,32,38,38,43,46,52,56,57,57],"damage_taken":[{"damage":0,"enemies":"Cultist","floor":1,"turns":2},{"damage":0,"enemies":"Small Slimes","floor":2,"turns":4},{"damage":0,"enemies":"Gremlin Nob","floor":6,"turns":4},{"damage":0,"enemies":"2 Louse","floor":8,"turns":1},{"damage":13,"enemies":"Exordium Thugs","floor":11,"turns":2},{"damage":0,"enemies":"Lagavulin","floor":12,"turns":3},{"damage":8,"enemies":"Fading Forest","floor":16,"turns":12},{"damage":0,"enemies":"3 Byrds","floor":18,"turns":5},{"damage":2,"enemies":"Chosen","floor":19,"turns":3},{"damage":18,"enemies":"Snake Plant","floor":20,"turns":5},{"damage":18,"enemies":"Snecko","floor":23,"turns":5},{"damage":16,"enemies":"Shelled Parasite and Fungi","floor":24,"turns":3},{"damage":0,"enemies":"3 Cultists","floor":26,"turns":4},{"damage":20,"enemies":"Gremlin Leader","floor":30,"turns":5},{"damage":0,"enemies":"Book of Stabbing","floor":32,"turns":2},{"damage":9,"enemies":"Pondfish","floor":35,"turns":5},{"damage":0,"enemies":"Orb Walker","floor":37,"turns":3},{"damage":23,"enemies":"2 Orb Walkers","floor":38,"turns":6},{"damage":4,"enemies":"3 Shapes","floor":40,"turns":4},{"damage":8,"enemies":"Maw","floor":41,"turns":6},{"damage":21,"enemies":"Reptomancer","floor":43,"turns":5},{"damage":0,"enemies":"Giant Head","floor":46,"turns":7},{"damage":10,"enemies":"4 Shapes","floor":47,"turns":5},{"damage":4,"enemies":"Mind Bloom Boss Battle","floor":49,"turns":5},{"damage":9,"enemies":"Time Eater","floor":52,"turns":7},{"damage":0,"enemies":"Shield and Spear","floor":56,"turns":6},{"damage":7,"enemies":"The Heart","floor":57,"turns":8}],"seed_played":"3080276699279895553","potions_obtained":[{"floor":2,"key":"AttackPotion"},{"floor":4,"key":"Adrenaline Potion"},{"floor":8,"key":"BottledMiracle"},{"floor":16,"key":"SkillPotion"},{"floor":24,"key":"Swift Potion"},{"floor":26,"key":"FearPotion"},{"floor":30,"key":"SkillPotion"},{"floor":32,"key":"FearPotion"},{"floor":35,"key":"FearPotion"},{"floor":37,"key":"Swift Potion"},{"floor":40,"key":"SteroidPotion"},{"floor":47,"key":"LiquidMemories"},{"floor":49,"key":"AttackPotion"},{"floor":56,"key":"Flashbang"}],"is_trial":false,"path_per_floor":["M","M","?","?","$","E","R","M","T","R","M","E","R","T","R_BF","B",null,"M","M","M","PTL","PTL","M","M","R","M","?","T","R","E","?","E","$","R","B",null,"M","?","?","M","M","R","E","R","T","E","M","$","?","?","R_BF","B",null,"R","$","E","B",null],"character_chosen":"WATCHER","items_purchased":["TalkToTheHand+1","Replay:Bottled Flurry","Evaluate","Vault","ReplayTheSpireMod:ShopPack","Medical Kit","Dexterity Potion","AttackPotion"],"campfire_rested":2,"item_purchase_floors":[5,33,48,48,48,55,55,55],"current_hp_per_floor":[72,72,65,46,61,61,61,61,61,61,48,48,48,48,48,62,75,75,73,55,55,55,37,21,44,44,44,44,44,24,24,24,39,39,30,67,67,44,44,40,32,32,11,34,34,34,24,39,37,37,37,30,67,67,79,79,74],"gold":41,"neow_bonus":"TEN_PERCENT_HP_BONUS","is_daily":false,"chose_seed":false,"campfire_upgraded":6,"win_rate":0.0,"timestamp":1613765396,"path_taken":["M","?","?","?","$","E","R","M","T","R","M","E","R","?","R_BF","BOSS","M","?","M","PTL","PTL","M","M","R","M","?","T","R","E","?","E","$","R","BOSS","M","?","?","M","M","R","E","R","T","E","?","$","?","?","R_BF","BOSS","R","$","E","BOSS"],"items_purchased_type":["Card","Relic","Card","Card","Relic","Relic","Potion","Potion"],"build_version":"2020-12-22","purchased_purges":2,"victory":true,"max_hp_per_floor":[79,79,79,79,79,79,79,79,79,79,79,79,79,79,79,79,79,79,79,79,79,79,79,79,79,79,79,79,79,79,79,79,79,79,79,79,79,79,79,79,79,79,79,79,79,79,79,79,79,79,79,79,79,79,79,79,79],"card_choices":[{"not_picked":["Prostrate","LikeWater"],"picked":"Consecrate","floor":1},{"not_picked":["Adaptation","Consecrate"],"picked":"MentalFortress","floor":2},{"not_picked":["Consecrate","Worship"],"picked":"TalkToTheHand","floor":4},{"not_picked":["EmptyFist","WheelKick"],"picked":"Replay:AtTheReady","floor":4},{"not_picked":["Consecrate","DeceiveReality"],"picked":"Vault","floor":6},{"not_picked":["ClearTheMind","Replay:Cycle"],"picked":"BattleHymn","floor":8},{"not_picked":["JustLucky","CrushJoints"],"picked":"Consecrate","floor":11},{"not_picked":["InnerPeace","Nirvana"],"picked":"CarveReality","floor":12},{"not_picked":["Blasphemy","Alpha"],"picked":"Establishment","floor":16},{"not_picked":["CutThroughFate","LikeWater"],"picked":"Crescendo","floor":18},{"not_picked":["Worship","FollowUp"],"picked":"Study","floor":19},{"not_picked":["JustLucky","CrushJoints+1"],"picked":"SignatureMove+1","floor":20},{"not_picked":["InnerPeace","Worship","LikeWater"],"picked":"SKIP","floor":23},{"not_picked":["DeceiveReality+1","FlyingSleeves"],"picked":"Replay:BluntJabs+1","floor":24},{"not_picked":["ThirdEye","CrushJoints"],"picked":"SashWhip+1","floor":26},{"not_picked":["Replay:Anticipation","Replay:Cycle"],"picked":"CrushJoints+1","floor":30},{"not_picked":["Tantrum","Evaluate"],"picked":"LessonLearned","floor":32},{"not_picked":["SpiritShield","Alpha"],"picked":"Replay:LoomingThreat","floor":35},{"not_picked":["PathToVictory","LikeWater+1","Weave"],"picked":"SKIP","floor":37},{"not_picked":["Conclude","Halt"],"picked":"EmptyBody+1","floor":38},{"not_picked":["ThirdEye+1","WreathOfFlame"],"picked":"Prostrate+1","floor":40},{"not_picked":["SashWhip+1","Replay:Cycle+1"],"picked":"Replay:BluntJabs+1","floor":41},{"not_picked":["Halt","Evaluate"],"picked":"Devotion","floor":43},{"not_picked":["FlyingSleeves+1","ThirdEye+1"],"picked":"Replay:Cycle+1","floor":46},{"not_picked":["Halt+1","Replay:BluntJabs+1","Indignation+1"],"picked":"SKIP","floor":47},{"not_picked":["Sadistic Nature","The Bomb"],"picked":"ReplayUltimateDefense","floor":48},{"not_picked":["Specialist","Sadistic Nature"],"picked":"Bandage Up","floor":48},{"not_picked":["Trip","The Bomb"],"picked":"Good Instincts","floor":48},{"not_picked":["Consecrate","BattleHymn+1"],"picked":"ThirdEye+1","floor":49},{"not_picked":["Replay:Cycle","ClearTheMind","FollowUp"],"picked":"SKIP","floor":56}],"player_experience":845294,"relics_obtained":[{"floor":4,"key":"MealTicket"},{"floor":6,"key":"Akabeko"},{"floor":9,"key":"Lantern"},{"floor":12,"key":"ReplayFunnel"},{"floor":14,"key":"Ancient Tea Set"},{"floor":30,"key":"Damaru"},{"floor":32,"key":"Centennial Puzzle"},{"floor":38,"key":"Du-Vu Doll"},{"floor":43,"key":"Gremlin Food"},{"floor":45,"key":"CeramicFish"},{"floor":46,"key":"Pet Ghost"},{"floor":49,"key":"Replay:Purple Gloves"},{"floor":51,"key":"Pen Nib"},{"floor":56,"key":"Ginger"}],"event_choices":[{"cards_removed":["Defend_P"],"damage_healed":0,"gold_gain":0,"player_choice":"Card Removal","damage_taken":7,"max_hp_gain":0,"max_hp_loss":0,"event_name":"Golden Wing","floor":3,"gold_loss":0},{"damage_healed":0,"gold_gain":0,"cards_transformed":["Strike_P","Defend_P"],"player_choice":"Became Test Subject","damage_taken":0,"max_hp_gain":0,"max_hp_loss":0,"event_name":"Drug Dealer","floor":27,"gold_loss":0,"cards_obtained":["Devotion","SashWhip"]},{"damage_healed":0,"gold_gain":0,"player_choice":"Ignored","damage_taken":0,"max_hp_gain":0,"max_hp_loss":0,"event_name":"Vampires","floor":31,"gold_loss":0},{"damage_healed":0,"gold_gain":0,"player_choice":"Fight","damage_taken":0,"max_hp_gain":0,"max_hp_loss":0,"event_name":"Mysterious Sphere","floor":38,"gold_loss":0},{"damage_healed":0,"gold_gain":0,"cards_transformed":["Defend_P"],"player_choice":"Transformed","damage_taken":0,"max_hp_gain":0,"max_hp_loss":0,"event_name":"Transmorgrifier","floor":39,"gold_loss":0,"cards_obtained":["Judgement"]},{"damage_healed":0,"gold_gain":0,"player_choice":"Fight","damage_taken":0,"max_hp_gain":0,"max_hp_loss":0,"event_name":"MindBloom","floor":49,"gold_loss":0},{"cards_removed":["SignatureMove"],"damage_healed":0,"gold_gain":0,"player_choice":"Removed Attack","damage_taken":0,"max_hp_gain":0,"max_hp_loss":0,"event_name":"Falling","floor":50,"gold_loss":0}],"is_beta":false,"boss_relics":[{"not_picked":["HolyWater","Snecko Eye"],"picked":"ReplayTheSpireMod:DimensionalGlitch"},{"not_picked":["Busted Crown","Honey Jar"],"picked":"ChewingGum"}],"items_purged_floors":[5,33],"is_endless":false,"potions_floor_spawned":[2,8,16,24,26,30,32,35,37,40,47,49,56],"ascension_level":6}}