{"host":"6rzd029finub32db","time":1613777924,"event":{"mods":["BaseMod","DeckTracker","Highlight Path","Minty Spire (QoL Compilation)","Relic Stats","StSLib","SuperFastMode"],"gold_per_floor":[113,113,12,12,22,22,197,197,223,237,263,213,213,232,232,333,333,347,327,347,347,68,103,113,113,113,133,161,161,161,178,178,274,274,293,293,293,305,315,346,357,382,406,64,64,98,98,98,98,98],"floor_reached":51,"language":"ENG","playtime":2553,"items_purged":["Strike_R","Strike_R","Strike_R"],"score":971,"play_id":"f8ed03bf-fd73-427a-b524-5f60701ff335","local_time":"20210220003844","is_ascension_mode":false,"campfire_choices":[{"data":"Inflame","floor":6,"key":"SMITH"},{"data":"Carnage","floor":8,"key":"SMITH"},{"data":"Bash","floor":13,"key":"SMITH"},{"data":"Clothesline","floor":15,"key":"SMITH"},{"data":"Feed","floor":25,"key":"SMITH"},{"data":"Flame Barrier","floor":29,"key":"SMITH"},{"data":"Shockwave","floor":32,"key":"SMITH"},{"data":"Demon Form","floor":45,"key":"SMITH"},{"data":"Impervious","floor":47,"key":"SMITH"},{"data":"Defend_R","floor":49,"key":"SMITH"}],"circlet_count":0,"master_deck":["Strike_R","Strike_R","Defend_R","Defend_R+1","Bash+1","Carnage+1","Cleave","Inflame+1","Flame Barrier+1","Flex","Clothesline+1","Feed+1","Shockwave+1","Demon Form+1","Pommel Strike+1","Reaper+1","PanicButton","Impervious+1"],"relics":["Burning Blood","PreservedInsect","Ancient Tea Set","Snecko Eye","Lantern","Membership Card","Strawberry","Mercury Hourglass","Molten Egg 2","Calipers","Busted Crown","Blood Vial","Gambling Chip","Oddly Smooth Stone","Pear","Orichalcum","Toolbox","Vajra"],"acts_visited":["Exordium","TheCity","TheBeyond"],"potions_floor_usage":[28,31,33,35,50,50,50],"damage_taken":[{"damage":10,"enemies":"Small Slimes","floor":1,"turns":4},{"damage":6,"enemies":"Jaw Worm","floor":5,"turns":2},{"damage":0,"enemies":"2 Louse","floor":10,"turns":3},{"damage":6,"enemies":"Gremlin Nob","floor":11,"turns":3},{"damage":1,"enemies":"2 Fungi Beasts","floor":14,"turns":2},{"damage":22,"enemies":"The Guardian","floor":16,"turns":11},{"damage":5,"enemies":"Spheric Guardian","floor":18,"turns":3},{"damage":18,"enemies":"Shell Parasite","floor":20,"turns":3},{"damage":0,"enemies":"Gremlin Leader","floor":23,"turns":3},{"damage":4,"enemies":"Centurion and Healer","floor":24,"turns":3},{"damage":6,"enemies":"Snecko","floor":27,"turns":5},{"damage":6,"enemies":"Book of Stabbing","floor":28,"turns":3},{"damage":11,"enemies":"Snake Plant","floor":31,"turns":3},{"damage":57,"enemies":"Champ","floor":33,"turns":10},{"damage":15,"enemies":"Orb Walker","floor":35,"turns":2},{"damage":0,"enemies":"3 Darklings","floor":38,"turns":4},{"damage":2,"enemies":"4 Shapes","floor":39,"turns":6},{"damage":8,"enemies":"Giant Head","floor":40,"turns":7},{"damage":15,"enemies":"Writhing Mass","floor":41,"turns":3},{"damage":2,"enemies":"Nemesis","floor":42,"turns":5},{"damage":0,"enemies":"Reptomancer","floor":46,"turns":4},{"damage":49,"enemies":"Awakened One","floor":50,"turns":10}],"seed_played":"5810092261628111846","potions_obtained":[{"floor":10,"key":"Strength Potion"},{"floor":11,"key":"PowerPotion"},{"floor":19,"key":"GamblersBrew"},{"floor":20,"key":"BloodPotion"},{"floor":24,"key":"LiquidBronze"},{"floor":30,"key":"BloodPotion"},{"floor":31,"key":"SkillPotion"},{"floor":35,"key":"Fruit Juice"},{"floor":39,"key":"Regen Potion"}],"is_trial":false,"path_per_floor":["M","?","$","?","M","R","?","R","T","M","E","?","R","M","R","B",null,"M","?","M","T","$","E","M","R","T","M","E","R","?","M","R","B",null,"M","?","?","M","M","E","M","E","T","$","R","E","R","?","R","B",null],"character_chosen":"IRONCLAD","items_purchased":["Cleave","Membership Card","Strawberry","Pear","Orichalcum","Toolbox"],"campfire_rested":0,"item_purchase_floors":[3,22,22,44,44,44],"current_hp_per_floor":[76,76,76,81,81,81,81,81,81,85,85,85,85,85,85,69,85,85,85,73,73,80,89,94,94,94,98,102,102,102,106,106,59,110,119,119,119,119,123,123,114,127,127,137,137,137,137,137,137,135],"gold":98,"neow_bonus":"","is_daily":false,"chose_seed":false,"campfire_upgraded":10,"win_rate":0.0,"timestamp":1613777924,"path_taken":["M","?","$","?","M","R","?","R","T","M","E","?","R","M","R","BOSS","M","?","?","?","$","E","M","R","T","M","E","R","?","M","R","BOSS","M","?","?","M","M","E","?","E","T","$","R","E","R","?","R","BOSS"],"items_purchased_type":["Card","Relic","Relic","Relic","Relic","Relic"],"build_version":"2020-12-22","purchased_purges":3,"victory":true,"max_hp_per_floor":[80,80,80,85,85,85,85,85,85,85,85,85,85,85,85,85,85,85,85,85,85,92,95,98,98,98,102,106,106,106,106,106,110,110,119,119,119,119,123,123,123,127,127,137,137,137,137,137,137,137],"relic_stats":{"Blood Vial":2,"Busted Crown":16,"counters":[22,98],"Gambling Chip":[4],"Snecko Eye":[130,149,137,126],"PreservedInsect":339,"Orichalcum":[18],"obtain_stats":[{"Lantern":21,"Calipers":28,"Pear":44,"Oddly Smooth Stone":43,"Vajra":46,"PreservedInsect":9,"Orichalcum":44,"Ancient Tea Set":11,"Burning Blood":0,"Mercury Hourglass":23,"Blood Vial":40,"Busted Crown":34,"Strawberry":22,"Gambling Chip":42,"Snecko Eye":17,"Toolbox":44,"Molten Egg 2":26,"Membership Card":22},{"Lantern":8,"Calipers":12,"Pear":20,"Oddly Smooth Stone":20,"Vajra":21,"PreservedInsect":2,"Orichalcum":20,"Ancient Tea Set":4,"Burning Blood":0,"Mercury Hourglass":9,"Blood Vial":18,"Busted Crown":14,"Strawberry":8,"Gambling Chip":20,"Snecko Eye":6,"Toolbox":20,"Molten Egg 2":10,"Membership Card":8},{"Lantern":31,"Calipers":45,"Pear":84,"Oddly Smooth Stone":84,"Vajra":88,"PreservedInsect":6,"Orichalcum":84,"Ancient Tea Set":12,"Burning Blood":0,"Mercury Hourglass":34,"Blood Vial":76,"Busted Crown":58,"Strawberry":31,"Gambling Chip":84,"Snecko Eye":25,"Toolbox":84,"Molten Egg 2":37,"Membership Card":31}],"Burning Blood":88,"Mercury Hourglass":[204]},"card_choices":[{"not_picked":["Twin Strike","Iron Wave"],"picked":"Carnage","floor":1},{"not_picked":["Anger","Dark Embrace"],"picked":"Inflame","floor":5},{"not_picked":["Anger","Thunderclap"],"picked":"Flame Barrier","floor":10},{"not_picked":["Blood for Blood","Perfected Strike"],"picked":"Flex","floor":11},{"not_picked":["Rampage","Cleave"],"picked":"Clothesline","floor":14},{"not_picked":["Juggernaut","Berserk"],"picked":"Feed","floor":16},{"not_picked":["Flex+1","Pommel Strike","Bloodletting"],"picked":"SKIP","floor":18},{"not_picked":["Sever Soul","Twin Strike+1"],"picked":"Shockwave","floor":20},{"not_picked":["Body Slam","Double Tap"],"picked":"Demon Form","floor":23},{"not_picked":["Cleave","Clash","Perfected Strike"],"picked":"SKIP","floor":24},{"not_picked":["Pommel Strike+1","Dropkick+1","Clothesline+1"],"picked":"SKIP","floor":27},{"not_picked":["Dropkick+1","Clothesline+1"],"picked":"Pommel Strike+1","floor":27},{"not_picked":["Clash+1","Armaments","Disarm+1"],"picked":"SKIP","floor":28},{"not_picked":["Shrug It Off","Twin Strike+1","Sword Boomerang+1"],"picked":"SKIP","floor":31},{"not_picked":["Demon Form","Feed+1"],"picked":"Reaper+1","floor":33},{"not_picked":["Thunderclap+1"],"picked":"SKIP","floor":35},{"not_picked":["Seeing Red"],"picked":"SKIP","floor":38},{"not_picked":["Armaments"],"picked":"SKIP","floor":39},{"not_picked":["Burning Pact+1"],"picked":"SKIP","floor":40},{"not_picked":["Blood for Blood+1"],"picked":"SKIP","floor":41},{"not_picked":["Rampage+1"],"picked":"SKIP","floor":42},{"not_picked":["Intimidate+1"],"picked":"SKIP","floor":46}],"player_experience":0,"relics_obtained":[{"floor":9,"key":"PreservedInsect"},{"floor":11,"key":"Ancient Tea Set"},{"floor":21,"key":"Lantern"},{"floor":23,"key":"Mercury Hourglass"},{"floor":26,"key":"Molten Egg 2"},{"floor":28,"key":"Calipers"},{"floor":40,"key":"Blood Vial"},{"floor":42,"key":"Gambling Chip"},{"floor":43,"key":"Oddly Smooth Stone"},{"floor":46,"key":"Vajra"}],"event_choices":[{"cards_removed":["Defend_R"],"damage_healed":0,"gold_gain":0,"player_choice":"Forget","damage_taken":0,"max_hp_gain":0,"max_hp_loss":0,"event_name":"Living Wall","floor":2,"gold_loss":0},{"damage_healed":0,"gold_gain":0,"player_choice":"Donut","damage_taken":0,"max_hp_gain":5,"max_hp_loss":0,"event_name":"Big Fish","floor":4,"gold_loss":0},{"damage_healed":0,"gold_gain":175,"player_choice":"AGREE","damage_taken":0,"max_hp_gain":0,"max_hp_loss":0,"event_name":"Liars Game","floor":7,"gold_loss":0,"cards_obtained":["Doubt"]},{"cards_removed":["Doubt"],"damage_healed":0,"gold_gain":0,"player_choice":"Card Removal","damage_taken":0,"max_hp_gain":0,"max_hp_loss":0,"event_name":"The Cleric","floor":12,"gold_loss":50},{"damage_healed":0,"gold_gain":0,"player_choice":"Bought 1 Potion","damage_taken":0,"max_hp_gain":0,"max_hp_loss":0,"event_name":"The Woman in Blue","floor":19,"gold_loss":0},{"damage_healed":0,"gold_gain":0,"player_choice":"Got Potions","damage_taken":0,"max_hp_gain":0,"max_hp_loss":0,"event_name":"Lab","floor":30,"gold_loss":0},{"damage_healed":0,"gold_gain":0,"player_choice":"Memory 1","damage_taken":0,"max_hp_gain":0,"max_hp_loss":0,"event_name":"SensoryStone","floor":36,"gold_loss":0},{"damage_healed":0,"gold_gain":0,"player_choice":"2 cards matched","damage_taken":0,"max_hp_gain":0,"max_hp_loss":0,"event_name":"Match and Keep!","floor":37,"gold_loss":0,"cards_obtained":["PanicButton","Impervious"]},{"cards_removed":["Defend_R"],"damage_healed":0,"gold_gain":0,"player_choice":"Removed Skill","damage_taken":0,"max_hp_gain":0,"max_hp_loss":0,"event_name":"Falling","floor":48,"gold_loss":0}],"is_beta":false,"boss_relics":[{"not_picked":["SacredBark","Mark of Pain"],"picked":"Snecko Eye"},{"not_picked":["SlaversCollar","Black Star"],"picked":"Busted Crown"}],"items_purged_floors":[3,22,44],"is_endless":false,"potions_floor_spawned":[10,11,20,24,31,35,39,42,46],"ascension_level":0}}