{"host":"anox4050deqdcqoh","time":1613779122,"event":{"mods":["BaseMod","Colored Map","Displayed Cursed Tome","Highlight Path","Minty Spire (QoL Compilation)","Quick Restart","Rare Cards Sparkle","everything is the same but u backflip on backflip"],"gold_per_floor":[113,130,142,97,115,141,141,154,178,178,178,198,241,266,266,373,373,398,398,307,307,335,335,375,375,375,391,416,515,515,541,541,652,652,681,709,768,786,156,196,196,217,217,246,246,274,292,321,321,321,321,321,37,62,62,62],"floor_reached":55,"language":"ENG","playtime":4967,"items_purged":["Defend_B","Defend_B"],"score":856,"play_id":"dc149c5a-943b-4544-80d3-37e9daf69a39","local_time":"20210219185842","is_ascension_mode":true,"campfire_choices":[{"data":"Defragment","floor":7.0,"key":"SMITH"},{"data":"Zap","floor":10.0,"key":"SMITH"},{"floor":15.0,"key":"REST"},{"data":"Electrodynamics","floor":23.0,"key":"SMITH"},{"floor":25.0,"key":"REST"},{"floor":32.0,"key":"REST"},{"floor":41.0,"key":"REST"},{"floor":45.0,"key":"REST"},{"floor":49,"key":"RECALL"},{"floor":52,"key":"REST"}],"circlet_count":0,"master_deck":["Strike_B","Strike_B","Strike_B","Strike_B","Defend_B","Defend_B","Zap+1","Dualcast","Chill","Gash","Turbo","Defragment+1","Hologram","Ball Lightning","BootSequence","Sweeping Beam","Electrodynamics+1","Glacier","Go for the Eyes","Undo","Beam Cell","Capacitor","Machine Learning","Melter","Rebound","Sunder+1","Madness","Madness","Static Discharge","BootSequence","Gash+1","Doom and Gloom+1","Defragment","Cold Snap+1","Deep Breath","Blind","Hologram+1","Coolheaded"],"relics":["FrozenCore","Omamori","StrikeDummy","Anchor","Akabeko","CeramicFish","Necronomicon","Blue Candle","Bag of Preparation","CultistMask","Fusion Hammer","Du-Vu Doll","ClockworkSouvenir","Pear","DataDisk","White Beast Statue","Art of War","Shuriken"],"acts_visited":["Exordium","TheCity","TheBeyond","TheEnding"],"potions_floor_usage":[50,50,50,54,54,55],"damage_taken":[{"damage":0.0,"enemies":"Small Slimes","floor":1.0,"turns":3.0},{"damage":2.0,"enemies":"2 Louse","floor":2.0,"turns":2.0},{"damage":2.0,"enemies":"Jaw Worm","floor":3.0,"turns":4.0},{"damage":3.0,"enemies":"Blue Slaver","floor":5.0,"turns":5.0},{"damage":15.0,"enemies":"3 Sentries","floor":6.0,"turns":13.0},{"damage":2.0,"enemies":"Looter","floor":8.0,"turns":3.0},{"damage":0.0,"enemies":"3 Louse","floor":12.0,"turns":4.0},{"damage":15.0,"enemies":"Lagavulin","floor":13.0,"turns":7.0},{"damage":0.0,"enemies":"Gremlin Gang","floor":14.0,"turns":5.0},{"damage":5.0,"enemies":"Slime Boss","floor":16.0,"turns":5.0},{"damage":1.0,"enemies":"2 Thieves","floor":18.0,"turns":3.0},{"damage":1.0,"enemies":"Shell Parasite","floor":22.0,"turns":9.0},{"damage":27.0,"enemies":"Gremlin Leader","floor":24.0,"turns":8.0},{"damage":9.0,"enemies":"Cultist and Chosen","floor":27.0,"turns":5.0},{"damage":5.0,"enemies":"Snecko","floor":31.0,"turns":4.0},{"damage":33.0,"enemies":"Automaton","floor":33.0,"turns":13.0},{"damage":0.0,"enemies":"3 Shapes","floor":35.0,"turns":3.0},{"damage":5.0,"enemies":"3 Darklings","floor":36.0,"turns":5.0},{"damage":2.0,"enemies":"Mind Bloom Boss Battle","floor":37.0,"turns":8.0},{"damage":52.0,"enemies":"Reptomancer","floor":40.0,"turns":6.0},{"damage":0.0,"enemies":"Sphere and 2 Shapes","floor":42.0,"turns":3.0},{"damage":8.0,"enemies":"Jaw Worm Horde","floor":44.0,"turns":4.0},{"damage":4.0,"enemies":"4 Shapes","floor":46.0,"turns":3.0},{"damage":4.0,"enemies":"Maw","floor":48.0,"turns":8.0},{"damage":41,"enemies":"Awakened One","floor":50,"turns":15},{"damage":89,"enemies":"Shield and Spear","floor":54,"turns":12},{"damage":1,"enemies":"The Heart","floor":55,"turns":2}],"seed_played":"1342064231757451921","potions_obtained":[{"floor":3.0,"key":"PowerPotion"},{"floor":5.0,"key":"Weak Potion"},{"floor":8.0,"key":"SpeedPotion"},{"floor":12.0,"key":"EntropicBrew"},{"floor":13.0,"key":"Block Potion"},{"floor":18.0,"key":"ColorlessPotion"},{"floor":31.0,"key":"Dexterity Potion"},{"floor":33.0,"key":"Weak Potion"},{"floor":35.0,"key":"PowerPotion"},{"floor":44.0,"key":"FocusPotion"},{"floor":46.0,"key":"FearPotion"},{"floor":48.0,"key":"FearPotion"},{"floor":54,"key":"AttackPotion"}],"is_trial":false,"path_per_floor":["M","M","M","?","M","E","R","M","T","R","?","M","E","M","R","B",null,"M","?","$","?","M","R","E","R","T","M","T","?","?","M","R","B",null,"M","M","?","?","$","E","R","M","T","M","R","M","?","M","R","B",null,"R","$","E","B"],"character_chosen":"DEFECT","items_purchased":["Go for the Eyes","Static Discharge","BootSequence","ClockworkSouvenir","Pear","Coolheaded","Art of War","PowerPotion","Dexterity Potion"],"campfire_rested":6,"item_purchase_floors":[20,39,39,39,39,53,53,53,53],"current_hp_per_floor":[75,73,71,71,68,53,53,51,51,51,51,51,36,36,58,53,75,74,60,60,44,43,43,16,40,40,31,31,31,31,26,50,17,80,80,75,73,63,73,21,48,48,48,40,67,63,58,54,54,13,90,90,90,1,0,0],"gold":62,"neow_bonus":"RANDOM_COMMON_RELIC","is_daily":false,"chose_seed":false,"campfire_upgraded":3,"win_rate":0.0,"timestamp":1613779122,"path_taken":["M","M","M","?","M","E","R","M","T","R","?","M","E","M","R","BOSS","M","?","$","?","M","R","E","R","T","M","?","?","?","?","R","BOSS","M","M","?","?","$","E","R","M","T","M","R","M","?","M","R","BOSS","R","$","E","BOSS"],"items_purchased_type":["Card","Card","Card","Relic","Relic","Card","Relic","Potion","Potion"],"build_version":"2020-12-22","purchased_purges":2,"victory":false,"max_hp_per_floor":[75,75,75,75,75,75,75,75,75,75,75,75,75,75,75,75,75,75,80,80,80,80,80,80,80,80,80,80,80,80,80,80,80,80,80,80,80,80,90,90,90,90,90,90,90,90,90,90,90,90,90,90,90,90,90,90],"card_choices":[{"not_picked":["Conserve Battery","Double Energy","Barrage"],"picked":"SKIP","floor":1.0},{"not_picked":["Genetic Algorithm","Sweeping Beam"],"picked":"Chill","floor":2.0},{"not_picked":["Conserve Battery","Redo"],"picked":"Gash","floor":3.0},{"not_picked":["Steam","Stack"],"picked":"Turbo","floor":5.0},{"not_picked":["Rebound","Thunder Strike"],"picked":"Defragment","floor":6.0},{"not_picked":["Turbo","Force Field"],"picked":"Hologram","floor":8.0},{"not_picked":["BootSequence","Hologram"],"picked":"Ball Lightning","floor":12.0},{"not_picked":["Turbo","Undo"],"picked":"BootSequence","floor":13.0},{"not_picked":["Beam Cell","Stack"],"picked":"Sweeping Beam","floor":14.0},{"not_picked":["Seek","Amplify"],"picked":"Electrodynamics","floor":16.0},{"not_picked":["Sweeping Beam","Auto Shields+1"],"picked":"Glacier","floor":18.0},{"not_picked":["Streamline","Leap"],"picked":"Undo","floor":22.0},{"not_picked":["Barrage","Leap"],"picked":"Beam Cell","floor":24.0},{"not_picked":["Go for the Eyes","Sweeping Beam","Ball Lightning"],"picked":"SKIP","floor":27.0},{"not_picked":["Blizzard","Rip and Tear+1"],"picked":"Capacitor","floor":31.0},{"not_picked":["Reboot","Amplify"],"picked":"Machine Learning","floor":33.0},{"not_picked":["Turbo","Storm"],"picked":"Melter","floor":35.0},{"not_picked":["Double Energy+1","Turbo+1"],"picked":"Rebound","floor":36.0},{"not_picked":["Chill+1","Leap"],"picked":"Sunder+1","floor":37.0},{"not_picked":["Turbo","Double Energy+1"],"picked":"Gash+1","floor":40.0},{"not_picked":["Force Field","Gash"],"picked":"Doom and Gloom+1","floor":42.0},{"not_picked":["Coolheaded","Turbo+1"],"picked":"Defragment","floor":44.0},{"not_picked":["Barrage+1","Compile Driver"],"picked":"Cold Snap+1","floor":46.0},{"not_picked":["Violence","Trip"],"picked":"Deep Breath","floor":47.0},{"not_picked":["Panache","Good Instincts"],"picked":"Blind","floor":47.0},{"not_picked":["Rebound","Compile Driver+1"],"picked":"Hologram+1","floor":48.0},{"not_picked":["Genetic Algorithm+1","Go for the Eyes","Reboot"],"picked":"SKIP","floor":54}],"player_experience":477766,"relics_obtained":[{"floor":6.0,"key":"StrikeDummy"},{"floor":9.0,"key":"Anchor"},{"floor":13.0,"key":"CeramicFish"},{"floor":24.0,"key":"Blue Candle"},{"floor":28.0,"key":"Bag of Preparation"},{"floor":37.0,"key":"Du-Vu Doll"},{"floor":40.0,"key":"DataDisk"},{"floor":43.0,"key":"White Beast Statue"},{"floor":54,"key":"Shuriken"}],"event_choices":[{"damage_healed":0.0,"max_hp_gain":0.0,"max_hp_loss":0.0,"gold_gain":0.0,"event_name":"World of Goop","player_choice":"Left Gold","floor":4.0,"gold_loss":45.0,"damage_taken":0.0},{"damage_healed":0.0,"max_hp_gain":0.0,"max_hp_loss":0.0,"gold_gain":0.0,"event_name":"Dead Adventurer","player_choice":"Searched \u00271\u0027 times","floor":11.0,"gold_loss":0.0,"damage_taken":0.0,"relics_obtained":["Akabeko"]},{"damage_healed":0.0,"max_hp_gain":5.0,"max_hp_loss":0.0,"gold_gain":0.0,"event_name":"Forgotten Altar","player_choice":"Shed Blood","floor":19.0,"gold_loss":0.0,"damage_taken":19.0},{"damage_healed":0.0,"max_hp_gain":0.0,"max_hp_loss":0.0,"gold_gain":0.0,"event_name":"Cursed Tome","player_choice":"Obtained Book","floor":21.0,"gold_loss":0.0,"damage_taken":16.0},{"damage_healed":0.0,"max_hp_gain":0.0,"max_hp_loss":0.0,"gold_gain":99.0,"event_name":"Nest","player_choice":"Stole From Cult","floor":29.0,"gold_loss":0.0,"damage_taken":0.0},{"damage_healed":0.0,"max_hp_gain":0.0,"max_hp_loss":0.0,"gold_gain":0.0,"event_name":"FaceTrader","player_choice":"Trade","floor":30.0,"gold_loss":0.0,"damage_taken":0.0,"relics_obtained":["CultistMask"]},{"damage_healed":0.0,"max_hp_gain":0.0,"max_hp_loss":0.0,"gold_gain":0.0,"event_name":"MindBloom","player_choice":"Fight","floor":37.0,"gold_loss":0.0,"damage_taken":0.0},{"damage_healed":0.0,"max_hp_gain":0.0,"max_hp_loss":0.0,"gold_gain":0.0,"event_name":"Winding Halls","player_choice":"Embrace Madness","floor":38.0,"gold_loss":0.0,"damage_taken":10.0,"cards_obtained":["Madness","Madness"]},{"damage_healed":0.0,"max_hp_gain":0.0,"max_hp_loss":0.0,"gold_gain":0.0,"event_name":"SensoryStone","player_choice":"Memory 2","floor":47.0,"gold_loss":0.0,"damage_taken":5.0}],"is_beta":false,"boss_relics":[{"not_picked":["Empty Cage","Snecko Eye"],"picked":"FrozenCore"},{"not_picked":["Runic Dome","Runic Pyramid"],"picked":"Fusion Hammer"}],"items_purged_floors":[20,39],"is_endless":false,"potions_floor_spawned":[3,5,8,12,13,14,18,31,33,35,37,44,46,48,54],"killed_by":"The Heart","ascension_level":3}}