{"host":"8a72fthmlk1o8pdb","time":1613761440,"event":{"mods":["AchievementEnabler","BaseMod","Colored Map","Colored Powertips","Dark Map","Downfall","Friendly Minions","GifTheSpireLib","Googly Eyes","Minty Spire (QoL Compilation)","Monster B Gone","Permanent Neow","Random Character Button","Rare Cards Sparkle","Relic Filter Mod","Relic Stats","Smile Girya","Spire Birthday Party","StSLib","everything is the same but u backflip on backflip"],"gold_per_floor":[99,110,210,12,28,41,41,57,70,70,70,70,70,100,115,219,219,19,39,24,39,39,71,95,95,113,113,129,155,255,271,287,387,387,387,400,83,103,6,25,25,25,45,45,70,70,81,81,99,99],"floor_reached":51,"language":"ENG","playtime":3368,"items_purged":["Guardian:Strike_Guardian","Guardian:Strike_Guardian"],"score":773,"play_id":"08c11be9-228a-4154-a0f4-361561669cc3","local_time":"20210219110400","is_ascension_mode":false,"campfire_choices":[{"floor":1,"key":"RECALL"},{"data":"Guardian:SentryBeam","floor":10,"key":"SMITH"},{"data":"Guardian:ShieldCharger","floor":13,"key":"SMITH"},{"data":"Guardian:ExploitGems","floor":18,"key":"SMITH"},{"data":"Guardian:PrismaticBeam","floor":25,"key":"SMITH"},{"data":"Guardian:StasisStrike","floor":27,"key":"SMITH"},{"data":"Guardian:CrystalBeam","floor":35,"key":"SMITH"},{"data":"Guardian:PrismaticBarrier","floor":42,"key":"SMITH"},{"data":"expansioncontent:QuickStudy","floor":46,"key":"SMITH"}],"circlet_count":0,"master_deck":["Guardian:Defend_Guardian","Guardian:Defend_Guardian","Guardian:Defend_Guardian","Guardian:Defend_Guardian","Guardian:CurlUp","Guardian:TwinSlam+1","Guardian:ShieldCharger+1","Guardian:Reroute","Guardian:PolyBeam","Guardian:SentryBeam+1","Guardian:ExploitGems+1","Guardian:ExploitGems","Guardian:Repulse","Guardian:MultiBeam+1","Guardian:PrismaticBeam+1","Guardian:HyperBeam_Guardian","Guardian:StasisStrike+1","Guardian:ChargeCore","Guardian:CrystalBeam+1","Guardian:ExploitGems","Guardian:PrismaticBarrier+1","expansioncontent:QuickStudy+1","Guardian:CrystalBeam+1","Guardian:Gem_Lightblue"],"relics":["Guardian:ModeShifter","Guardian:BottledStasis","Question Card","Lantern","StoneCalendar","Coffee Dripper","downfall:HeartBlessingRed","downfall:HeartBlessingGreen","Bronze Scales","PreservedInsect","Boot","Toy Ornithopter","Velvet Choker","Chemical X","Membership Card","InkBottle","Omamori"],"acts_visited":["Exordium","TheCity","TheBeyond"],"potions_floor_usage":[14,15,23,30,30,32,32,36,40,40,48,50,50],"damage_taken":[{"damage":0,"enemies":"Small Slimes","floor":2,"turns":5},{"damage":5,"enemies":"downfall:FleeingMerchant","floor":4,"turns":4},{"damage":1,"enemies":"Jaw Worm","floor":5,"turns":3},{"damage":0,"enemies":"Cultist","floor":6,"turns":3},{"damage":2,"enemies":"2 Fungi Beasts","floor":8,"turns":4},{"damage":10,"enemies":"Exordium Thugs","floor":9,"turns":4},{"damage":0,"enemies":"Lagavulin","floor":14,"turns":4},{"damage":0,"enemies":"Gremlin Gang","floor":15,"turns":2},{"damage":14,"enemies":"SI_SHIV_ARCHETYPE","floor":16,"turns":7},{"damage":0,"enemies":"3 Byrds","floor":19,"turns":4},{"damage":0,"enemies":"downfall:FleeingMerchant","floor":20,"turns":4},{"damage":6,"enemies":"Chosen","floor":21,"turns":4},{"damage":7,"enemies":"Book of Stabbing","floor":23,"turns":6},{"damage":0,"enemies":"Snake Plant","floor":26,"turns":2},{"damage":0,"enemies":"Snecko","floor":28,"turns":2},{"damage":0,"enemies":"Slavers","floor":29,"turns":1},{"damage":1,"enemies":"downfall:LadyInBlue","floor":30,"turns":2},{"damage":0,"enemies":"3 Cultists","floor":31,"turns":3},{"damage":4,"enemies":"Shelled Parasite and Fungi","floor":32,"turns":2},{"damage":16,"enemies":"WA_ARCHETYPE_CALM","floor":33,"turns":7},{"damage":14,"enemies":"3 Darklings","floor":36,"turns":2},{"damage":0,"enemies":"downfall:FleeingMerchant","floor":37,"turns":4},{"damage":15,"enemies":"3 Shapes","floor":38,"turns":2},{"damage":3,"enemies":"downfall:FleeingMerchant","floor":39,"turns":3},{"damage":20,"enemies":"Writhing Mass","floor":40,"turns":3},{"damage":0,"enemies":"Transient","floor":43,"turns":5},{"damage":18,"enemies":"Reptomancer","floor":45,"turns":3},{"damage":0,"enemies":"Maw","floor":47,"turns":4},{"damage":0,"enemies":"Writhing Mass","floor":48,"turns":1},{"damage":0,"enemies":"Transient","floor":49,"turns":5},{"damage":18,"enemies":"IC_BLOCK_ARCHETYPE","floor":50,"turns":7}],"seed_played":"-678895232179293405","potions_obtained":[{"floor":5,"key":"Strength Potion"},{"floor":6,"key":"GamblersBrew"},{"floor":9,"key":"Guardian:AcceleratePotion"},{"floor":21,"key":"Weak Potion"},{"floor":23,"key":"LiquidMemories"},{"floor":26,"key":"BlessingOfTheForge"},{"floor":28,"key":"SkillPotion"},{"floor":30,"key":"Regen Potion"},{"floor":30,"key":"Swift Potion"},{"floor":32,"key":"PowerPotion"},{"floor":33,"key":"SpeedPotion"},{"floor":38,"key":"SneckoOil"},{"floor":40,"key":"SmokeBomb"},{"floor":43,"key":"FearPotion"}],"is_trial":false,"path_per_floor":["R","M","?","$","M","M","T","M","M","R","?","?","R","E","M","B",null,"R","M","$","M","?","E","T","R","M","R","M","E","?","M","M","B",null,"R","M","$","M","$","M","T","R","M","$","E","R","M","M","M","B",null],"character_chosen":"GUARDIAN","items_purchased":["Guardian:BottledStasis","Guardian:Reroute","Guardian:Gem_Lightblue","Guardian:Gem_Cyan","Chemical X","Membership Card","Guardian:Gem_Green","expansioncontent:QuickStudy","InkBottle"],"campfire_rested":0,"item_purchase_floors":[4,4,37,37,37,39,39,39,39],"current_hp_per_floor":[80,80,80,75,74,74,74,72,62,62,62,62,62,62,62,48,80,80,80,80,74,74,67,67,67,67,67,67,67,66,66,76,60,80,80,66,66,51,48,38,38,38,38,38,20,20,20,25,25,17],"gold":99,"neow_bonus":"UPGRADE_CARD","is_daily":false,"chose_seed":false,"campfire_upgraded":8,"win_rate":0.0,"timestamp":1613761440,"path_taken":["R","M","?","$","M","M","T","M","M","R","?","?","R","E","M","BOSS","R","M","$","M","?","E","T","R","M","R","M","E","?","M","M","BOSS","R","M","$","M","$","M","T","R","M","$","E","R","?","M","M","BOSS"],"items_purchased_type":["Relic","Card","Card","Card","Relic","Relic","Card","Card","Relic"],"build_version":"2020-12-22","purchased_purges":2,"victory":true,"max_hp_per_floor":[80,80,80,80,80,80,80,80,80,80,80,80,80,80,80,80,80,80,80,80,80,80,80,80,80,80,80,80,80,80,80,80,80,80,80,80,80,80,80,80,80,80,80,80,80,80,80,80,80,80],"relic_stats":{"counters":[31,112],"Bronze Scales":[99],"StoneCalendar":[35],"PreservedInsect":149,"Chemical X":[12],"Question Card":25,"Boot":[36],"obtain_stats":[{"Guardian:BottledStasis":4,"Lantern":11,"downfall:HeartBlessingRed":18,"Guardian:ModeShifter":0,"Velvet Choker":34,"StoneCalendar":14,"downfall:HeartBlessingGreen":18,"PreservedInsect":24,"Omamori":45,"Question Card":7,"Boot":29,"Bronze Scales":23,"Coffee Dripper":17,"Chemical X":37,"Membership Card":39,"Toy Ornithopter":30,"InkBottle":39},{"Guardian:BottledStasis":2,"Lantern":6,"downfall:HeartBlessingRed":9,"Guardian:ModeShifter":0,"Velvet Choker":20,"StoneCalendar":7,"downfall:HeartBlessingGreen":9,"PreservedInsect":13,"Omamori":27,"Question Card":4,"Boot":16,"Bronze Scales":13,"Coffee Dripper":9,"Chemical X":22,"Membership Card":24,"Toy Ornithopter":17,"InkBottle":24},{"Guardian:BottledStasis":9,"Lantern":23,"downfall:HeartBlessingRed":36,"Guardian:ModeShifter":0,"Velvet Choker":73,"StoneCalendar":27,"downfall:HeartBlessingGreen":36,"PreservedInsect":54,"Omamori":95,"Question Card":15,"Boot":59,"Bronze Scales":54,"Coffee Dripper":36,"Chemical X":79,"Membership Card":84,"Toy Ornithopter":61,"InkBottle":84}],"Toy Ornithopter":35,"InkBottle":[13]},"card_choices":[{"not_picked":["Guardian:WalkerClaw","Guardian:TemporalStrike"],"picked":"Guardian:ShieldCharger","floor":2},{"not_picked":["Guardian:Gem_Blue","Guardian:VentSteam"],"picked":"Guardian:Gem_Red","floor":4},{"not_picked":["Guardian:Planning","Guardian:RollAttack"],"picked":"Guardian:PolyBeam","floor":5},{"not_picked":["Guardian:Gem_Lightblue","Guardian:PiercingHide"],"picked":"Guardian:SentryBeam","floor":6},{"not_picked":["Guardian:Planning","Guardian:GuardianWhirl","Guardian:RollAttack"],"picked":"Guardian:Gem_Red","floor":8},{"not_picked":["Guardian:Gem_Crimson","Guardian:VentSteam","Guardian:TemporalShield"],"picked":"Guardian:Gem_Fragmented","floor":9},{"not_picked":["Guardian:VentSteam","Guardian:EvasiveProtocol","Guardian:CrystalBeam"],"picked":"Guardian:ExploitGems","floor":14},{"not_picked":["Guardian:Planning","Guardian:Reroute","Guardian:WalkerClaw"],"picked":"Guardian:Gem_Cyan","floor":15},{"not_picked":["Guardian:SphericShield","Guardian:ConstructionForm","Guardian:RevengeProtocol"],"picked":"Guardian:ExploitGems","floor":16},{"not_picked":["Guardian:Gem_Lightblue","Guardian:Reroute+1","Guardian:ShieldCharger"],"picked":"Guardian:Repulse","floor":19},{"not_picked":["Guardian:ArmoredProtocol","Guardian:SpikerProtocol","Guardian:PiercingHide"],"picked":"Guardian:Gem_Cyan","floor":20},{"not_picked":["Guardian:BronzeOrb+1","Guardian:PrimingBeam","Guardian:WalkerClaw+1"],"picked":"Guardian:MultiBeam+1","floor":21},{"not_picked":["Guardian:PiercingHide","Guardian:ArmoredProtocol","Guardian:HyperBeam_Guardian"],"picked":"Guardian:StasisStrike","floor":23},{"not_picked":["Guardian:PiercingHide","Guardian:MultiBeam","Guardian:Gem_Cyan"],"picked":"Guardian:Gem_Crimson","floor":26},{"not_picked":["Guardian:Reroute+1","Guardian:PrismaticBeam","Guardian:RefractedBeam+1"],"picked":"Guardian:Gem_Crimson","floor":28},{"not_picked":["Guardian:SentryBeam","Guardian:RevengeProtocol","Guardian:ShieldCharger+1"],"picked":"Guardian:ChargeCore","floor":29},{"not_picked":["Guardian:PrimingBeam+1","Guardian:ChargeCore","Guardian:HyperBeam_Guardian"],"picked":"Guardian:CrystalBeam","floor":30},{"not_picked":["Guardian:RollAttack","Guardian:PiercingHide","Guardian:TimeCapacitor+1"],"picked":"Guardian:Gem_Blue","floor":31},{"not_picked":["Guardian:DonusPower","Guardian:PiercingHide","Guardian:ChargeCore","Guardian:Incinerate"],"picked":"SKIP","floor":32},{"not_picked":["Guardian:RevengeProtocol","Guardian:AncientConstruct","Guardian:ConstructionForm"],"picked":"Guardian:ExploitGems","floor":33},{"not_picked":["Guardian:Suspension+1","Guardian:Reroute","Guardian:Preprogram"],"picked":"Guardian:Gem_Red","floor":36},{"not_picked":["Guardian:Gem_Green","Guardian:ConstructionForm","Guardian:BodySlam"],"picked":"Guardian:Gem_White","floor":37},{"not_picked":["Guardian:Incinerate","Guardian:PiercingHide","Guardian:WalkerClaw+1"],"picked":"Guardian:PrismaticBarrier","floor":38},{"not_picked":["Guardian:DecasProtection+1","Guardian:Gem_Blue","Guardian:PrismaticBarrier+1"],"picked":"Guardian:Gem_Crimson","floor":39},{"not_picked":["Guardian:RollAttack","Guardian:Preprogram+1","Guardian:Reroute"],"picked":"Guardian:CrystalBeam+1","floor":40},{"not_picked":["Guardian:Suspension+1","Guardian:PiercingHide","Guardian:VentSteam","Guardian:Planning+1"],"picked":"SKIP","floor":43},{"not_picked":["Guardian:Clone","Guardian:ShieldCharger","Guardian:PolyBeam+1"],"picked":"Guardian:Gem_Green","floor":45},{"not_picked":["Guardian:PiercingHide+1","Guardian:StasisStrike","Guardian:Recover+1"],"picked":"Guardian:Gem_Lightblue","floor":47},{"not_picked":["Guardian:Harden+1","Guardian:Gem_Blue","Guardian:Incinerate+1","Guardian:VentSteam"],"picked":"SKIP","floor":49}],"player_experience":73563,"relics_obtained":[{"floor":7,"key":"Question Card"},{"floor":14,"key":"StoneCalendar"},{"floor":23,"key":"Bronze Scales"},{"floor":24,"key":"PreservedInsect"},{"floor":29,"key":"Boot"},{"floor":30,"key":"Toy Ornithopter"},{"floor":45,"key":"Omamori"}],"event_choices":[{"damage_healed":0,"gold_gain":0,"player_choice":"Box","damage_taken":0,"relics_obtained":["Lantern"],"max_hp_gain":0,"max_hp_loss":0,"event_name":"Big Fish","floor":11,"gold_loss":0,"cards_obtained":["Regret"]},{"cards_removed":["Regret"],"damage_healed":0,"gold_gain":0,"player_choice":"Card Removal","damage_taken":0,"max_hp_gain":0,"max_hp_loss":0,"event_name":"The Cleric","floor":12,"gold_loss":0},{"damage_healed":0,"gold_gain":0,"cards_transformed":["Guardian:Strike_Guardian","Guardian:Strike_Guardian"],"player_choice":"Became Test Subject","damage_taken":0,"max_hp_gain":0,"max_hp_loss":0,"event_name":"Drug Dealer","floor":22,"gold_loss":0,"cards_obtained":["Guardian:PrismaticBeam","Guardian:HyperBeam_Guardian"]}],"is_beta":false,"boss_relics":[{"not_picked":["bronze:MakeshiftBattery","Snecko Eye"],"picked":"Coffee Dripper"},{"not_picked":["Cursed Key","Runic Dome"],"picked":"Velvet Choker"}],"items_purged_floors":[37,39],"is_endless":false,"potions_floor_spawned":[5,6,9,21,23,26,28,32,33,38,40,43,45,48],"ascension_level":0}}