{"host":"dxw0slwvk2p0izr3","time":1613749008,"event":{"mods":["BaseMod","Downfall","Marisa£®ÏF”Í°°ƒß¿Ì…≥£©","Minty Spire (QoL Compilation)","Remilia£®¿Ÿ√◊¿Ú—«£©","Replay The Spire","Shop Mod","StSLib","The Servant 0.9.4"],"gold_per_floor":[110,110,110,188,205,205,230,230,255,205,220,238,238,238,238,258,258,355,355,373,373],"floor_reached":20,"language":"ZHS","playtime":692,"items_purged":[],"score":227,"play_id":"2a06c91f-52dd-4c05-a6ed-c3fd39557924","local_time":"20210219233648","is_ascension_mode":true,"campfire_choices":[{"data":"Eruption","floor":6,"key":"SMITH"},{"data":"ClearTheMind","floor":8,"key":"SMITH"},{"data":"FollowUp","floor":13,"key":"SMITH"},{"data":"FlurryOfBlows","floor":17,"key":"SMITH"}],"circlet_count":0,"master_deck":["Eruption+1","Vigilance","Replay:Vibes","ClearTheMind+1","Consecrate","FlurryOfBlows+1","FollowUp+1","Omniscience","InnerPeace","Blasphemy","FollowUp","Indignation","Replay:BluntJabs","WindmillStrike","Replay:ManipulateFuture"],"relics":["PureWater","NeowsBlessing","Ring of Searing","Singing Bowl","Frozen Egg 2","Anchor","Pandora\u0027s Box"],"acts_visited":["Exordium","TheCity"],"potions_floor_usage":[16,20],"damage_taken":[{"damage":0.0,"enemies":"2 Louse","floor":1.0,"turns":1.0},{"damage":0,"enemies":"Small Slimes","floor":5,"turns":1},{"damage":0,"enemies":"Gremlin Nob","floor":7,"turns":1},{"damage":10,"enemies":"Jaw Worm","floor":11,"turns":3},{"damage":10,"enemies":"Large Slime","floor":12,"turns":4},{"damage":2,"enemies":"Exordium Wildlife","floor":16,"turns":3},{"damage":36,"enemies":"The Guardian","floor":18,"turns":8},{"damage":5,"enemies":"Shell Parasite","floor":20,"turns":2}],"seed_played":"1167225422904962091","potions_obtained":[{"floor":1.0,"key":"LiquidMemories"},{"floor":11,"key":"Elixir"},{"floor":18,"key":"DistilledChaos"}],"is_trial":false,"path_per_floor":["M","?","?","T","M","R","E","R","T","?","M","M","R","PTL","PTL","M","R","B",null,"M"],"character_chosen":"WATCHER","items_purchased":[],"campfire_rested":0,"item_purchase_floors":[],"current_hp_per_floor":[72,72,72,72,74,74,74,74,74,74,64,54,54,54,54,54,54,18,76,73,73],"gold":373,"neow_bonus":"THREE_ENEMY_KILL","is_daily":false,"chose_seed":false,"campfire_upgraded":4,"win_rate":0.0,"timestamp":1613749008,"path_taken":["M","?","?","?","M","R","E","R","T","?","M","?","R","PTL","PTL","?","R","BOSS","M"],"items_purchased_type":[],"build_version":"2020-12-22","purchased_purges":0,"victory":false,"max_hp_per_floor":[72,72,72,72,74,74,74,74,74,74,74,74,74,74,74,76,76,76,76,78,78],"card_choices":[{"not_picked":["Replay:Anticipation","FlyingSleeves"],"picked":"Replay:Vibes","floor":1.0},{"not_picked":["Tantrum","Evaluate","Prostrate"],"picked":"Singing Bowl","floor":5},{"not_picked":["PathToVictory","WindmillStrike"],"picked":"Consecrate","floor":7},{"not_picked":["Prostrate","DeceiveReality"],"picked":"FlurryOfBlows","floor":11},{"not_picked":["Worship","BowlingBash"],"picked":"FollowUp","floor":12},{"not_picked":["Replay:Anticipation","FearNoEvil","SashWhip"],"picked":"Singing Bowl","floor":16},{"not_picked":["Ragnarok","DeusExMachina"],"picked":"Omniscience","floor":18},{"not_picked":["ClearTheMind","Protect","Replay:ManipulateFuture"],"picked":"Singing Bowl","floor":20}],"player_experience":78533,"relics_obtained":[{"floor":3,"key":"Ring of Searing"},{"floor":4,"key":"Singing Bowl"},{"floor":7,"key":"Frozen Egg 2"},{"floor":9,"key":"Anchor"}],"event_choices":[{"damage_healed":0.0,"max_hp_gain":0.0,"max_hp_loss":0.0,"gold_gain":0.0,"cards_transformed":["Defend_P"],"event_name":"Living Wall","player_choice":"Change","floor":2.0,"gold_loss":0.0,"damage_taken":0.0,"cards_obtained":["ClearTheMind"]},{"cards_removed":["Normality"],"damage_healed":0,"gold_gain":0,"player_choice":"Card Removal","damage_taken":0,"max_hp_gain":0,"max_hp_loss":0,"event_name":"The Cleric","floor":10,"gold_loss":50}],"is_beta":false,"boss_relics":[{"not_picked":["Black Star","Philosopher\u0027s Stone"],"picked":"Pandora\u0027s Box"}],"items_purged_floors":[],"is_endless":false,"potions_floor_spawned":[1,11,18],"killed_by":"Shell Parasite","ascension_level":3}}