{"host":"13ii7kifcsv20hya","time":1613739326,"event":{"mods":["BaseMod","Minty Spire (QoL Compilation)","Replay The Spire","StSLib"],"gold_per_floor":[111,111,131,148,148,148,175,175,175,186,221,321,338,364,364,459,459,479,479,499,56,67,99,99,111,111,31,49,49,69,42,42,137,137,156,1155,516,516,54,73,99,111,161,172,202,217,0,35,35,35],"floor_reached":51,"language":"ENG","playtime":2715,"items_purged":["Normality","Normality"],"score":837,"play_id":"0a7157f2-1f6b-4fd5-b732-92f110f42bb8","local_time":"20210219135526","is_ascension_mode":true,"campfire_choices":[{"data":"Cloak And Dagger","floor":6.0,"key":"SMITH"},{"data":"Cloak And Dagger","floor":8.0,"key":"SMITH"},{"data":"Footwork","floor":15.0,"key":"SMITH"},{"data":"Accuracy","floor":24.0,"key":"SMITH"},{"data":"Accuracy","floor":32,"key":"SMITH"},{"data":"ReplayTheSpireMod:Restless Dread","floor":49,"key":"PURGE"}],"circlet_count":0,"master_deck":["Strike_G+1","Strike_G","Strike_G+1","Strike_G+1","Strike_G","Defend_G","Defend_G","Defend_G","Survivor","Neutralize","Finisher+1","Cloak And Dagger+1","Cloak And Dagger+1","Footwork+1","Accuracy+1","Replay:Bag of Tricks","Backflip","Cloak And Dagger","Infinite Blades","Blur+1","Accuracy+1","Finisher+1","Atom Bomb+1","ReplayUltimateDefense+1","ReplayUltimateDefense+1","Backflip+1","Cloak And Dagger+1"],"relics":["SlaversCollar","StrikeDummy","Replay:Bottled Steam","Anchor","Snake Skull","ReplayTheSpireMod:DimensionalGlitch","Durian","Whetstone","Replay:Bottled Flurry","Molten Egg 2","Blue Doll","Runic Dome","TwistedFunnel","Strawberry","Replay:Ringing Soul","Golden Egg","Omamori","Happy Flower","Peace Pipe","Red Mask","Tingsha"],"acts_visited":["Exordium","TheCity","TheBeyond"],"potions_floor_usage":[33,33,33,44,48,50,50],"damage_taken":[{"damage":0.0,"enemies":"Small Slimes","floor":1.0,"turns":5.0},{"damage":0.0,"enemies":"2 Louse","floor":3.0,"turns":2.0},{"damage":0.0,"enemies":"Cultist","floor":4.0,"turns":4.0},{"damage":1.0,"enemies":"3 Sentries","floor":7.0,"turns":7.0},{"damage":0.0,"enemies":"Red Slaver","floor":10.0,"turns":3.0},{"damage":2.0,"enemies":"Lagavulin","floor":11.0,"turns":4.0},{"damage":0.0,"enemies":"Gremlin Gang","floor":13.0,"turns":5.0},{"damage":3.0,"enemies":"Replay:BlueRogue","floor":14.0,"turns":4.0},{"damage":21.0,"enemies":"The Guardian","floor":16.0,"turns":7.0},{"damage":10.0,"enemies":"Spheric Guardian","floor":18.0,"turns":4.0},{"damage":0.0,"enemies":"2 Thieves","floor":20.0,"turns":4.0},{"damage":0.0,"enemies":"Shelled Parasite and Fungi","floor":22.0,"turns":5.0},{"damage":0.0,"enemies":"Book of Stabbing","floor":23.0,"turns":4.0},{"damage":5.0,"enemies":"3 Cultists","floor":25.0,"turns":4.0},{"damage":0,"enemies":"Centurion and Healer","floor":28,"turns":5},{"damage":0,"enemies":"Cultist and Chosen","floor":30,"turns":4},{"damage":24,"enemies":"Collector","floor":33,"turns":5},{"damage":0,"enemies":"Orb Walker","floor":35,"turns":2},{"damage":21,"enemies":"3 Shapes","floor":40,"turns":5},{"damage":0,"enemies":"Nemesis","floor":41,"turns":5},{"damage":0,"enemies":"Sphere and 2 Shapes","floor":42,"turns":6},{"damage":0,"enemies":"Jaw Worm Horde","floor":44,"turns":4},{"damage":0,"enemies":"Reptomancer","floor":45,"turns":4},{"damage":0,"enemies":"Spire Growth","floor":46,"turns":4},{"damage":0,"enemies":"Giant Head","floor":48,"turns":5},{"damage":0,"enemies":"Replay:Hell Engine","floor":50,"turns":11}],"seed_played":"-1743751438050608369","potions_obtained":[{"floor":1.0,"key":"ColorlessPotion"},{"floor":7.0,"key":"SkillPotion"},{"floor":10.0,"key":"Reflective Coating"},{"floor":16.0,"key":"Reflective Coating"},{"floor":25.0,"key":"Explosive Potion"},{"floor":28,"key":"FearPotion"},{"floor":30,"key":"ColorlessPotion"},{"floor":33,"key":"Fire Potion"},{"floor":41,"key":"PowerPotion"},{"floor":42,"key":"FearPotion"},{"floor":45,"key":"ColorlessPotion"}],"is_trial":false,"path_per_floor":["M","?","M","M","?","R","E","R","T","M","E","?","M","E","R","B",null,"M","?","M","$","M","E","R","M","T","$","M","?","M","$","R","B",null,"M","?","$","?","$","M","E","M","T","M","E","M","?","E","R","B",null],"character_chosen":"THE_SILENT","items_purchased":["Durian","Whetstone","Accuracy","Finisher+1","TwistedFunnel","Strawberry","Replay:Ringing Soul","Golden Egg","ReplayUltimateDefense"],"campfire_rested":0,"item_purchase_floors":[21,21,27,31,37,37,37,39,39],"current_hp_per_floor":[70,56,56,56,49,49,48,48,48,48,46,46,46,43,43,22,70,60,60,60,65,65,65,65,60,60,60,60,60,60,60,60,36,75,75,75,82,82,85,67,67,70,70,70,70,70,70,70,70,70],"gold":35,"neow_bonus":"BOSS_RELIC","is_daily":false,"chose_seed":false,"campfire_upgraded":5,"win_rate":0.0,"timestamp":1613739326,"path_taken":["M","?","M","M","?","R","E","R","T","M","E","?","?","E","R","BOSS","M","?","M","$","M","E","R","M","T","$","?","?","M","?","R","BOSS","M","?","$","?","$","M","E","M","T","?","E","M","?","E","R","BOSS"],"items_purchased_type":["Relic","Relic","Card","Card","Relic","Relic","Relic","Relic","Card"],"build_version":"2020-12-22","purchased_purges":2,"victory":true,"max_hp_per_floor":[70,70,70,70,70,70,70,70,70,70,70,70,70,70,70,70,70,70,70,70,75,75,75,75,75,75,75,75,75,75,75,75,75,75,75,75,82,82,85,88,88,91,91,91,91,91,91,91,91,91],"card_choices":[{"not_picked":["ReplayTheSpireMod:Tripwire","Dagger Throw"],"picked":"Finisher","floor":1.0},{"not_picked":["Finisher","Deflect"],"picked":"Cloak And Dagger","floor":3.0},{"not_picked":["Deflect","Underhanded Strike","Sucker Punch"],"picked":"SKIP","floor":4.0},{"not_picked":["Poisoned Stab","Outmaneuver"],"picked":"Cloak And Dagger","floor":7.0},{"not_picked":["All Out Attack","Bane","Deadly Poison"],"picked":"SKIP","floor":10.0},{"not_picked":["Dodge and Roll","Predator"],"picked":"Footwork","floor":11.0},{"not_picked":["Poisoned Stab","Doppelganger"],"picked":"Accuracy","floor":13.0},{"not_picked":["Endless Agony","Distraction","Poisoned Stab"],"picked":"SKIP","floor":14.0},{"not_picked":["Glass Knife","Corpse Explosion"],"picked":"Replay:Bag of Tricks","floor":16.0},{"not_picked":["Quick Slash","Terror+1"],"picked":"Backflip","floor":18.0},{"not_picked":["Caltrops","Toxin Wave"],"picked":"Well Laid Plans","floor":20.0},{"not_picked":["Blade Dance","ReplayTheSpireMod:Exploit Weakness"],"picked":"Infinite Blades","floor":22.0},{"not_picked":["A Thousand Cuts","Dagger Spray+1","Eviscerate+1"],"picked":"SKIP","floor":23.0},{"not_picked":["Infinite Blades","Acrobatics"],"picked":"Blur+1","floor":25.0},{"not_picked":["Prepared","Acrobatics+1","Quick Slash+1"],"picked":"SKIP","floor":28},{"not_picked":["Poisoned Stab+1","Dodge and Roll+1","ReplayTheSpireMod:The Works"],"picked":"SKIP","floor":30},{"not_picked":["ReplayTheSpireMod:From All Sides+1","Die Die Die+1"],"picked":"Atom Bomb+1","floor":33},{"not_picked":["ReplayTheSpireMod:Exploit Weakness","Bane+1","Flying Knee+1"],"picked":"SKIP","floor":35},{"not_picked":["Catalyst","Dagger Throw+1"],"picked":"Backflip+1","floor":40},{"not_picked":["Dagger Throw+1","Deadly Poison+1","Masterful Stab+1"],"picked":"SKIP","floor":41},{"not_picked":["Flying Knee+1","Predator+1"],"picked":"Cloak And Dagger+1","floor":42},{"not_picked":["Bane+1","Backflip+1","Flying Knee+1"],"picked":"SKIP","floor":44},{"not_picked":["PiercingWail+1","Bane+1","Caltrops"],"picked":"SKIP","floor":45},{"not_picked":["Dagger Spray+1","Calculated Gamble","Underhanded Strike+1"],"picked":"SKIP","floor":46},{"not_picked":["Dagger Spray+1","Calculated Gamble","Underhanded Strike+1"],"picked":"SKIP","floor":46},{"not_picked":["Dagger Spray+1","Dagger Throw+1","Calculated Gamble"],"picked":"SKIP","floor":48}],"player_experience":139926,"relics_obtained":[{"floor":7.0,"key":"StrikeDummy"},{"floor":9.0,"key":"Replay:Bottled Steam"},{"floor":11.0,"key":"Anchor"},{"floor":14.0,"key":"Snake Skull"},{"floor":23.0,"key":"Replay:Bottled Flurry"},{"floor":26,"key":"Molten Egg 2"},{"floor":41,"key":"Omamori"},{"floor":43,"key":"Happy Flower"},{"floor":45,"key":"Peace Pipe"},{"floor":48,"key":"Tingsha"}],"event_choices":[{"damage_healed":0.0,"max_hp_gain":0.0,"max_hp_loss":0.0,"gold_gain":0.0,"event_name":"Shining Light","player_choice":"Entered Light","floor":2.0,"gold_loss":0.0,"damage_taken":14.0,"cards_upgraded":["Strike_G","Finisher"]},{"cards_removed":["Defend_G"],"damage_healed":0.0,"max_hp_gain":0.0,"max_hp_loss":0.0,"gold_gain":0.0,"event_name":"Golden Wing","player_choice":"Card Removal","floor":5.0,"gold_loss":0.0,"damage_taken":7.0},{"damage_healed":0.0,"max_hp_gain":0.0,"max_hp_loss":0.0,"gold_gain":100.0,"event_name":"Golden Shrine","player_choice":"Pray","floor":12.0,"gold_loss":0.0,"damage_taken":0.0},{"damage_healed":0.0,"max_hp_gain":0.0,"max_hp_loss":0.0,"gold_gain":0.0,"cards_transformed":["Defend_G"],"event_name":"Transmorgrifier","player_choice":"Transformed","floor":19.0,"gold_loss":0.0,"damage_taken":0.0,"cards_obtained":["Cloak And Dagger"]},{"damage_healed":0,"gold_gain":999,"player_choice":"Gold","damage_taken":0,"max_hp_gain":0,"max_hp_loss":0,"event_name":"MindBloom","floor":36,"gold_loss":0,"cards_obtained":["Normality","Normality"]},{"cards_removed":["Well Laid Plans"],"damage_healed":0,"gold_gain":0,"player_choice":"Removed Power","damage_taken":0,"max_hp_gain":0,"max_hp_loss":0,"event_name":"Falling","floor":38,"gold_loss":0},{"damage_healed":0,"gold_gain":0,"player_choice":"Paid","damage_taken":0,"relics_obtained":["Red Mask"],"max_hp_gain":0,"max_hp_loss":0,"event_name":"Tomb of Lord Red Mask","floor":47,"gold_loss":217}],"is_beta":false,"boss_relics":[{"not_picked":["Ring of Chaos","Tiny House"],"picked":"ReplayTheSpireMod:DimensionalGlitch"},{"not_picked":["ChewingGum","Fusion Hammer"],"picked":"Runic Dome"}],"items_purged_floors":[37,39],"is_endless":false,"potions_floor_spawned":[1,7,10,16,25,28,30,33,41,42,45],"ascension_level":1}}