{"host":"8t5dkgm85abdp22d","time":1613709174,"event":{"mods":["ATMod(阿瑾Mod)","Act Like it!","BaseMod","Colored Powertips","Conspire","Gensokyo","GungeonMod","Hallownest","Minty Spire (QoL Compilation)","MostiFishMod","Remilia（蕾米莉亚）","RumiaBox-露米娅的神秘盒子","Ryuuou龙王","StSLib","The Bug Knight","UnlockEverythingMod","Waifu the Spire","WarShipGirlsR/战舰少女R mod","Yakumo Yukari mod"],"gold_per_floor":[119,136,146,161,46,46,72,82,152,176,208,208,248,272,272,357,366,381,407,416,440,440,516,516,516],"floor_reached":24,"language":"ZHS","playtime":830,"items_purged":[],"score":530,"play_id":"8713e053-6aec-425b-9848-4c0f0296d539","local_time":"20210219123254","is_ascension_mode":true,"campfire_choices":[{"data":"Eruption","floor":6,"key":"SMITH"},{"data":"Adaptation","floor":15,"key":"SMITH"}],"circlet_count":0,"master_deck":["AscendersBane","Strike_P","Strike_P","Strike_P","Strike_P","Defend_P","Defend_P","Defend_P","Defend_P","Eruption+1","Vigilance","AT_DarkMatter","MostiFishMod:PathToVictory","Adaptation+1","DevaForm","Adaptation","BowlingBash","MostiFishMod:Adaptation","CurseOfTheBell","Tantrum","Wish","Evaluate"],"relics":["PureWater","AT_ATBox","DaveBox","NeowsBlessing","RhineSuit","SynthV:TestCard","DemoMod:GnawedKey","CeramicFish","Tiny Chest","WingedGreaves","Calling Bell","AT_Manta","Ornamental Fan","Oddly Smooth Stone","AntiCross"],"acts_visited":["Exordium","TheCity"],"potions_floor_usage":[19],"damage_taken":[{"damage":0,"enemies":"2 Louse","floor":1,"turns":1},{"damage":0,"enemies":"Jaw Worm","floor":2,"turns":1},{"damage":0,"enemies":"Small Slimes","floor":3,"turns":1},{"damage":0,"enemies":"Looter","floor":4,"turns":3},{"damage":8,"enemies":"3 Sentries","floor":7,"turns":8},{"damage":0,"enemies":"Large Slime","floor":8,"turns":4},{"damage":0,"enemies":"Blue Slaver","floor":10,"turns":3},{"damage":8,"enemies":"Lagavulin","floor":11,"turns":4},{"damage":0,"enemies":"3 Sentries","floor":13,"turns":4},{"damage":13,"enemies":"Red Slaver","floor":14,"turns":4},{"damage":18,"enemies":"Hexaghost","floor":16,"turns":6},{"damage":15,"enemies":"3 Byrds","floor":18,"turns":4},{"damage":0,"enemies":"Chosen","floor":19,"turns":2},{"damage":0,"enemies":"Sentry and Sphere","floor":21,"turns":3},{"damage":23,"enemies":"HollowMod:Nosk","floor":23,"turns":4},{"damage":24,"enemies":"Slavers","floor":24,"turns":1}],"seed_played":"-3658450899463394878","potions_obtained":[{"floor":3,"key":"GamblersBrew"},{"floor":4,"key":"Dexterity Potion"},{"floor":18,"key":"Swift Potion"},{"floor":23,"key":"DemoMod:LeadSkinPotion"}],"is_trial":false,"path_per_floor":["M","M","M","M","$","R","E","M","T","M","E","?","E","M","R","B",null,"M","M","?","M","?","E","E"],"character_chosen":"WATCHER","items_purchased":["DemoMod:GnawedKey"],"campfire_rested":0,"item_purchase_floors":[5],"current_hp_per_floor":[61,61,61,61,61,61,53,53,53,53,45,50,50,37,37,19,60,45,45,45,45,45,22,0,0],"gold":516,"neow_bonus":"THREE_ENEMY_KILL","is_daily":false,"chose_seed":false,"campfire_upgraded":2,"win_rate":0.0,"timestamp":1613709174,"path_taken":["M","M","M","M","$","R","E","M","T","M","E","?","E","M","R","BOSS","M","M","?","M","?","E","E"],"items_purchased_type":["Relic"],"build_version":"2020-12-22","purchased_purges":0,"victory":false,"max_hp_per_floor":[68,68,68,68,68,68,68,68,68,68,68,73,73,73,73,73,73,73,73,73,73,73,73,73,73],"card_choices":[{"not_picked":["ThirdEye","AT_RealFormLess","Protect"],"picked":"SKIP","floor":1},{"not_picked":["EmptyFist","LikeWater","Consecrate","EmptyBody","ThirdEye"],"picked":"SKIP","floor":2},{"not_picked":["InnerPeace","Worship","JustLucky","Evaluate"],"picked":"MostiFishMod:PathToVictory","floor":3},{"not_picked":["Tantrum","Vault","BowlingBash","TalkToTheHand"],"picked":"Adaptation","floor":4},{"not_picked":["JustLucky","CrushJoints","WreathOfFlame","DeceiveReality","CutThroughFate"],"picked":"SKIP","floor":7},{"not_picked":["DeceiveReality","SashWhip","Nirvana","Fasting2","EmptyFist"],"picked":"SKIP","floor":8},{"not_picked":["MostiFishMod:ScryFuture","WheelKick","Crescendo","Protect"],"picked":"DevaForm","floor":10},{"not_picked":["CrushJoints","Protect","SashWhip","Prostrate","Fasting2"],"picked":"SKIP","floor":11},{"not_picked":["Consecrate","Wallop","PathToVictory","FlurryOfBlows"],"picked":"Adaptation","floor":13},{"not_picked":["Sanctity","FlyingSleeves","ReachHeaven","ThirdEye"],"picked":"BowlingBash","floor":14},{"not_picked":["MostiFishMod:StarLaLaLa","MostiFishMod:Disappear","MostiFishMod:StarWish","MostiFishMod:Moonprays"],"picked":"MostiFishMod:Adaptation","floor":16},{"not_picked":["Pray","ReachHeaven","Halt","CutThroughFate","FlyingSleeves+1"],"picked":"SKIP","floor":18},{"not_picked":["Consecrate","ClearTheMind","MasterReality","Nirvana"],"picked":"Tantrum","floor":19},{"not_picked":[],"picked":"Wish","floor":20},{"not_picked":["Study","FlyingSleeves","Meditate","AT_OneInchPunch"],"picked":"Evaluate","floor":21},{"not_picked":["MostiFishMod:PathToVictory","ClearTheMind","FlyingSleeves","AT_DivineConfetti+1","Crescendo"],"picked":"SKIP","floor":23}],"player_experience":107739,"relics_obtained":[{"floor":1,"key":"SynthV:TestCard"},{"floor":7,"key":"CeramicFish"},{"floor":11,"key":"Tiny Chest"},{"floor":13,"key":"WingedGreaves"},{"floor":17,"key":"AT_Manta"},{"floor":17,"key":"Ornamental Fan"},{"floor":17,"key":"Oddly Smooth Stone"},{"floor":23,"key":"AntiCross"}],"event_choices":[{"damage_healed":0,"gold_gain":0,"player_choice":"Donut","damage_taken":0,"max_hp_gain":5,"max_hp_loss":0,"event_name":"Big Fish","floor":12,"gold_loss":0},{"damage_healed":0,"gold_gain":0,"player_choice":"Ignored","damage_taken":0,"max_hp_gain":0,"max_hp_loss":0,"event_name":"Vampires","floor":22,"gold_loss":0}],"is_beta":false,"boss_relics":[{"not_picked":["RhineCircuit","xbg"],"picked":"Calling Bell"}],"items_purged_floors":[],"is_endless":false,"potions_floor_spawned":[3,4,11,14,18,23],"killed_by":"Slavers","ascension_level":20}}