{"host":"1ycuxm9gov0tl9zf","time":1613711146,"event":{"mods":["AchievementEnabler","Act Like it!","BaseMod","Colored Powertips","Downfall","Gensokyo","GifTheSpireLib","Hallownest","Marisa£®ÏF”Í°°ƒß¿Ì…≥£©","Minty Spire (QoL Compilation)","Quick Restart","Remilia£®¿Ÿ√◊¿Ú—«£©","Replay The Spire","Shop Mod","StSLib","The Administrix","The Animator","The Bug Knight"],"gold_per_floor":[113,127,179,234,252,278,278,304,382,382,397,397,422,436,489,588,588,604,593,593,609,68,68,93,93,93,93,104,131,141,153,153,255,255,269,284,284,297,317,344,32,50,50,63,75,28,28,53,53,53,53],"floor_reached":50,"language":"ZHS","playtime":13008,"items_purged":["ReplayTheSpireMod:Splinters"],"score":616,"play_id":"2b26e6bc-8eb0-4940-8648-f3a683a469d7","local_time":"20210219130546","is_ascension_mode":false,"campfire_choices":[{"data":"Noxious Fumes","floor":7,"key":"SMITH"},{"data":"A Thousand Cuts","floor":23,"key":"SMITH"},{"floor":32,"key":"DIG"},{"floor":47,"key":"RECALL"}],"circlet_count":0,"master_deck":["Strike_G","Strike_G","Strike_G","Strike_G","Strike_G","Defend_G","Defend_G","Defend_G+1","Defend_G","Defend_G","Survivor","Neutralize","All Out Attack","Footwork","Acrobatics+1","Cloak And Dagger","Noxious Fumes+1","Endless Agony","Poisoned Stab","Sucker Punch","Dagger Throw","Replay:Bag of Tricks","Underhanded Strike+1","ReplayTheSpireMod:Speed Training","Sucker Punch+1","Poisoned Stab","A Thousand Cuts+1","ReplayTheSpireMod:The Works+1","Slimebound:CheckThePlaybook","Die Die Die","Backflip","Footwork","Backflip+1","Replay:Bag of Tricks","ReplayTheSpireMod:Shiv Toss","Dagger Throw","Quick Slash+1","Poisoned Stab+1","Bane+1","Flying Knee+1","Finisher+1","Flying Knee","Underhanded Strike","ReplayTheSpireMod:Speed Training+1"],"relics":["Ring of the Snake","Centennial Puzzle","Bird Faced Urn","PreservedInsect","Bottled Flame","bronze:MakeshiftBattery","War Paint","Vampiric Spirits","Gremlin Horn","Nilry\u0027s Codex","Pear","Replay:Multitool","Pondfish Scales","Coffee Dripper","Calipers","Lantern","Tingsha","Bottled Lightning","Snake Skull"],"acts_visited":["Exordium","TheCity","TheBeyond"],"potions_floor_usage":[13,13,16,29,29,33,36,40,45,50,50],"damage_taken":[{"damage":0,"enemies":"Jaw Worm","floor":1,"turns":3},{"damage":0,"enemies":"Small Slimes","floor":2,"turns":6},{"damage":0,"enemies":"2 Louse","floor":5,"turns":3},{"damage":11,"enemies":"3 Sentries","floor":6,"turns":5},{"damage":3,"enemies":"Lagavulin","floor":8,"turns":9},{"damage":0,"enemies":"Large Slime","floor":11,"turns":6},{"damage":11,"enemies":"Gremlin Nob","floor":13,"turns":3},{"damage":3,"enemies":"Looter","floor":14,"turns":4},{"damage":63,"enemies":"The Guardian","floor":16,"turns":10},{"damage":9,"enemies":"3 Byrds","floor":18,"turns":5},{"damage":4,"enemies":"2 Thieves","floor":19,"turns":4},{"damage":26,"enemies":"Centurion and Healer","floor":21,"turns":6},{"damage":0,"enemies":"Gremlin Leader","floor":24,"turns":5},{"damage":0,"enemies":"Chosen and Byrds","floor":28,"turns":4},{"damage":13,"enemies":"Slavers","floor":29,"turns":2},{"damage":17,"enemies":"Snake Plant","floor":30,"turns":4},{"damage":8,"enemies":"Shelled Parasite and Fungi","floor":31,"turns":3},{"damage":49,"enemies":"Automaton","floor":33,"turns":8},{"damage":19,"enemies":"3 Darklings","floor":35,"turns":3},{"damage":11,"enemies":"Orb Walker","floor":36,"turns":3},{"damage":13,"enemies":"Spire Growth","floor":38,"turns":5},{"damage":7,"enemies":"Jaw Worm Horde","floor":39,"turns":3},{"damage":27,"enemies":"Giant Head","floor":40,"turns":8},{"damage":4,"enemies":"4 Shapes","floor":42,"turns":3},{"damage":11,"enemies":"Maw","floor":44,"turns":7},{"damage":6,"enemies":"3 Darklings","floor":45,"turns":3},{"damage":50,"enemies":"Nemesis","floor":48,"turns":7},{"damage":78,"enemies":"Donu and Deca","floor":50,"turns":7}],"seed_played":"-3613166665332374923","potions_obtained":[{"floor":4,"key":"Reflective Coating"},{"floor":5,"key":"Energy Potion"},{"floor":8,"key":"champ:CounterPotion"},{"floor":13,"key":"SteroidPotion"},{"floor":16,"key":"Languid Potion"},{"floor":21,"key":"Venom Potion"},{"floor":24,"key":"Explosive Potion"},{"floor":31,"key":"CunningPotion"},{"floor":33,"key":"PowerPotion"},{"floor":39,"key":"Adrenaline Potion"},{"floor":40,"key":"Dexterity Potion"},{"floor":44,"key":"AttackPotion"},{"floor":48,"key":"champ:CounterPotion"}],"is_trial":false,"path_per_floor":["M","M","?","?","M","E","R","E","T","?","M","?","E","M","R","B",null,"M","M","?","M","$","R","E","?","T","?","M","E","M","M","R","B",null,"M","M","?","M","M","E","$","M","T","M","M","$","R","E","R","B"],"character_chosen":"THE_SILENT","items_purchased":["Vampiric Spirits","Poisoned Stab","A Thousand Cuts","Tingsha","Underhanded Strike"],"campfire_rested":0,"item_purchase_floors":[22,22,22,41,46],"current_hp_per_floor":[77,77,77,77,77,66,66,67,67,67,71,71,64,65,65,6,77,70,70,70,48,48,48,61,45,55,55,67,62,52,56,56,23,79,62,64,64,72,74,61,61,70,70,74,73,73,73,37,60,0,0],"gold":53,"neow_bonus":"TEN_PERCENT_HP_BONUS","is_daily":false,"chose_seed":false,"campfire_upgraded":2,"win_rate":0.0,"timestamp":1613711146,"path_taken":["M","M","?","?","M","E","R","E","T","?","M","?","E","M","R","BOSS","M","M","?","M","$","R","E","?","T","?","M","E","M","M","R","BOSS","M","M","?","?","M","E","$","M","T","?","M","?","R","E","R","BOSS"],"items_purchased_type":["Relic","Card","Card","Relic","Card"],"build_version":"2020-12-22","purchased_purges":1,"victory":false,"max_hp_per_floor":[77,77,77,77,77,77,77,77,77,77,77,77,77,77,77,77,77,77,77,77,77,77,77,77,77,87,79,79,79,79,79,79,79,79,79,79,79,79,79,79,79,79,79,79,79,79,79,79,79,79,79],"card_choices":[{"not_picked":["Dagger Spray","Dagger Throw"],"picked":"All Out Attack","floor":1},{"not_picked":["Prepared","Quick Slash"],"picked":"Footwork","floor":2},{"not_picked":["Backflip","Outmaneuver"],"picked":"Acrobatics","floor":4},{"not_picked":["Blur","Acrobatics"],"picked":"Cloak And Dagger","floor":4},{"not_picked":["Finisher","Blade Dance"],"picked":"Noxious Fumes","floor":5},{"not_picked":["Slice","ReplayTheSpireMod:Necrosis"],"picked":"Endless Agony","floor":6},{"not_picked":["Replay:Poison Smokescreen","Flying Knee"],"picked":"Poisoned Stab","floor":8},{"not_picked":["Skewer","ReplayTheSpireMod:The Works"],"picked":"Expertise","floor":11},{"not_picked":["Doppelganger","Dagger Spray"],"picked":"Sucker Punch","floor":13},{"not_picked":["Crippling Poison","Cloak And Dagger"],"picked":"Dagger Throw","floor":14},{"not_picked":["Wraith Form v2","Doppelganger"],"picked":"Replay:Bag of Tricks","floor":16},{"not_picked":["Slice","Acrobatics+1"],"picked":"Underhanded Strike+1","floor":18},{"not_picked":["Dagger Spray","Slice"],"picked":"ReplayTheSpireMod:Speed Training","floor":19},{"not_picked":["All Out Attack","ReplayTheSpireMod:Exploit Weakness"],"picked":"Sucker Punch+1","floor":21},{"not_picked":["Skewer","Deadly Poison"],"picked":"ReplayTheSpireMod:The Works","floor":24},{"not_picked":["Bouncing Flask+1","Flying Knee"],"picked":"Die Die Die","floor":28},{"not_picked":["Predator","Deadly Poison"],"picked":"Backflip","floor":29},{"not_picked":["Blur","Catalyst+1"],"picked":"Footwork","floor":30},{"not_picked":["Outmaneuver","Footwork"],"picked":"Backflip+1","floor":31},{"not_picked":["Poison Darts","Bullet Time"],"picked":"Replay:Bag of Tricks","floor":33},{"not_picked":["Quick Slash+1","PiercingWail+1"],"picked":"ReplayTheSpireMod:Shiv Toss","floor":35},{"not_picked":["ReplayTheSpireMod:The Works","Dodge and Roll"],"picked":"Dagger Throw","floor":36},{"not_picked":["Slice","Dodge and Roll"],"picked":"Quick Slash+1","floor":38},{"not_picked":["Bane+1","ReplayTheSpireMod:Speed Training"],"picked":"Poisoned Stab+1","floor":39},{"not_picked":["Deadly Poison+1","Blade Dance"],"picked":"Bane+1","floor":40},{"not_picked":["Blur+1","Hidden Blade+1"],"picked":"Flying Knee+1","floor":42},{"not_picked":["Bane+1","Sucker Punch+1"],"picked":"Finisher+1","floor":44},{"not_picked":["Catalyst+1","Leg Sweep+1"],"picked":"Flying Knee","floor":45},{"not_picked":["Deadly Poison+1","Crippling Poison"],"picked":"ReplayTheSpireMod:Speed Training+1","floor":48}],"player_experience":48349,"relics_obtained":[{"floor":4,"key":"Centennial Puzzle"},{"floor":6,"key":"Bird Faced Urn"},{"floor":8,"key":"PreservedInsect"},{"floor":13,"key":"Bottled Flame"},{"floor":24,"key":"Gremlin Horn"},{"floor":25,"key":"Nilry\u0027s Codex"},{"floor":26,"key":"Pear"},{"floor":29,"key":"Replay:Multitool"},{"floor":32,"key":"Pondfish Scales"},{"floor":40,"key":"Lantern"},{"floor":43,"key":"Bottled Lightning"},{"floor":48,"key":"Snake Skull"}],"event_choices":[{"damage_healed":0,"gold_gain":52,"player_choice":"Gained Gold","damage_taken":0,"max_hp_gain":0,"max_hp_loss":0,"event_name":"Golden Wing","floor":3,"gold_loss":0},{"damage_healed":0,"gold_gain":0,"player_choice":"Obtained Book","damage_taken":16,"max_hp_gain":0,"max_hp_loss":0,"event_name":"Cursed Tome","floor":25,"gold_loss":0},{"damage_healed":0,"gold_gain":0,"player_choice":"Gave Potion","damage_taken":0,"relics_obtained":["Calipers"],"max_hp_gain":0,"max_hp_loss":0,"event_name":"WeMeetAgain","floor":37,"gold_loss":0}],"is_beta":false,"boss_relics":[{"not_picked":["SacredBark","WristBlade"],"picked":"bronze:MakeshiftBattery"},{"not_picked":["Busted Crown","Sozu"],"picked":"Coffee Dripper"}],"items_purged_floors":[22],"is_endless":false,"potions_floor_spawned":[5,8,13,16,21,24,31,33,39,40,44,48],"killed_by":"Donu and Deca","ascension_level":0}}