{"host":"jlz4is0nf6zo9oab","time":1613764153,"event":{"mods":["AchievementEnabler","BaseMod","Colored Map","Colored Powertips","Highlight Path","Minty Spire (QoL Compilation)","StSLib"],"gold_per_floor":[119,119,137,62,82,82,98,98,98,27,47,47,347,377,377,377,377],"floor_reached":16,"language":"SPA","playtime":357,"items_purged":["Strike_R"],"score":165,"play_id":"4046f696-9efa-4637-b32e-c79acad40019","local_time":"20210219204913","is_ascension_mode":true,"campfire_choices":[{"data":"Spot Weakness","floor":6,"key":"SMITH"},{"floor":8,"key":"REST"},{"data":"Metallicize","floor":12,"key":"SMITH"},{"floor":15,"key":"REST"}],"circlet_count":0,"master_deck":["AscendersBane","Strike_R","Strike_R","Strike_R","Strike_R","Defend_R","Defend_R","Defend_R","Defend_R","Bash","Fiend Fire","Spot Weakness+1","Pummel","Metallicize+1"],"relics":["Burning Blood","CultistMask","Bottled Lightning","Old Coin","Anchor"],"acts_visited":["Exordium"],"potions_floor_usage":[11],"damage_taken":[{"damage":10,"enemies":"Small Slimes","floor":1,"turns":3},{"damage":1,"enemies":"Cultist","floor":3,"turns":3},{"damage":8,"enemies":"2 Louse","floor":5,"turns":3},{"damage":22,"enemies":"Exordium Wildlife","floor":7,"turns":3},{"damage":12,"enemies":"3 Louse","floor":11,"turns":4},{"damage":28,"enemies":"Gremlin Nob","floor":14,"turns":5},{"damage":69,"enemies":"Slime Boss","floor":16,"turns":11}],"seed_played":"-8141131784969105770","potions_obtained":[{"floor":1,"key":"Ancient Potion"},{"floor":5,"key":"LiquidBronze"}],"is_trial":false,"path_per_floor":["M","?","M","$","M","R","M","R","T","$","M","R","?","E","R","B"],"character_chosen":"IRONCLAD","items_purchased":["Metallicize"],"campfire_rested":2,"item_purchase_floors":[10],"current_hp_per_floor":[68,68,73,73,71,71,55,79,79,79,73,73,61,39,63,0,0],"gold":377,"neow_bonus":"ONE_RANDOM_RARE_CARD","is_daily":false,"chose_seed":false,"campfire_upgraded":2,"win_rate":0.0,"timestamp":1613764153,"path_taken":["M","?","M","?","M","R","M","R","T","$","M","R","?","E","R","BOSS"],"items_purchased_type":["Card"],"build_version":"2020-12-22","purchased_purges":1,"victory":false,"max_hp_per_floor":[80,80,80,80,80,80,80,80,80,80,80,80,80,80,80,80,80],"card_choices":[{"not_picked":["Sever Soul","Shrug It Off"],"picked":"Spot Weakness","floor":1},{"not_picked":["Body Slam","Pommel Strike","Heavy Blade"],"picked":"SKIP","floor":3},{"not_picked":["Flex","Havoc","Burning Pact"],"picked":"SKIP","floor":5},{"not_picked":["Sword Boomerang","Seeing Red"],"picked":"Pummel","floor":7},{"not_picked":["Thunderclap","Anger","Dark Embrace"],"picked":"SKIP","floor":11},{"not_picked":["Twin Strike","Intimidate","Perfected Strike"],"picked":"SKIP","floor":14}],"player_experience":981410,"relics_obtained":[{"floor":9,"key":"Bottled Lightning"},{"floor":14,"key":"Anchor"}],"event_choices":[{"damage_healed":0,"gold_gain":0,"player_choice":"Trade","damage_taken":0,"relics_obtained":["CultistMask"],"max_hp_gain":0,"max_hp_loss":0,"event_name":"FaceTrader","floor":2,"gold_loss":0},{"damage_healed":0,"gold_gain":0,"player_choice":"Success","damage_taken":12,"relics_obtained":["Old Coin"],"max_hp_gain":0,"max_hp_loss":0,"event_name":"Scrap Ooze","floor":13,"gold_loss":0}],"is_beta":false,"boss_relics":[],"items_purged_floors":[4],"is_endless":false,"potions_floor_spawned":[1,5,7],"killed_by":"Slime Boss","ascension_level":13}}