{"host":"0luxfixkkfk9wck3","time":1613706873,"event":{"mods":["BaseMod","DeckTracker","Downfall","Highlight Path","Minty Spire (QoL Compilation)","StSLib"],"gold_per_floor":[99,112,125,125,145,145,170,199,199,199,212,42,68,68,79,182,182,82,93,93,7,25,37,37,37,64,64,78,92,92,107,119,224,224,124,136,99,119,169,179,179,79,108,123,156,156,156,156,176,176,176,210,66,66,66,66],"floor_reached":57,"language":"ENG","playtime":15693,"items_purged":["bronze:Strike"],"score":1722,"play_id":"d4214233-23c3-43fc-bfae-413ac8334af8","local_time":"20210218215433","is_ascension_mode":true,"campfire_choices":[{"data":"bronze:Replicate","floor":1,"key":"SMITH"},{"data":"bronze:Separator","floor":6,"key":"SMITH"},{"data":"bronze:Boost","floor":10,"key":"SMITH"},{"data":"bronze:DigitalCarnage","floor":18,"key":"SMITH"},{"data":"bronze:Verify","floor":25,"key":"SMITH"},{"floor":27,"key":"RECALL"},{"floor":30,"key":"REST"},{"data":"bronze:Flail","floor":35,"key":"SMITH"},{"floor":42,"key":"REST"},{"floor":46,"key":"REST"},{"data":"bronze:Philosophize","floor":47,"key":"SMITH"},{"floor":54,"key":"REST"}],"circlet_count":0,"master_deck":["bronze:Strike","bronze:Strike","bronze:Defend+1","bronze:Defend","bronze:Defend","bronze:Defend+1","bronze:Replicate+1","bronze:Goto","bronze:Separator+1","bronze:Philosophize+1","bronze:Boost+1","bronze:ChildClass","bronze:Branch+1","bronze:DigitalCarnage+1","bronze:ChosenStrike","bronze:FineTuning+1","bronze:BitShift+1","bronze:Verify+1","bronze:SpaghettiCode+1","bronze:Flail+1","bronze:Assembly+1","bronze:InfiniteBeams+1","bronze:Constructor+1","bronze:ForceShield+1","Discovery+1"],"relics":["bronze:BronzeCore","bronze:BottledCode","Toy Ornithopter","Guardian:GemstoneGun","Toxic Egg 2","Snecko Eye","downfall:HeartBlessingGreen","Matryoshka","War Paint","Busted Crown","downfall:HeartBlessingRed","Guardian:PocketSentry","Lee\u0027s Waffle","WingedGreaves","Bottled Tornado","downfall:HeartBlessingBlue","Boot","Mercury Hourglass","Molten Egg 2","Bottled Flame","Lizard Tail"],"acts_visited":["Exordium","TheCity","TheBeyond","TheEnding"],"potions_floor_usage":[16,26,33,33,44,44,44,50,50,50,50,56,56],"damage_taken":[{"damage":2,"enemies":"Jaw Worm","floor":2,"turns":3},{"damage":5,"enemies":"Small Slimes","floor":3,"turns":2},{"damage":1,"enemies":"2 Louse","floor":5,"turns":3},{"damage":7,"enemies":"Lagavulin","floor":8,"turns":4},{"damage":2,"enemies":"Lots of Slimes","floor":11,"turns":5},{"damage":0,"enemies":"downfall:FleeingMerchant","floor":12,"turns":4},{"damage":0,"enemies":"Gremlin Nob","floor":13,"turns":2},{"damage":0,"enemies":"downfall:LooterAlt","floor":15,"turns":1},{"damage":40,"enemies":"DF_ARCHETYPE_STREAMLINE","floor":16,"turns":6},{"damage":0,"enemies":"3 Byrds","floor":19,"turns":5},{"damage":0,"enemies":"downfall:FleeingMerchant","floor":21,"turns":4},{"damage":0,"enemies":"Spheric Guardian","floor":22,"turns":1},{"damage":0,"enemies":"Snake Plant","floor":23,"turns":2},{"damage":26,"enemies":"Gremlin Leader","floor":26,"turns":7},{"damage":0,"enemies":"3 Cultists","floor":28,"turns":4},{"damage":0,"enemies":"Chosen and Byrds","floor":29,"turns":3},{"damage":0,"enemies":"Centurion and Healer","floor":31,"turns":2},{"damage":2,"enemies":"Snecko","floor":32,"turns":3},{"damage":22,"enemies":"WA_ARCHETYPE_CALM","floor":33,"turns":4},{"damage":9,"enemies":"3 Darklings","floor":36,"turns":3},{"damage":0,"enemies":"downfall:FleeingMerchant","floor":37,"turns":3},{"damage":14,"enemies":"3 Shapes","floor":38,"turns":3},{"damage":8,"enemies":"3 Shapes","floor":39,"turns":3},{"damage":0,"enemies":"Sphere and 2 Shapes","floor":40,"turns":2},{"damage":11,"enemies":"Giant Head","floor":43,"turns":5},{"damage":33,"enemies":"Writhing Mass","floor":44,"turns":4},{"damage":2,"enemies":"Reptomancer","floor":45,"turns":3},{"damage":0,"enemies":"Spire Growth","floor":49,"turns":2},{"damage":34,"enemies":"IC_BLOCK_ARCHETYPE","floor":50,"turns":7},{"damage":56,"enemies":"downfall:CharBossMerchant","floor":52,"turns":6},{"damage":25,"enemies":"downfall:NeowBoss","floor":55,"turns":13},{"damage":29,"enemies":"downfall:NeowBossFinal","floor":56,"turns":10}],"seed_played":"-6332216296985436841","potions_obtained":[{"floor":5,"key":"ColorlessPotion"},{"floor":13,"key":"FearPotion"},{"floor":15,"key":"LiquidBronze"},{"floor":23,"key":"PowerPotion"},{"floor":28,"key":"EntropicBrew"},{"floor":36,"key":"EntropicBrew"},{"floor":45,"key":"FearPotion"}],"is_trial":false,"path_per_floor":["R","M","M","?","M","R","T","E","?","R","M","$","E","?","M","B",null,"R","M","?","$","M","M","T","R","E","R","M","M","R","M","M","B",null,"R","M","$","M","?","M","T","R","E","M","E","R","R","?","M","B",null,"E","$","R","B","B",null],"character_chosen":"THE_AUTOMATON","items_purchased":["bronze:ChosenStrike","bronze:BurnAndBuffPotion","Guardian:PocketSentry","Lee\u0027s Waffle","DuplicationPotion","Discovery+1","AttackPotion"],"campfire_rested":4,"item_purchase_floors":[12,21,37,37,37,53,53],"current_hp_per_floor":[63,61,56,56,55,55,55,48,48,48,46,46,46,51,51,16,53,53,53,75,75,75,75,75,75,49,49,49,49,71,71,69,53,70,70,61,82,68,60,60,60,92,81,63,61,88,88,88,88,58,84,28,28,55,30,11],"gold":66,"neow_bonus":"TRANSFORM_CARD","is_daily":false,"chose_seed":false,"campfire_upgraded":7,"win_rate":0.0,"timestamp":1613706873,"path_taken":["R","M","M","?","M","R","T","E","?","R","M","$","E","?","M","BOSS","R","M","?","$","M","M","T","R","E","R","?","M","R","M","M","BOSS","R","M","$","M","?","M","T","R","E","M","E","R","R","?","M","BOSS","E","$","R","BOSS","BOSS"],"items_purchased_type":["Card","Potion","Relic","Relic","Potion","Card","Potion"],"build_version":"2020-12-22","purchased_purges":1,"victory":true,"max_hp_per_floor":[70,70,70,60,60,60,60,60,60,60,60,60,60,65,65,65,65,65,65,75,75,75,75,75,75,75,75,75,75,75,75,75,75,75,75,75,82,82,82,82,82,92,92,92,92,92,92,92,92,92,92,92,92,92,92,92],"card_choices":[{"not_picked":["bronze:Overheat","bronze:Repulsor"],"picked":"bronze:Philosophize","floor":2},{"not_picked":["bronze:Deprecate","bronze:Turbo"],"picked":"bronze:Boost","floor":3},{"not_picked":["bronze:Return","bronze:Iterate"],"picked":"bronze:ChildClass","floor":5},{"not_picked":["bronze:Separator","bronze:CutThrough"],"picked":"bronze:Branch","floor":8},{"not_picked":["bronze:Branch","bronze:Constructor"],"picked":"bronze:DigitalCarnage","floor":11},{"not_picked":["bronze:DigitalCarnage","bronze:Invalidate"],"picked":"bronze:FindAndReplace","floor":12},{"not_picked":["bronze:BitShift+1","bronze:Deprecate+1"],"picked":"bronze:FineTuning+1","floor":13},{"not_picked":["bronze:Turbo+1","bronze:BuggyMess+1"],"picked":"bronze:BitShift+1","floor":15},{"not_picked":["bronze:ShipIt","bronze:AlphaBuild"],"picked":"bronze:Hardcode","floor":16},{"not_picked":["bronze:DelayedGuard+1","bronze:Shield+1","bronze:Invalidate+1"],"picked":"SKIP","floor":19},{"not_picked":["bronze:WhirlingStrike","bronze:OilSpill"],"picked":"bronze:Verify","floor":21},{"not_picked":["bronze:Deprecate+1","bronze:Shield+1","bronze:WildBeam"],"picked":"SKIP","floor":22},{"not_picked":["bronze:ChosenStrike","bronze:Invalidate+1","bronze:BuggyMess+1"],"picked":"SKIP","floor":23},{"not_picked":["bronze:Constructor+1","bronze:FineTuning+1"],"picked":"bronze:SpaghettiCode+1","floor":26},{"not_picked":["bronze:WhirlingStrike","bronze:DelayedSlice"],"picked":"bronze:Flail","floor":28},{"not_picked":["bronze:Iterate+1","bronze:FineTuning+1","bronze:DelayedGuard+1"],"picked":"SKIP","floor":29},{"not_picked":["bronze:Shield+1","bronze:Frontload+1"],"picked":"bronze:Assembly+1","floor":31},{"not_picked":["bronze:WhirlingStrike","bronze:Repulsor","bronze:CloningBeam+1"],"picked":"SKIP","floor":32},{"not_picked":[],"picked":"bronze:InfiniteBeams+1","floor":36},{"not_picked":["bronze:Optimize"],"picked":"SKIP","floor":37},{"not_picked":["bronze:CutThrough+1"],"picked":"SKIP","floor":38},{"not_picked":[],"picked":"bronze:Constructor+1","floor":39},{"not_picked":["bronze:Repair+1"],"picked":"SKIP","floor":40},{"not_picked":["bronze:BitShift+1"],"picked":"SKIP","floor":43},{"not_picked":["bronze:WildBeam"],"picked":"SKIP","floor":44},{"not_picked":[],"picked":"bronze:ForceShield+1","floor":45},{"not_picked":["bronze:Iterate+1"],"picked":"SKIP","floor":49},{"not_picked":["bronze:BuggyMess+1"],"picked":"SKIP","floor":52}],"player_experience":11991016,"relics_obtained":[{"floor":7,"key":"Toy Ornithopter"},{"floor":8,"key":"Guardian:GemstoneGun"},{"floor":13,"key":"Toxic Egg 2"},{"floor":24,"key":"Matryoshka"},{"floor":26,"key":"War Paint"},{"floor":39,"key":"WingedGreaves"},{"floor":41,"key":"Bottled Tornado"},{"floor":43,"key":"Boot"},{"floor":45,"key":"Mercury Hourglass"},{"floor":48,"key":"Molten Egg 2"},{"floor":48,"key":"Bottled Flame"},{"floor":52,"key":"Lizard Tail"}],"event_choices":[{"damage_healed":0,"gold_gain":0,"player_choice":"Grow","damage_taken":0,"max_hp_gain":0,"max_hp_loss":0,"event_name":"Living Wall","floor":9,"gold_loss":0,"cards_upgraded":["bronze:Branch"]},{"damage_healed":0,"gold_gain":0,"player_choice":"Donut","damage_taken":0,"max_hp_gain":5,"max_hp_loss":0,"event_name":"Big Fish","floor":14,"gold_loss":0},{"cards_removed":["bronze:FindAndReplace"],"damage_healed":12,"gold_gain":0,"player_choice":"Offered Rare","damage_taken":0,"max_hp_gain":10,"max_hp_loss":0,"event_name":"Bonfire Elementals","floor":20,"gold_loss":0}],"is_beta":false,"boss_relics":[{"not_picked":["bronze:ElectromagneticCoil","sneckomod:SneckoTalon"],"picked":"Snecko Eye"},{"not_picked":["Sozu","Cursed Key"],"picked":"Busted Crown"}],"items_purged_floors":[12],"is_endless":false,"potions_floor_spawned":[5,13,15,22,23,28,36,39,40,45],"ascension_level":8}}