{"host":"5wwct7e0z3l0f094","time":1613760802,"event":{"mods":["AchievementEnabler","BaseMod","Downfall","Highlight Path","Minty Spire (QoL Compilation)","Quick Restart","StSLib","SuperFastMode"],"gold_per_floor":[117,133,133,153,172,207,207,237,237,237,257,257,270,270,270],"floor_reached":14,"language":"ENG","playtime":391,"items_purged":[],"score":163,"play_id":"67bed842-4a86-4f23-b165-e5760b6128d0","local_time":"20210219135322","is_ascension_mode":true,"campfire_choices":[{"floor":7.0,"key":"REST"},{"floor":10.0,"key":"REST"}],"circlet_count":0,"master_deck":["AscendersBane","Strike_R","Strike_R","Strike_R","Strike_R","Strike_R","Defend_R","Defend_R","Defend_R","Bash","Clash","Clash","Thunderclap","downfall:Aged","Limit Break","Flex"],"relics":["Cursed Key","Paper Frog","Ice Cream","Matryoshka","Frozen Egg 2"],"acts_visited":["Exordium"],"potions_floor_usage":[13],"damage_taken":[{"damage":2.0,"enemies":"2 Louse","floor":1.0,"turns":3.0},{"damage":0.0,"enemies":"Cultist","floor":2.0,"turns":2.0},{"damage":13.0,"enemies":"Jaw Worm","floor":4.0,"turns":4.0},{"damage":10.0,"enemies":"Lots of Slimes","floor":5.0,"turns":3.0},{"damage":30.0,"enemies":"3 Sentries","floor":6.0,"turns":9.0},{"damage":30.0,"enemies":"Lagavulin","floor":8.0,"turns":6.0},{"damage":20.0,"enemies":"3 Louse","floor":11.0,"turns":4.0},{"damage":0,"enemies":"Gremlin Gang","floor":13,"turns":2},{"damage":32,"enemies":"Gremlin Nob","floor":14,"turns":3}],"seed_played":"3613804308849584494","potions_obtained":[{"floor":1.0,"key":"BlessingOfTheForge"},{"floor":8.0,"key":"GamblersBrew"},{"floor":11.0,"key":"Regen Potion"}],"is_trial":false,"path_per_floor":["M","M","?","M","M","E","R","E","T","R","M","?","M","E"],"character_chosen":"IRONCLAD","items_purchased":[],"campfire_rested":2,"item_purchase_floors":[],"current_hp_per_floor":[70,70,63,50,40,10,34,4,4,28,8,8,8,0,0],"gold":270,"neow_bonus":"BOSS_RELIC","is_daily":false,"chose_seed":false,"campfire_upgraded":0,"win_rate":0.0,"timestamp":1613760802,"path_taken":["M","M","?","M","M","E","R","E","T","R","M","?","M","E"],"items_purchased_type":[],"build_version":"2020-12-22","purchased_purges":0,"victory":false,"max_hp_per_floor":[80,80,80,80,80,80,80,80,80,80,80,80,80,80,80],"card_choices":[{"not_picked":["Sentinel","Shrug It Off"],"picked":"Clash","floor":1.0},{"not_picked":["Fire Breathing","Body Slam","Intimidate"],"picked":"SKIP","floor":2.0},{"not_picked":["Warcry","Headbutt"],"picked":"Clash","floor":4.0},{"not_picked":["Wild Strike","Sword Boomerang"],"picked":"Thunderclap","floor":5.0},{"not_picked":["Dual Wield","Sentinel","Iron Wave"],"picked":"SKIP","floor":6.0},{"not_picked":["Dual Wield","True Grit","Dark Embrace"],"picked":"SKIP","floor":8.0},{"not_picked":["Ghostly Armor","Thunderclap"],"picked":"Limit Break","floor":11.0},{"not_picked":["Dropkick","Clash"],"picked":"Flex","floor":13}],"player_experience":348886,"relics_obtained":[{"floor":6.0,"key":"Paper Frog"},{"floor":8.0,"key":"Ice Cream"},{"floor":9.0,"key":"Matryoshka"}],"event_choices":[{"cards_removed":["Defend_R"],"damage_healed":0.0,"max_hp_gain":0.0,"max_hp_loss":0.0,"gold_gain":0.0,"event_name":"Golden Wing","player_choice":"Card Removal","floor":3.0,"gold_loss":0.0,"damage_taken":7.0},{"damage_healed":0.0,"max_hp_gain":0.0,"max_hp_loss":0.0,"gold_gain":0.0,"event_name":"WeMeetAgain","player_choice":"Gave Potion","floor":12.0,"gold_loss":0.0,"damage_taken":0.0,"relics_obtained":["Frozen Egg 2"]}],"is_beta":false,"boss_relics":[],"items_purged_floors":[],"is_endless":false,"potions_floor_spawned":[1,8,11],"killed_by":"Gremlin Nob","ascension_level":12}}