{"host":"ju66gn9zov5ov15o","time":1613749868,"event":{"mods":["100% Spire Juice","2.2 Compatiblity","Act Like it!","Aspiration","BaseMod","Conspire","Downfall","GifTheSpireLib","Hubris","Lobotomy","LobotomyExtend","Marisa????????","Minty Spire (QoL Compilation)","Pale of the Ancients","Rare Cards Sparkle","Relic Stats","Ruina","Shapeshifter Mod","StSLib","The Alterego","The Animator"],"gold_per_floor":[112,132,145,47,59,59,59],"floor_reached":6,"language":"ENG","playtime":457,"items_purged":[],"score":53,"play_id":"dc2810d4-9ed7-4d39-9f69-f047982bda62","local_time":"20210219165108","is_ascension_mode":true,"campfire_choices":[],"circlet_count":0,"master_deck":["Strike_R","Strike_R","Strike_R","Strike_R","Strike_R","Defend_R","Defend_R","Defend_R","Defend_R","Bash","Shockwave","NakedNest","OSAHOGD","Ghostly Armor","Murderer","Thunderclap","Deep Breath","Second Wind","Mercenary"],"relics":["Burning Blood","CogitoBucket","LetterFromLob"],"acts_visited":["Exordium"],"potions_floor_usage":[6],"damage_taken":[{"damage":6,"enemies":"Cultist","floor":1,"turns":4},{"damage":17,"enemies":"2 Louse","floor":2,"turns":4},{"damage":0,"enemies":"Small Slimes","floor":3,"turns":4},{"damage":10,"enemies":"2 Fungi Beasts","floor":5,"turns":6},{"damage":64,"enemies":"3 Sentries","floor":6,"turns":10}],"seed_played":"-1113337699272846043","potions_obtained":[{"floor":3,"key":"hexamod:SoulburnPotion"}],"is_trial":false,"path_per_floor":["M","M","M","$","M","E"],"character_chosen":"IRONCLAD","items_purchased":["Deep Breath"],"campfire_rested":0,"item_purchase_floors":[4],"current_hp_per_floor":[72,61,67,67,63,0,0],"gold":59,"neow_bonus":"","is_daily":false,"chose_seed":false,"campfire_upgraded":0,"win_rate":0.0,"timestamp":1613749868,"path_taken":["M","M","M","?","M","E"],"items_purchased_type":["Card"],"build_version":"2020-12-22","purchased_purges":0,"victory":false,"max_hp_per_floor":[80,80,80,80,80,80,80],"relic_stats":{"counters":[5,28],"obtain_stats":[{"CogitoBucket":0,"LetterFromLob":1,"Burning Blood":0},{"CogitoBucket":0,"LetterFromLob":1,"Burning Blood":0},{"CogitoBucket":0,"LetterFromLob":4,"Burning Blood":0}],"Burning Blood":24},"card_choices":[{"not_picked":["Havoc","Perfected Strike"],"picked":"Shockwave","floor":1},{"not_picked":["OSAHOGD","PunishingBird"],"picked":"NakedNest","floor":1},{"not_picked":["MHz","VoidDream"],"picked":"OSAHOGD","floor":2},{"not_picked":["Reckless Charge","Combust"],"picked":"Ghostly Armor","floor":2},{"not_picked":["UniverseFragment","BeautyBeast"],"picked":"Murderer","floor":3},{"not_picked":["Pommel Strike","Sword Boomerang"],"picked":"Thunderclap","floor":3},{"not_picked":["Intimidate","hubris:ReadiedAction"],"picked":"Second Wind","floor":5},{"not_picked":["Scorched","MHz"],"picked":"Mercenary","floor":5}],"player_experience":499828,"relics_obtained":[{"floor":1,"key":"LetterFromLob"}],"event_choices":[],"is_beta":false,"boss_relics":[],"items_purged_floors":[],"is_endless":false,"potions_floor_spawned":[3],"killed_by":"3 Sentries","ascension_level":8}}