{"host":"7cp3z5w0tcrrm8ys","time":1613714377,"event":{"mods":["AchievementEnabler","BaseMod","DeckTracker","Minty Spire (QoL Compilation)","StSLib","SuperFastMode"],"gold_per_floor":[113,123,123,136,6,6,21,39,39,52,71,83,102,114,114,114,114],"floor_reached":16,"language":"KOR","playtime":545,"items_purged":["Strike_G"],"score":204,"play_id":"12ff8c8b-894c-4bf6-92d0-4891127ea044","local_time":"20210219145937","is_ascension_mode":true,"campfire_choices":[{"data":"Poisoned Stab","floor":6,"key":"SMITH"},{"data":"Burst","floor":15,"key":"SMITH"}],"circlet_count":0,"master_deck":["AscendersBane","Strike_G","Strike_G","Strike_G","Strike_G","Defend_G","Defend_G","Defend_G","Defend_G","Survivor","Neutralize","Dagger Throw","Deflect","Poisoned Stab+1","Terror","Dagger Spray","Crippling Poison","Deadly Poison","Sucker Punch","Burst+1"],"relics":["Ring of the Snake","Tingsha"],"acts_visited":["Exordium"],"potions_floor_usage":[3,10,14,16,16],"damage_taken":[{"damage":0,"enemies":"Cultist","floor":1,"turns":3},{"damage":1,"enemies":"2 Louse","floor":2,"turns":3},{"damage":0,"enemies":"Small Slimes","floor":3,"turns":1},{"damage":6,"enemies":"3 Louse","floor":4,"turns":6},{"damage":0,"enemies":"2 Fungi Beasts","floor":7,"turns":3},{"damage":6,"enemies":"Looter","floor":8,"turns":4},{"damage":0,"enemies":"Exordium Wildlife","floor":10,"turns":2},{"damage":10,"enemies":"Large Slime","floor":11,"turns":6},{"damage":5,"enemies":"Blue Slaver","floor":12,"turns":4},{"damage":11,"enemies":"Looter","floor":13,"turns":4},{"damage":7,"enemies":"Exordium Wildlife","floor":14,"turns":3},{"damage":13,"enemies":"Hexaghost","floor":16,"turns":9}],"seed_played":"4906996543562424054","potions_obtained":[{"floor":2,"key":"SmokeBomb"},{"floor":4,"key":"Energy Potion"},{"floor":10,"key":"Dexterity Potion"},{"floor":14,"key":"SteroidPotion"}],"is_trial":false,"path_per_floor":["M","M","M","M","$","R","M","M","T","M","M","M","M","M","R","B"],"character_chosen":"THE_SILENT","items_purchased":["SteroidPotion"],"campfire_rested":0,"item_purchase_floors":[5],"current_hp_per_floor":[59,58,58,52,52,52,52,46,46,46,36,31,20,13,13,0,0],"gold":114,"neow_bonus":"REMOVE_CARD","is_daily":false,"chose_seed":false,"campfire_upgraded":2,"win_rate":0.0,"timestamp":1613714377,"path_taken":["M","?","M","M","$","R","M","?","T","M","M","M","M","M","R","BOSS"],"items_purchased_type":["Potion"],"build_version":"2020-12-22","purchased_purges":1,"victory":false,"max_hp_per_floor":[66,66,66,66,66,66,66,66,66,66,66,66,66,66,66,66,66],"card_choices":[{"not_picked":["Deflect","Setup"],"picked":"Dagger Throw","floor":1},{"not_picked":["Escape Plan","Choke"],"picked":"Deflect","floor":2},{"not_picked":["Bane","Underhanded Strike"],"picked":"Poisoned Stab","floor":4},{"not_picked":["Blade Dance","Flying Knee"],"picked":"Terror","floor":7},{"not_picked":["Dodge and Roll","Poisoned Stab"],"picked":"Dagger Spray","floor":8},{"not_picked":["Blade Dance","Dodge and Roll"],"picked":"Crippling Poison","floor":10},{"not_picked":["Phantasmal Killer","Poisoned Stab"],"picked":"Deadly Poison","floor":11},{"not_picked":["Setup","Dagger Spray","Finisher"],"picked":"SKIP","floor":12},{"not_picked":["Choke","Blade Dance"],"picked":"Sucker Punch","floor":13},{"not_picked":["Endless Agony","Infinite Blades"],"picked":"Burst","floor":14}],"player_experience":823085,"relics_obtained":[{"floor":9,"key":"Tingsha"}],"event_choices":[],"is_beta":false,"boss_relics":[],"items_purged_floors":[5],"is_endless":false,"potions_floor_spawned":[2,4,10,12,14],"killed_by":"Hexaghost","ascension_level":20}}