{"host":"6xsbn6ynqlzwllfm","time":1613754371,"event":{"mods":["2.2 Compatiblity","BaseMod","Bestiary","Colored Map","Colored Powertips","Curses Come First","Highlight Path","Keyboard Shortcuts","Minty Spire (QoL Compilation)","Quick Restart","Relic Stats","Slay the Relics Exporter","StSLib","SuperFastMode"],"gold_per_floor":[111,125,125,200,220,220,220],"floor_reached":6,"language":"ENG","playtime":288,"items_purged":[],"score":72,"play_id":"e2bbd178-215b-47bb-9492-1aa21c31edd5","local_time":"20210219120611","is_ascension_mode":true,"campfire_choices":[],"circlet_count":0,"master_deck":["AscendersBane","Strike_G","Strike_G","Strike_G","Strike_G","Strike_G","Defend_G","Defend_G","Defend_G","Defend_G","Defend_G","Survivor","Neutralize","Bane","Cloak And Dagger","Crippling Poison"],"relics":["Ring of the Snake","Pen Nib"],"acts_visited":["Exordium"],"potions_floor_usage":[6],"damage_taken":[{"damage":10,"enemies":"Small Slimes","floor":1,"turns":6},{"damage":0,"enemies":"2 Louse","floor":2,"turns":4},{"damage":2,"enemies":"Jaw Worm","floor":5,"turns":8},{"damage":42,"enemies":"Gremlin Nob","floor":6,"turns":4}],"seed_played":"6896340612902054662","potions_obtained":[{"floor":2,"key":"DistilledChaos"}],"is_trial":false,"path_per_floor":["M","M","?","?","M","E"],"character_chosen":"THE_SILENT","items_purchased":[],"campfire_rested":0,"item_purchase_floors":[],"current_hp_per_floor":[49,49,54,43,41,0,0],"gold":220,"neow_bonus":"RANDOM_COMMON_RELIC","is_daily":false,"chose_seed":false,"campfire_upgraded":0,"win_rate":0.0,"timestamp":1613754371,"path_taken":["M","M","?","?","M","E"],"items_purchased_type":[],"build_version":"2020-12-22","purchased_purges":0,"victory":false,"max_hp_per_floor":[66,66,71,71,71,71,71],"relic_stats":{"counters":[4,22],"Pen Nib":[4],"obtain_stats":[{"Pen Nib":0,"Ring of the Snake":0},{"Pen Nib":0,"Ring of the Snake":0},{"Pen Nib":0,"Ring of the Snake":0}],"Ring of the Snake":[8]},"card_choices":[{"not_picked":["Acrobatics","Deflect"],"picked":"Bane","floor":1},{"not_picked":["Terror","Calculated Gamble"],"picked":"Cloak And Dagger","floor":2},{"not_picked":["Outmaneuver","Bane"],"picked":"Crippling Poison","floor":5}],"player_experience":1477798,"relics_obtained":[],"event_choices":[{"damage_healed":0,"gold_gain":0,"player_choice":"Donut","damage_taken":0,"max_hp_gain":5,"max_hp_loss":0,"event_name":"Big Fish","floor":3,"gold_loss":0},{"damage_healed":0,"gold_gain":75,"player_choice":"Gather Gold","damage_taken":11,"max_hp_gain":0,"max_hp_loss":0,"event_name":"World of Goop","floor":4,"gold_loss":0}],"is_beta":false,"boss_relics":[],"items_purged_floors":[],"is_endless":false,"potions_floor_spawned":[2],"killed_by":"Gremlin Nob","ascension_level":20}}