{"host":"3qkmyeoym75lj4wn","time":1613698184,"event":{"mods":["2.2 Compatiblity","Act Like it!","BaseMod","Bestiary","Block Reminder","Colored Powertips","Highlight Path","Minty Spire (QoL Compilation)","Permanent Neow","Rare Cards Sparkle","Relic Stats","StSLib"],"gold_per_floor":[116,116,134,159,159,187,187,200,224,224,30,130,130,163,163,236,236,249,265,4,4,16,16,49,3,57,83,96,122,122,157,157,234,234,253,253,269,39,39,39,39,39,39,51,51,62,62,87,87,87,87,87,87,2,36,36,36],"floor_reached":56,"language":"ENG","playtime":1842,"items_purged":["Strike_R"],"score":1989,"play_id":"c26ea061-e324-404a-8a4d-86495b59e668","local_time":"20210219012944","is_ascension_mode":true,"campfire_choices":[{"data":"Armaments","floor":7.0,"key":"SMITH"},{"data":"Pommel Strike","floor":10.0,"key":"SMITH"},{"data":"Metallicize","floor":13.0,"key":"SMITH"},{"data":"Bash","floor":15.0,"key":"SMITH"},{"floor":23.0,"key":"REST"},{"floor":32.0,"key":"REST"},{"data":"Feel No Pain","floor":40.0,"key":"SMITH"},{"data":"Dark Embrace","floor":42.0,"key":"SMITH"},{"floor":45.0,"key":"RECALL"},{"floor":49.0,"key":"REST"},{"floor":53.0,"key":"REST"}],"circlet_count":0,"master_deck":["AscendersBane","Strike_R","Strike_R+1","Defend_R","Defend_R","Defend_R+1","Defend_R","Bash+1","Pommel Strike+1","Armaments+1","Thunderclap","Metallicize+1","Juggernaut","Spot Weakness+1","Shockwave","Evolve","Havoc","Intimidate","Disarm","Battle Trance+1","Corruption","Limit Break","True Grit+1","Feel No Pain+1","Dark Embrace+1","Shrug It Off","Parasite","Heavy Blade+1","Flame Barrier"],"relics":["Burning Blood","Anchor","FaceOfCleric","Red Skull","The Courier","Orichalcum","Charon\u0027s Ashes","SlaversCollar","Brimstone","Happy Flower","Bag of Preparation","Tiny Chest","Omamori","Paper Frog","InkBottle","Cursed Key","MealTicket","Molten Egg 2","Kunai","Lantern"],"acts_visited":["Exordium","TheCity","TheBeyond","TheEnding"],"potions_floor_usage":[55,56,56],"damage_taken":[{"damage":6.0,"enemies":"Jaw Worm","floor":1.0,"turns":7.0},{"damage":7.0,"enemies":"Cultist","floor":3.0,"turns":4.0},{"damage":10.0,"enemies":"Gremlin Nob","floor":6.0,"turns":3.0},{"damage":0.0,"enemies":"2 Louse","floor":8.0,"turns":2.0},{"damage":8.0,"enemies":"3 Sentries","floor":14.0,"turns":7.0},{"damage":43.0,"enemies":"Hexaghost","floor":16.0,"turns":10.0},{"damage":34.0,"enemies":"2 Thieves","floor":18.0,"turns":4.0},{"damage":10.0,"enemies":"Shell Parasite","floor":19.0,"turns":5.0},{"damage":10.0,"enemies":"Centurion and Healer","floor":22.0,"turns":5.0},{"damage":6.0,"enemies":"Book of Stabbing","floor":24.0,"turns":4.0},{"damage":8.0,"enemies":"Slavers","floor":27.0,"turns":3.0},{"damage":9.0,"enemies":"Shelled Parasite and Fungi","floor":28.0,"turns":4.0},{"damage":27.0,"enemies":"Book of Stabbing","floor":29.0,"turns":5.0},{"damage":29.0,"enemies":"Slavers","floor":31.0,"turns":3.0},{"damage":21.0,"enemies":"Champ","floor":33.0,"turns":7.0},{"damage":13.0,"enemies":"3 Darklings","floor":35.0,"turns":3.0},{"damage":0.0,"enemies":"Orb Walker","floor":37.0,"turns":3.0},{"damage":20.0,"enemies":"3 Darklings","floor":44.0,"turns":4.0},{"damage":1.0,"enemies":"Writhing Mass","floor":46.0,"turns":4.0},{"damage":0.0,"enemies":"Giant Head","floor":48.0,"turns":5.0},{"damage":1.0,"enemies":"Time Eater","floor":50.0,"turns":5.0},{"damage":81.0,"enemies":"Awakened One","floor":51.0,"turns":6.0},{"damage":34,"enemies":"Shield and Spear","floor":55,"turns":5},{"damage":70,"enemies":"The Heart","floor":56,"turns":3}],"seed_played":"1541886161988319667","potions_obtained":[{"floor":3.0,"key":"AttackPotion"},{"floor":6.0,"key":"PowerPotion"},{"floor":22.0,"key":"EssenceOfSteel"},{"floor":24.0,"key":"DistilledChaos"},{"floor":27.0,"key":"BloodPotion"},{"floor":31.0,"key":"LiquidMemories"},{"floor":46.0,"key":"Strength Potion"},{"floor":48.0,"key":"Ancient Potion"},{"floor":55,"key":"DistilledChaos"}],"is_trial":false,"path_per_floor":["M","?","M","T","?","E","R","M","T","R","$","?","R","E","R","B",null,"M","M","$","?","M","R","E","$","T","E","M","E","?","E","R","B",null,"M","?","M","$","?","R","T","R","T","M","R","M","?","E","R","B","B",null,"R","$","E","B"],"character_chosen":"IRONCLAD","items_purchased":["Metallicize","Orichalcum","Brimstone","Happy Flower","BlessingOfTheForge","Feel No Pain","Dark Embrace","Shrug It Off","Fruit Juice"],"campfire_rested":4,"item_purchase_floors":[11,11,20,20,25,38,38,38,54],"current_hp_per_floor":[68,68,68,68,45,42,42,49,49,49,49,49,49,48,48,12,63,36,33,33,33,30,54,55,55,55,54,52,49,49,27,53,39,77,71,71,78,78,78,78,78,78,78,65,65,71,71,78,89,90,16,72,91,91,69,0,0],"gold":36,"neow_bonus":"RANDOM_COMMON_RELIC","is_daily":false,"chose_seed":false,"campfire_upgraded":6,"win_rate":0.0,"timestamp":1613698184,"path_taken":["M","?","?","?","?","E","R","M","T","R","$","?","R","E","R","BOSS","M","M","$","?","M","R","E","$","T","E","M","E","?","E","R","BOSS","M","?","M","$","?","R","?","R","T","M","R","?","?","E","R","BOSS","BOSS","R","$","E","BOSS"],"items_purchased_type":["Card","Relic","Relic","Relic","Potion","Card","Card","Card","Potion"],"build_version":"2020-12-22","purchased_purges":1,"victory":false,"max_hp_per_floor":[75,75,76,76,76,77,77,78,78,78,78,78,78,79,79,80,80,81,82,82,82,83,83,84,84,84,85,86,87,87,88,88,89,89,90,90,91,91,91,91,91,91,91,92,92,93,88,89,89,90,91,91,91,91,97,97,97],"relic_stats":{"Happy Flower":[23],"counters":[24,111],"Charon\u0027s Ashes":[544],"Bag of Preparation":[28],"Orichalcum":[132],"Cursed Key":2,"Burning Blood":133,"FaceOfCleric":22,"Tiny Chest":1,"MealTicket":0,"Kunai":[2],"obtain_stats":[{"Lantern":55,"Happy Flower":20,"The Courier":6,"Charon\u0027s Ashes":14,"Bag of Preparation":24,"Omamori":27,"Orichalcum":11,"Cursed Key":34,"Burning Blood":0,"SlaversCollar":17,"Anchor":0,"FaceOfCleric":2,"Brimstone":20,"Tiny Chest":26,"MealTicket":41,"Molten Egg 2":43,"Kunai":48,"Red Skull":4,"InkBottle":31,"Paper Frog":29},{"Lantern":23,"Happy Flower":8,"The Courier":3,"Charon\u0027s Ashes":5,"Bag of Preparation":10,"Omamori":11,"Orichalcum":4,"Cursed Key":15,"Burning Blood":0,"SlaversCollar":6,"Anchor":0,"FaceOfCleric":1,"Brimstone":8,"Tiny Chest":10,"MealTicket":17,"Molten Egg 2":17,"Kunai":20,"Red Skull":2,"InkBottle":14,"Paper Frog":13},{"Lantern":108,"Happy Flower":42,"The Courier":14,"Charon\u0027s Ashes":23,"Bag of Preparation":51,"Omamori":54,"Orichalcum":16,"Cursed Key":73,"Burning Blood":0,"SlaversCollar":33,"Anchor":0,"FaceOfCleric":7,"Brimstone":42,"Tiny Chest":51,"MealTicket":79,"Molten Egg 2":79,"Kunai":92,"Red Skull":11,"InkBottle":66,"Paper Frog":63}],"InkBottle":[16]},"card_choices":[{"not_picked":["Dark Embrace","Evolve"],"picked":"Cleave","floor":1.0},{"not_picked":["Perfected Strike","Iron Wave"],"picked":"Pommel Strike","floor":3.0},{"not_picked":["Infernal Blade","Twin Strike"],"picked":"Armaments","floor":6.0},{"not_picked":["Iron Wave","Barricade"],"picked":"Thunderclap","floor":8.0},{"not_picked":["Headbutt","True Grit","Cleave"],"picked":"SKIP","floor":14.0},{"not_picked":["Brutality","Exhume"],"picked":"Juggernaut","floor":16.0},{"not_picked":["Clash","Pommel Strike","Rupture"],"picked":"SKIP","floor":18.0},{"not_picked":["Iron Wave","Flex+1"],"picked":"Spot Weakness+1","floor":19.0},{"not_picked":["Iron Wave","Cleave+1"],"picked":"Havoc","floor":22.0},{"not_picked":["Clash+1","Twin Strike"],"picked":"Intimidate","floor":24.0},{"not_picked":["Cleave","Double Tap"],"picked":"Disarm","floor":27.0},{"not_picked":["Thunderclap","Armaments"],"picked":"Battle Trance+1","floor":28.0},{"not_picked":["True Grit","Searing Blow+1"],"picked":"Corruption","floor":29.0},{"not_picked":["Iron Wave","Wild Strike","Rampage+1"],"picked":"SKIP","floor":31.0},{"not_picked":["Fiend Fire","Brutality"],"picked":"Limit Break","floor":33.0},{"not_picked":["Power Through","Heavy Blade+1","Infernal Blade"],"picked":"SKIP","floor":35.0},{"not_picked":["Warcry","Fire Breathing+1"],"picked":"True Grit+1","floor":37.0},{"not_picked":["Twin Strike+1","Rage","Feed+1"],"picked":"SKIP","floor":44.0},{"not_picked":["Sword Boomerang+1","Cleave+1","Combust"],"picked":"SKIP","floor":46.0},{"not_picked":["Iron Wave+1","Whirlwind+1"],"picked":"Heavy Blade+1","floor":48.0},{"not_picked":["Wild Strike+1","Rage+1"],"picked":"Flame Barrier","floor":55}],"player_experience":1767229,"relics_obtained":[{"floor":4.0,"key":"Red Skull"},{"floor":6.0,"key":"The Courier"},{"floor":14.0,"key":"Charon\u0027s Ashes"},{"floor":24.0,"key":"Bag of Preparation"},{"floor":26.0,"key":"Tiny Chest"},{"floor":27.0,"key":"Omamori"},{"floor":29.0,"key":"Paper Frog"},{"floor":31.0,"key":"InkBottle"},{"floor":41.0,"key":"MealTicket"},{"floor":43.0,"key":"Molten Egg 2"},{"floor":48.0,"key":"Kunai"},{"floor":55,"key":"Lantern"}],"event_choices":[{"damage_healed":0.0,"max_hp_gain":0.0,"max_hp_loss":0.0,"gold_gain":0.0,"event_name":"FaceTrader","player_choice":"Trade","floor":2.0,"gold_loss":0.0,"damage_taken":0.0,"relics_obtained":["FaceOfCleric"]},{"damage_healed":0.0,"max_hp_gain":0.0,"max_hp_loss":0.0,"gold_gain":0.0,"event_name":"Shining Light","player_choice":"Entered Light","floor":5.0,"gold_loss":0.0,"damage_taken":23.0,"cards_upgraded":["Strike_R","Defend_R"]},{"damage_healed":0.0,"max_hp_gain":0.0,"max_hp_loss":0.0,"gold_gain":100.0,"event_name":"Wheel of Change","player_choice":"Gold","floor":12.0,"gold_loss":0.0,"damage_taken":0.0},{"damage_healed":0.0,"max_hp_gain":0.0,"max_hp_loss":0.0,"gold_gain":0.0,"cards_transformed":["Strike_R","Strike_R"],"event_name":"Drug Dealer","player_choice":"Became Test Subject","floor":21.0,"gold_loss":0.0,"damage_taken":0.0,"cards_obtained":["Shockwave","Evolve"]},{"damage_healed":0.0,"max_hp_gain":0.0,"max_hp_loss":0.0,"gold_gain":0.0,"event_name":"Vampires","player_choice":"Ignored","floor":30.0,"gold_loss":0.0,"damage_taken":0.0},{"damage_healed":0.0,"max_hp_gain":0.0,"max_hp_loss":0.0,"gold_gain":0.0,"event_name":"Tomb of Lord Red Mask","player_choice":"Ignored","floor":36.0,"gold_loss":0.0,"damage_taken":0.0},{"cards_removed":["Cleave"],"damage_healed":0.0,"max_hp_gain":0.0,"max_hp_loss":0.0,"gold_gain":0.0,"event_name":"Falling","player_choice":"Removed Attack","floor":39.0,"gold_loss":0.0,"damage_taken":0.0},{"damage_healed":0.0,"max_hp_gain":0.0,"max_hp_loss":5.0,"gold_gain":0.0,"event_name":"Winding Halls","player_choice":"Max HP","floor":47.0,"gold_loss":0.0,"damage_taken":0.0}],"is_beta":false,"boss_relics":[{"not_picked":["SacredBark","Sozu"],"picked":"SlaversCollar"},{"not_picked":["Busted Crown","Philosopher\u0027s Stone"],"picked":"Cursed Key"}],"items_purged_floors":[38],"is_endless":false,"potions_floor_spawned":[3,6,22,24,27,31,46,48,55],"killed_by":"The Heart","ascension_level":20}}