{"host":"x730sfaw5rd1mxd8","time":1613776469,"event":{"mods":["BaseMod","BetterRewards","Colored Powertips","Downfall","Highlight Path","Minty Spire (QoL Compilation)","Relic Sorter","Relic Stats","Replay The Spire","StSLib"],"gold_per_floor":[99,112,127,144,69,69,146,166,180,30,64,64,84,69,87,192,192,142,159,179,198,215,215,215,231,264,264,294,294,144,179,199,300,300,250,262,176,191,203,214,214,230,230,262,112,129,155,155,174,174,174,201,6,6,6,8],"floor_reached":57,"language":"ENG","playtime":4384,"items_purged":["Slimebound:Tackle"],"score":1332,"play_id":"cd9fef58-996d-433e-ac68-bddb1625fa23","local_time":"20210219181429","is_ascension_mode":false,"campfire_choices":[{"floor":1,"key":"RECALL"},{"floor":10,"key":"REST"},{"floor":18,"key":"DIG"},{"floor":30,"key":"REST"},{"floor":35,"key":"REST"},{"floor":45,"key":"REST"},{"floor":54,"key":"REST"}],"circlet_count":0,"master_deck":["Slimebound:Defend_Slimebound","Slimebound:Defend_Slimebound","Slimebound:Defend_Slimebound","Slimebound:Split","Slimebound:CorrosiveSpit","Slimebound:Grow","Slimebound:SpikyOuterGoop","Slimebound:SplitBruiser","Slimebound:FormOfPuddle","ReplayTheSpireMod:Doomed","Slimebound:DuplicatedForm","Slimebound:Prepare","Slimebound:SamplingLick","Slimebound:RallyTheTroops+1","Slimebound:AcidTongue","Slimebound:LeadByExample","Slimebound:Overexert+1","Slimebound:HauntingLick+1","Slimebound:MegaLick+1","Slimebound:SlimeTap","Slimebound:MinionMaster","Slimebound:SplitSpecialist","Slimebound:Recycling","Slimebound:Overexert+1","Slimebound:Recycling","Slimebound:FormOfPuddle","Slimebound:Prepare+1","Slimebound:HauntingLick+1","expansioncontent:AwakenDeath","Slimebound:Gluttony+1","Slimebound:LeechLife+1","Slimebound:DouseInSlime","Slimebound:ProtectTheBoss+1","Slimebound:LivingWall+1","expansioncontent:InvincibleStrength"],"relics":["Fusion Hammer","Slimebound:GreedOozeRelic","InkBottle","downfall:HeartBlessingRed","Snecko Heart","Iron Hammer","Anchor","Replay:Bottled Eggs","Replay:Mystery Machine","Nloth\u0027s Gift","downfall:HeartBlessingBlue","Pet Ghost","Painkiller Herb","Replay:Ringing Soul","Question Card","downfall:HeartBlessingGreen","Replay:Bandana","Whetstone"],"acts_visited":["Exordium","TheCity","TheBeyond","TheEnding"],"potions_floor_usage":[16,16,16,16,23,55,55,55],"damage_taken":[{"damage":0,"enemies":"Small Slimes","floor":2,"turns":3},{"damage":0,"enemies":"2 Louse","floor":3,"turns":2},{"damage":0,"enemies":"Cultist","floor":4,"turns":4},{"damage":2,"enemies":"2 Fungi Beasts","floor":8,"turns":5},{"damage":2,"enemies":"Red Slaver","floor":9,"turns":4},{"damage":24,"enemies":"3 Sentries","floor":11,"turns":9},{"damage":1,"enemies":"Large Slime","floor":13,"turns":4},{"damage":15,"enemies":"downfall:FleeingMerchant","floor":14,"turns":4},{"damage":33,"enemies":"Gremlin Gang","floor":15,"turns":6},{"damage":9,"enemies":"DF_ARCHETYPE_STREAMLINE","floor":16,"turns":9},{"damage":0,"enemies":"Shell Parasite","floor":19,"turns":1},{"damage":1,"enemies":"Spheric Guardian","floor":20,"turns":3},{"damage":28,"enemies":"Shelled Parasite and Fungi","floor":21,"turns":3},{"damage":24,"enemies":"Sentry and Sphere","floor":22,"turns":4},{"damage":0,"enemies":"Snake Plant","floor":23,"turns":1},{"damage":0,"enemies":"3 Cultists","floor":25,"turns":5},{"damage":3,"enemies":"Replay:Snechameleon","floor":26,"turns":4},{"damage":21,"enemies":"Book of Stabbing","floor":28,"turns":4},{"damage":10,"enemies":"Replay:Snechameleon","floor":31,"turns":4},{"damage":0,"enemies":"Chosen and Byrds","floor":32,"turns":4},{"damage":22,"enemies":"SI_MIRROR_ARCHETYPE","floor":33,"turns":8},{"damage":2,"enemies":"Orb Walker","floor":36,"turns":3},{"damage":15,"enemies":"downfall:FleeingMerchant","floor":37,"turns":4},{"damage":0,"enemies":"3 Shapes","floor":38,"turns":3},{"damage":15,"enemies":"Spire Growth","floor":39,"turns":3},{"damage":15,"enemies":"3 Darklings","floor":40,"turns":2},{"damage":11,"enemies":"Writhing Mass","floor":42,"turns":3},{"damage":20,"enemies":"Giant Head","floor":44,"turns":4},{"damage":0,"enemies":"Jaw Worm Horde","floor":46,"turns":3},{"damage":1,"enemies":"Nemesis","floor":47,"turns":5},{"damage":15,"enemies":"Transient","floor":49,"turns":5},{"damage":30,"enemies":"WA_ARCHETYPE_DIVINITY","floor":50,"turns":5},{"damage":27,"enemies":"downfall:CharBossMerchant","floor":52,"turns":5},{"damage":10,"enemies":"downfall:NeowBoss","floor":55,"turns":12},{"damage":64,"enemies":"downfall:NeowBossFinal","floor":56,"turns":11}],"seed_played":"3529099807040420287","potions_obtained":[{"floor":3,"key":"champ:CounterPotion"},{"floor":8,"key":"LifebloodPotion"},{"floor":13,"key":"EntropicBrew"},{"floor":20,"key":"SteroidPotion"},{"floor":26,"key":"BlessingOfTheForge"},{"floor":40,"key":"Dexterity Potion"},{"floor":44,"key":"PowerPotion"}],"is_trial":false,"path_per_floor":["R","M","M","M","?","?","T","M","M","R","E","?","M","$","M","B",null,"R","M","M","M","M","M","T","M","E","T","E","?","R","E","M","B",null,"T","?","T","?","?","?","T","?","?","E","T","?","E","?","?","B",null,"E","T","T","B","B",null],"character_chosen":"SLIMEBOUND","items_purchased":["Slimebound:FormOfPuddle","Slimebound:LivingWall+1","expansioncontent:InvincibleStrength"],"campfire_rested":5,"item_purchase_floors":[37,53,53],"current_hp_per_floor":[65,65,65,65,65,65,65,63,61,65,56,61,60,60,42,33,65,65,65,64,51,42,42,42,42,39,39,33,33,65,55,55,48,75,75,73,73,73,73,73,73,65,68,66,84,87,90,90,90,75,90,81,84,96,96,96],"gold":8,"neow_bonus":"BOSS_RELIC","is_daily":false,"chose_seed":false,"campfire_upgraded":0,"win_rate":0.0,"timestamp":1613776469,"path_taken":["R","M","M","M","?","?","T","M","?","R","E","?","M","$","M","BOSS","R","M","M","M","M","M","T","M","E","?","E","?","R","E","M","BOSS","T","?","T","?","?","?","T","?","?","E","T","?","E","?","?","BOSS","E","T","T","BOSS","BOSS"],"items_purchased_type":["Card","Card","Card"],"build_version":"2020-12-22","purchased_purges":1,"victory":true,"max_hp_per_floor":[65,65,65,65,65,65,65,65,65,65,65,65,65,65,65,65,65,65,65,65,65,65,65,65,65,65,65,65,65,75,75,75,75,75,75,75,75,75,75,75,75,78,81,84,84,87,90,90,90,90,90,93,96,96,96,96],"relic_stats":{"counters":[35,149],"Nloth\u0027s Gift":7,"Whetstone":["Slimebound:RallyTheTroops","Slimebound:LeechLife"],"Question Card":4,"obtain_stats":[{"Snecko Heart":17,"downfall:HeartBlessingRed":10,"Painkiller Herb":34,"downfall:HeartBlessingGreen":45,"Whetstone":52,"Replay:Mystery Machine":28,"Ancient Tea Set":11,"Question Card":44,"Pet Ghost":31,"Slimebound:GreedOozeRelic":5,"Replay:Ringing Soul":41,"Anchor":26,"Replay:Bandana":47,"downfall:HeartBlessingBlue":30,"Fusion Hammer":0,"Iron Hammer":18,"Slimebound:AbsorbEndCombat":0,"Nloth\u0027s Gift":29,"Replay:Bottled Eggs":27,"InkBottle":7},{"Snecko Heart":10,"downfall:HeartBlessingRed":5,"Painkiller Herb":21,"downfall:HeartBlessingGreen":28,"Whetstone":33,"Replay:Mystery Machine":18,"Ancient Tea Set":6,"Question Card":28,"Pet Ghost":19,"Slimebound:GreedOozeRelic":3,"Replay:Ringing Soul":26,"Anchor":17,"Replay:Bandana":30,"downfall:HeartBlessingBlue":18,"Fusion Hammer":0,"Iron Hammer":10,"Slimebound:AbsorbEndCombat":0,"Nloth\u0027s Gift":18,"Replay:Bottled Eggs":17,"InkBottle":3},{"Snecko Heart":44,"downfall:HeartBlessingRed":14,"Painkiller Herb":81,"downfall:HeartBlessingGreen":103,"Whetstone":126,"Replay:Mystery Machine":67,"Ancient Tea Set":22,"Question Card":103,"Pet Ghost":70,"Slimebound:GreedOozeRelic":7,"Replay:Ringing Soul":96,"Anchor":63,"Replay:Bandana":111,"downfall:HeartBlessingBlue":67,"Fusion Hammer":0,"Iron Hammer":44,"Slimebound:AbsorbEndCombat":0,"Nloth\u0027s Gift":67,"Replay:Bottled Eggs":63,"InkBottle":7}],"InkBottle":[82]},"card_choices":[{"not_picked":["Slimebound:HauntingLick","Slimebound:Chomp"],"picked":"Slimebound:Grow","floor":2},{"not_picked":["Slimebound:HungryTackle","Slimebound:LeechingTouch"],"picked":"Slimebound:SpikyOuterGoop","floor":3},{"not_picked":["Slimebound:LeechingTouch","Slimebound:RollThrough"],"picked":"Slimebound:SplitBruiser","floor":4},{"not_picked":["Slimebound:RollThrough","Slimebound:LeechEnergy"],"picked":"Slimebound:Prepare","floor":8},{"not_picked":["Slimebound:Grow","Slimebound:SplitBruiser"],"picked":"Slimebound:SamplingLick","floor":9},{"not_picked":["Slimebound:MegaLick","Slimebound:LivingWall"],"picked":"Slimebound:RallyTheTroops","floor":11},{"not_picked":["Slimebound:SplitLeeching","Slimebound:TongueLash","Slimebound:GoopTackle"],"picked":"SKIP","floor":13},{"not_picked":["Slimebound:Schlurp","Slimebound:Chomp"],"picked":"Slimebound:AcidTongue","floor":14},{"not_picked":["Slimebound:Schlurp","Slimebound:RollThrough"],"picked":"Slimebound:LeadByExample","floor":15},{"not_picked":["Slimebound:CheckThePlaybook","Slimebound:Darklings"],"picked":"Slimebound:Overexert","floor":16},{"not_picked":["Slimebound:SpikyOuterGoop","Slimebound:ServeAndProtect+1"],"picked":"Slimebound:HauntingLick+1","floor":19},{"not_picked":["Slimebound:LeechingTouch+1","Slimebound:SlimeBrawl"],"picked":"Slimebound:MegaLick+1","floor":20},{"not_picked":["Slimebound:SplitSpecialist","Slimebound:SplitBruiser"],"picked":"Slimebound:SlimeTap","floor":21},{"not_picked":["Slimebound:SamplingLick+1","Slimebound:Recollect"],"picked":"Slimebound:MinionMaster","floor":22},{"not_picked":["Slimebound:FinishingTackle","Slimebound:LeadByExample","Slimebound:Schlurp+1"],"picked":"SKIP","floor":25},{"not_picked":["Slimebound:HauntingLick","Slimebound:Replication"],"picked":"Slimebound:SplitSpecialist","floor":26},{"not_picked":["Slimebound:SplitAcid+1","Slimebound:LeechingTouch+1","Slimebound:Repurpose"],"picked":"SKIP","floor":28},{"not_picked":["Slimebound:GoopTackle","Slimebound:SplitLeeching+1","Slimebound:ForwardTackle"],"picked":"SKIP","floor":31},{"not_picked":["Slimebound:Nibble+1","Slimebound:PressTheAttack"],"picked":"Slimebound:Recycling","floor":32},{"not_picked":["Slimebound:MassFeed","Slimebound:SlimeSlap"],"picked":"Slimebound:Overexert","floor":33},{"not_picked":["Slimebound:DisruptingSlam","Slimebound:LeechingTouch"],"picked":"Slimebound:Recycling","floor":36},{"not_picked":["Slimebound:TagTeam","Slimebound:LeechEnergy","Slimebound:DisruptingSlam+1"],"picked":"SKIP","floor":37},{"not_picked":["Slimebound:SplitMire","Slimebound:PressTheAttack","Slimebound:FinishingTackle"],"picked":"SKIP","floor":38},{"not_picked":["Slimebound:LeechEnergy+1","Slimebound:HauntingLick+1"],"picked":"Slimebound:Prepare+1","floor":39},{"not_picked":["Slimebound:BestDefense+1","Slimebound:GoopTackle","Slimebound:Dissolve"],"picked":"SKIP","floor":40},{"not_picked":["Slimebound:SplitMire","Slimebound:LivingWall"],"picked":"Slimebound:HauntingLick+1","floor":42},{"not_picked":["Replay:SS_hec_1","expansioncontent:InvincibleStrength"],"picked":"expansioncontent:AwakenDeath","floor":43},{"not_picked":["Slimebound:FinishingTackle+1","Slimebound:Teamwork"],"picked":"Slimebound:Gluttony+1","floor":44},{"not_picked":["Slimebound:SplitAcid+1","Slimebound:DisruptingSlam+1","Slimebound:SamplingLick+1"],"picked":"Slimebound:LeechLife","floor":46},{"not_picked":["Slimebound:OneTwoCombo","Slimebound:LeechingTouch","Slimebound:Equalize+1"],"picked":"Slimebound:DouseInSlime","floor":47},{"not_picked":["Slimebound:Chomp+1","Slimebound:SplitSpecialist","Slimebound:FinishingTackle+1","Slimebound:Grow+1"],"picked":"SKIP","floor":49},{"not_picked":["Slimebound:MinionMaster","Slimebound:CheckThePlaybook","Slimebound:GrowthPunch"],"picked":"Slimebound:ProtectTheBoss+1","floor":52}],"player_experience":4214321,"relics_obtained":[{"floor":7,"key":"InkBottle"},{"floor":11,"key":"Ancient Tea Set"},{"floor":18,"key":"Iron Hammer"},{"floor":26,"key":"Anchor"},{"floor":27,"key":"Replay:Bottled Eggs"},{"floor":28,"key":"Replay:Mystery Machine"},{"floor":31,"key":"Pet Ghost"},{"floor":41,"key":"Replay:Ringing Soul"},{"floor":44,"key":"Question Card"},{"floor":47,"key":"Replay:Bandana"},{"floor":52,"key":"Whetstone"}],"event_choices":[{"cards_removed":["Slimebound:SplitLeeching"],"damage_healed":5,"gold_gain":0,"player_choice":"Offered Common","damage_taken":0,"max_hp_gain":0,"max_hp_loss":0,"event_name":"Bonfire Elementals","floor":12,"gold_loss":0},{"cards_removed":["Slimebound:SplitLeeching"],"damage_healed":5,"gold_gain":0,"player_choice":"Offered Special","damage_taken":0,"max_hp_gain":0,"max_hp_loss":0,"event_name":"Bonfire Elementals","floor":12,"gold_loss":0},{"cards_removed":["Slimebound:Defend_Slimebound"],"damage_healed":0,"gold_gain":0,"player_choice":"Removed Skill","damage_taken":0,"max_hp_gain":0,"max_hp_loss":0,"event_name":"Falling","floor":48,"gold_loss":0}],"is_beta":false,"boss_relics":[{"not_picked":["Runic Dome","Pandora\u0027s Box"],"picked":"Snecko Heart"},{"not_picked":["Philosopher\u0027s Stone","ReplayTheSpireMod:DimensionalGlitch"],"picked":"Painkiller Herb"}],"items_purged_floors":[53],"is_endless":false,"potions_floor_spawned":[3,8,13,20,21,23,26,33,40,44,47,49],"ascension_level":0}}