{"host":"7ue15d6wz1o7m0ar","time":1613753653,"event":{"mods":["BaseMod","Filter the Spire","Hermit","Minty Spire (QoL Compilation)","Replay The Spire","StSLib"],"gold_per_floor":[109,129,0,17,34,68,80,112,112,112,127,158,158,170,170,269,269,281,77,90,101,111,144,144,144,144,69,69,99,99,130,130,226,226,246,21,71,71,71,106,135,135,135,135,147,22,39,59,59,59],"floor_reached":51,"language":"ENG","playtime":7290,"items_purged":["Strike_G","Strike_G","ReplayTheSpireMod:Restless Dread"],"score":892,"play_id":"450338b3-ac84-4341-b6df-94a5b4e21f16","local_time":"20210219105413","is_ascension_mode":true,"campfire_choices":[{"data":"Blade Dance","floor":10,"key":"SMITH"},{"data":"Crippling Poison","floor":15,"key":"SMITH"},{"floor":24,"key":"REST"},{"data":"ReplayTheSpireMod:Faulty Equipment","floor":28,"key":"SMITH"},{"floor":30,"key":"REST"},{"floor":32,"key":"REST"},{"floor":49,"key":"REST"}],"circlet_count":0,"master_deck":["Strike_G+1","Defend_G+1","Defend_G","Defend_G","Defend_G","Defend_G","Survivor","Neutralize+1","Cloak And Dagger","Blade Dance+1","Infinite Blades","Cloak And Dagger+1","Deflect","Hidden Blade","Crippling Poison+1","Outmaneuver","Phantasmal Killer","Hidden Blade","ReplayTheSpireMod:Scrap Shanks","Dodge and Roll+1","Backflip","Acrobatics","Envenom","Blade Dance","Backstab+1","Replay:Bag of Tricks","CurseOfTheBell","Accuracy","Blade Dance+1","Flash of Steel+1","Poison Darts","Parasite","ReplayTheSpireMod:Shiv Toss+1"],"relics":["WristBlade","Bottled Lightning","StoneCalendar","Singing Bowl","War Paint","Replay:Grab Bag","Replay:Bronze Core","Cursed Key","Black Star","BargainBundle","Replay:Kaleidoscope","Molten Egg 2","Gremlin Horn","Whetstone","Sundial","ReplayTheSpireMod:Ninjato","Paper Crane","Calling Bell","Matryoshka","WingedGreaves","Pet Ghost","Blood Vial","Ring of Fangs","InkBottle","Iron Hammer","Darkstone Periapt","Snake Skull","Orichalcum","Girya","BranchBurnRelic"],"acts_visited":["Exordium","TheCity","TheBeyond"],"potions_floor_usage":[12,16,16,20,20,21,22,31,37,50],"damage_taken":[{"damage":2,"enemies":"Cultist","floor":1,"turns":4},{"damage":0,"enemies":"2 Louse","floor":2,"turns":3},{"damage":4,"enemies":"Small Slimes","floor":4,"turns":2},{"damage":1,"enemies":"2 Fungi Beasts","floor":5,"turns":2},{"damage":16,"enemies":"Lagavulin","floor":6,"turns":6},{"damage":8,"enemies":"3 Louse","floor":7,"turns":3},{"damage":7,"enemies":"3 Sentries","floor":8,"turns":7},{"damage":0,"enemies":"Exordium Thugs","floor":11,"turns":3},{"damage":0,"enemies":"Gremlin Nob","floor":12,"turns":2},{"damage":0,"enemies":"Red Slaver","floor":14,"turns":2},{"damage":0,"enemies":"The Guardian","floor":16,"turns":7},{"damage":10,"enemies":"Shell Parasite","floor":18,"turns":4},{"damage":6,"enemies":"Chosen","floor":20,"turns":6},{"damage":17,"enemies":"Snake Plant","floor":21,"turns":6},{"damage":12,"enemies":"Chosen and Byrds","floor":22,"turns":4},{"damage":8,"enemies":"Gremlin Leader","floor":23,"turns":6},{"damage":32,"enemies":"Slavers","floor":29,"turns":5},{"damage":13,"enemies":"Book of Stabbing","floor":31,"turns":4},{"damage":9,"enemies":"Champ","floor":33,"turns":6},{"damage":6,"enemies":"3 Darklings","floor":35,"turns":4},{"damage":28,"enemies":"2 Orb Walkers","floor":37,"turns":5},{"damage":0,"enemies":"Giant Head","floor":40,"turns":4},{"damage":3,"enemies":"Nemesis","floor":41,"turns":5},{"damage":18,"enemies":"3 Shapes","floor":45,"turns":3},{"damage":10,"enemies":"Writhing Mass","floor":47,"turns":4},{"damage":5,"enemies":"Spire Growth","floor":48,"turns":2},{"damage":42,"enemies":"Replay:Hell Engine","floor":50,"turns":7}],"seed_played":"6133152322274822507","potions_obtained":[{"floor":2,"key":"LifebloodPotion"},{"floor":6,"key":"Languid Potion"},{"floor":11,"key":"AttackPotion"},{"floor":14,"key":"Languid Potion"},{"floor":20,"key":"FearPotion"},{"floor":29,"key":"Reflective Coating"},{"floor":31,"key":"Poison Potion"},{"floor":35,"key":"Block Potion"},{"floor":40,"key":"Fruit Juice"},{"floor":41,"key":"ColorlessPotion"}],"is_trial":false,"path_per_floor":["M","M","$","M","M","E","M","E","T","R","M","E","?","M","R","B",null,"M","$","M","M","M","E","R","?","T","?","R","E","R","E","R","B",null,"M","$","?","?","?","E","E","?","T","?","M","$","M","M","R","B",null],"character_chosen":"THE_SILENT","items_purchased":["Blade Dance","BargainBundle","ReplayTheSpireMod:Scrap Shanks","Dodge and Roll+1","Energy Potion","Backflip","SpeedPotion","Accuracy","Blood Vial"],"campfire_rested":4,"item_purchase_floors":[3,19,19,19,19,19,19,36,36],"current_hp_per_floor":[68,68,68,64,63,47,39,32,32,32,32,32,25,25,25,25,70,60,60,54,39,29,21,43,43,43,43,43,11,33,20,42,33,74,70,70,46,46,46,50,49,49,55,55,41,41,39,38,65,40],"gold":59,"neow_bonus":"BOSS_RELIC","is_daily":false,"chose_seed":false,"campfire_upgraded":3,"win_rate":0.0,"timestamp":1613753653,"path_taken":["M","M","$","M","M","E","?","E","T","R","M","E","?","M","R","BOSS","M","$","M","M","M","E","R","?","T","?","R","E","R","E","R","BOSS","M","$","?","?","?","E","E","?","T","?","?","$","M","M","R","BOSS"],"items_purchased_type":["Card","Relic","Card","Card","Potion","Card","Potion","Card","Relic"],"build_version":"2020-12-22","purchased_purges":3,"victory":true,"max_hp_per_floor":[70,70,70,70,70,70,70,70,70,70,70,70,70,70,70,70,70,70,70,70,72,74,74,74,74,74,74,74,74,74,74,74,74,74,76,76,78,78,74,76,76,76,82,82,84,84,90,92,92,92],"card_choices":[{"not_picked":["Prepared","Sneak Up"],"picked":"Cloak And Dagger","floor":1},{"not_picked":["Deadly Poison","Poisoned Stab","Sucker Punch"],"picked":"SKIP","floor":2},{"not_picked":["Flechettes","Flying Knee","Bane"],"picked":"SKIP","floor":4},{"not_picked":["Dash","Atom Bomb"],"picked":"Infinite Blades","floor":5},{"not_picked":["Flechettes","Predator","Heel Hook"],"picked":"SKIP","floor":6},{"not_picked":["Poisoned Stab","Dodge and Roll"],"picked":"Cloak And Dagger","floor":7},{"not_picked":["Unload","PiercingWail"],"picked":"Deflect","floor":8},{"not_picked":["Slice","Well Laid Plans"],"picked":"Hidden Blade","floor":11},{"not_picked":["Sucker Punch","Deadly Poison"],"picked":"Crippling Poison","floor":12},{"not_picked":["Dagger Spray","Reflex"],"picked":"Outmaneuver","floor":14},{"not_picked":["ReplayTheSpireMod:From All Sides","Unload"],"picked":"Phantasmal Killer","floor":16},{"not_picked":["Choke","Replay:Poison Smokescreen"],"picked":"Hidden Blade","floor":18},{"not_picked":["Infinite Blades","Bane"],"picked":"Acrobatics","floor":20},{"not_picked":["Well Laid Plans","Dodge and Roll","PiercingWail"],"picked":"Singing Bowl","floor":21},{"not_picked":["Dagger Spray","Dagger Throw","Sucker Punch"],"picked":"Singing Bowl","floor":22},{"not_picked":["Cloak And Dagger","Quick Slash+1"],"picked":"Envenom","floor":23},{"not_picked":["Underhanded Strike+1","Bullet Time"],"picked":"Blade Dance","floor":29},{"not_picked":["Reflex","Finisher+1"],"picked":"Backstab+1","floor":31},{"not_picked":["Storm of Steel","Adrenaline"],"picked":"Replay:Bag of Tricks","floor":33},{"not_picked":["Quick Slash+1","Poisoned Stab+1","Dagger Spray+1"],"picked":"Singing Bowl","floor":35},{"not_picked":["Dodge and Roll+1","Dagger Throw+1","Dash+1"],"picked":"Singing Bowl","floor":37},{"not_picked":["Crippling Poison+1","Finisher+1","Sucker Punch+1"],"picked":"Singing Bowl","floor":40},{"not_picked":["Grand Finale+1","Toxin Wave+1"],"picked":"Blade Dance+1","floor":41},{"not_picked":["Forethought","Good Instincts"],"picked":"Flash of Steel+1","floor":42},{"not_picked":["Predator+1","Outmaneuver+1","Draining Mist+1"],"picked":"Singing Bowl","floor":45},{"not_picked":["Flying Knee+1","Acrobatics+1"],"picked":"ReplayTheSpireMod:Shiv Toss+1","floor":47},{"not_picked":["Leg Sweep","Well Laid Plans+1","Dodge and Roll"],"picked":"Singing Bowl","floor":48}],"player_experience":509941,"relics_obtained":[{"floor":6,"key":"Bottled Lightning"},{"floor":8,"key":"StoneCalendar"},{"floor":9,"key":"Singing Bowl"},{"floor":12,"key":"War Paint"},{"floor":23,"key":"Replay:Kaleidoscope"},{"floor":23,"key":"Molten Egg 2"},{"floor":26,"key":"Gremlin Horn"},{"floor":29,"key":"Whetstone"},{"floor":29,"key":"Sundial"},{"floor":31,"key":"ReplayTheSpireMod:Ninjato"},{"floor":31,"key":"Paper Crane"},{"floor":34,"key":"Matryoshka"},{"floor":34,"key":"WingedGreaves"},{"floor":34,"key":"Pet Ghost"},{"floor":37,"key":"Dead Branch"},{"floor":38,"key":"Ring of Fangs"},{"floor":40,"key":"InkBottle"},{"floor":40,"key":"Iron Hammer"},{"floor":41,"key":"Darkstone Periapt"},{"floor":41,"key":"Snake Skull"},{"floor":43,"key":"Orichalcum"},{"floor":43,"key":"Girya"}],"event_choices":[{"cards_removed":["Strike_G"],"damage_healed":0,"gold_gain":0,"player_choice":"Card Removal","damage_taken":7,"max_hp_gain":0,"max_hp_loss":0,"event_name":"Golden Wing","floor":13,"gold_loss":0},{"cards_removed":["Strike_G"],"damage_healed":0,"gold_gain":0,"player_choice":"Gave Gold","damage_taken":0,"max_hp_gain":0,"max_hp_loss":0,"event_name":"Beggar","floor":27,"gold_loss":75},{"damage_healed":0,"gold_gain":0,"player_choice":"Fight","damage_taken":0,"max_hp_gain":0,"max_hp_loss":0,"event_name":"Mysterious Sphere","floor":37,"gold_loss":0},{"damage_healed":0,"gold_gain":0,"player_choice":"Max HP","damage_taken":0,"max_hp_gain":0,"max_hp_loss":4,"event_name":"Winding Halls","floor":39,"gold_loss":0},{"damage_healed":0,"gold_gain":0,"player_choice":"Memory 1","damage_taken":0,"max_hp_gain":0,"max_hp_loss":0,"event_name":"SensoryStone","floor":42,"gold_loss":0},{"damage_healed":0,"gold_gain":0,"player_choice":"1 cards matched","damage_taken":0,"max_hp_gain":0,"max_hp_loss":0,"event_name":"Match and Keep!","floor":44,"gold_loss":0,"cards_obtained":["Poison Darts"]}],"is_beta":false,"boss_relics":[{"not_picked":["SacredBark","Astrolabe"],"picked":"Replay:Grab Bag"},{"not_picked":["Coffee Dripper","Busted Crown"],"picked":"Replay:Bronze Core"},{"not_picked":["ReplayTheSpireMod:DimensionalGlitch","ReplayTheSpireMod:Onyx Gauntlets"],"picked":"Cursed Key"},{"not_picked":["HoveringKite","Snecko Eye"],"picked":"Black Star"},{"not_picked":["Honey Jar","Pandora\u0027s Box"],"picked":"Calling Bell"}],"items_purged_floors":[3,19,46],"is_endless":false,"potions_floor_spawned":[2,6,11,14,20,29,31,35,40,41],"ascension_level":3}}