{"host":"onfdonezo2qmaex3","time":1613753991,"event":{"mods":["2.2 Compatiblity","AchievementEnabler","Act Like it!","Aspiration","BaseMod","Colored Powertips","Downfall","Friendly Minions","Gensokyo","Hallownest","Hermit","Highlight Path","Jorbs\u0027s Wanderer Trilogy","Marisa????????","Marked Mod","Minty Spire (QoL Compilation)","Quick Restart","Reliquary","Shop Mod","StSLib","The Disciple","The Hayseed","The Hierophant","The Marked","The Runesmith"],"gold_per_floor":[112,42,54,31,111,111,139,139,139,139,168,268,286,304,304,408,408,428,125,138,138,138,165,165,165,188,88,121,139,8,42,42,42,42],"floor_reached":33,"language":"ENG","playtime":1448,"items_purged":["Defend_G","Writhe"],"score":355,"play_id":"871ecb93-df6b-4eff-a587-483af8910333","local_time":"20210219175951","is_ascension_mode":true,"campfire_choices":[{"data":"Noxious Fumes","floor":6,"key":"SMITH"},{"data":"Envenom","floor":8,"key":"SMITH"},{"data":"Noxious Fumes","floor":10,"key":"SMITH"},{"data":"Deadly Poison","floor":15,"key":"SMITH"},{"data":"Envenom","floor":24,"key":"SMITH"},{"floor":32,"key":"REST"}],"circlet_count":0,"master_deck":["Strike_G","Strike_G","Strike_G","Strike_G","Defend_G","Defend_G","Defend_G","Survivor","Neutralize","Noxious Fumes+1","Noxious Fumes+1","Deadly Poison+1","Envenom+1","Escape Plan","Slice+1","Doppelganger","Backflip","Envenom+1","Backflip","Gensokyo:AllTheWorldsEvil","Gensokyo:ExoticEgg","Gensokyo:TarnishedGold"],"relics":["Ring of the Snake","Guardian:PocketSentry","aspiration:FrozenJewel","Molten Egg 2","Juzu Bracelet","expansioncontent:StudyCardRelic","reliquary:RadioactivePellet","Ninja Scroll","Potion Belt","Smiling Mask","reliquary:FeatherDuster"],"acts_visited":["Gensokyo:Gensokyo","Gensokyo:Gensokyoer"],"potions_floor_usage":[14,31,31],"damage_taken":[{"damage":2,"enemies":"Gensokyo:Gryphon","floor":1,"turns":5},{"damage":0,"enemies":"Gensokyo:Python","floor":3,"turns":4},{"damage":16,"enemies":"Gensokyo:Aya","floor":7,"turns":5},{"damage":4,"enemies":"Gensokyo:Mamizou","floor":11,"turns":6},{"damage":0,"enemies":"Gensokyo:2_Kodama","floor":13,"turns":3},{"damage":7,"enemies":"Gensokyo:VengefulSpirit","floor":14,"turns":4},{"damage":30,"enemies":"Gensokyo:Kokoro","floor":16,"turns":8},{"damage":2,"enemies":"Gensokyo:AngelMirror","floor":18,"turns":3},{"damage":3,"enemies":"Gensokyo:3_Dogs","floor":20,"turns":5},{"damage":12,"enemies":"Gensokyo:Tenshi","floor":23,"turns":6},{"damage":42,"enemies":"Gensokyo:Koishi","floor":28,"turns":5},{"damage":9,"enemies":"Gensokyo:Swordslinger","floor":29,"turns":4},{"damage":8,"enemies":"Gensokyo:Tenshi","floor":31,"turns":4},{"damage":26,"enemies":"Gensokyo:Kaguya","floor":33,"turns":3}],"seed_played":"-293679160241083887","potions_obtained":[{"floor":7,"key":"Guardian:BlockOnCardUsePotion"},{"floor":11,"key":"Explosive Potion"},{"floor":13,"key":"Swift Potion"},{"floor":29,"key":"Strength Potion"},{"floor":31,"key":"SneckoOil"}],"is_trial":false,"path_per_floor":["M","?","M","$","?","R","E","R","T","R","E","?","M","M","R","B",null,"M","$","M","?","?","E","R","T","T","$","E","M","COS","E","R","B"],"character_chosen":"THE_SILENT","items_purchased":["Deadly Poison","reliquary:RadioactivePellet","Envenom"],"campfire_rested":1,"item_purchase_floors":[4,19,19],"current_hp_per_floor":[75,75,75,75,75,75,59,59,59,59,55,55,55,48,48,18,77,75,75,72,72,72,60,60,60,60,60,18,9,9,1,24,0,0],"gold":42,"neow_bonus":"TEN_PERCENT_HP_BONUS","is_daily":false,"chose_seed":false,"campfire_upgraded":5,"win_rate":0.0,"timestamp":1613753991,"path_taken":["M","?","M","?","?","R","E","R","T","R","E","?","M","M","R","BOSS","M","$","M","?","?","E","R","?","T","$","E","M","COS","E","R","BOSS"],"items_purchased_type":["Card","Relic","Card"],"build_version":"2020-12-22","purchased_purges":2,"victory":false,"max_hp_per_floor":[77,77,77,77,77,77,77,77,77,77,77,77,77,77,77,77,77,77,77,77,77,77,77,77,77,77,77,77,77,77,77,77,77,77],"card_choices":[{"not_picked":["Quick Slash","Acrobatics"],"picked":"Noxious Fumes","floor":1},{"not_picked":["Deadly Poison","Acrobatics"],"picked":"Noxious Fumes","floor":3},{"not_picked":["PiercingWail","Acrobatics"],"picked":"Envenom","floor":7},{"not_picked":["PiercingWail","Quick Slash+1","All Out Attack+1"],"picked":"SKIP","floor":11},{"not_picked":["Well Laid Plans","Deflect"],"picked":"Escape Plan","floor":13},{"not_picked":["Dodge and Roll","Tactician"],"picked":"Slice+1","floor":14},{"not_picked":["A Thousand Cuts","Tools of the Trade"],"picked":"Doppelganger","floor":16},{"not_picked":["Prepared","Concentrate"],"picked":"Backflip","floor":18},{"not_picked":["Acrobatics","Terror+1"],"picked":"Backflip","floor":20},{"not_picked":["Terror+1","Cloak And Dagger+1"],"picked":"Corpse Explosion","floor":23},{"not_picked":["Riddle With Holes+1","Bouncing Flask"],"picked":"Poisoned Stab+1","floor":28},{"not_picked":["Backflip","Masterful Stab+1","Sucker Punch+1"],"picked":"SKIP","floor":29},{"not_picked":["Slice+1","Quick Slash+1","Underhanded Strike+1"],"picked":"SKIP","floor":31}],"player_experience":212287,"relics_obtained":[{"floor":7,"key":"aspiration:FrozenJewel"},{"floor":9,"key":"Molten Egg 2"},{"floor":11,"key":"Juzu Bracelet"},{"floor":23,"key":"Ninja Scroll"},{"floor":26,"key":"Potion Belt"},{"floor":28,"key":"Smiling Mask"},{"floor":31,"key":"reliquary:FeatherDuster"}],"event_choices":[],"is_beta":false,"boss_relics":[{"not_picked":["Ectoplasm","aspiration:MobileForge"],"picked":"expansioncontent:StudyCardRelic"}],"items_purged_floors":[19,27],"is_endless":false,"potions_floor_spawned":[7,11,13,29,31],"killed_by":"Gensokyo:Kaguya","ascension_level":4}}