{"host":"r4fh4z5myensb3zv","time":1613768896,"event":{"mods":["BaseMod","Ironclad Rager","Minty Spire (QoL Compilation)","Rare Cards Sparkle","Relic Stats","StSLib"],"gold_per_floor":[111,127,127,142,156,156,156],"floor_reached":6,"language":"ENG","playtime":528,"items_purged":[],"score":38,"play_id":"838fd6c0-913e-438d-a23d-6d595f9d86fd","local_time":"20210219220816","is_ascension_mode":false,"campfire_choices":[],"circlet_count":0,"master_deck":["Strike_G","Strike_G","Strike_G","Strike_G","Defend_G","Defend_G","Defend_G","Defend_G","Defend_G","Survivor","Neutralize","Dramatic Entrance","Crippling Poison","Deflect","Footwork","Prepared"],"relics":["Ring of the Snake"],"acts_visited":["Exordium"],"potions_floor_usage":[6],"damage_taken":[{"damage":0,"enemies":"2 Louse","floor":1,"turns":2},{"damage":1,"enemies":"Cultist","floor":2,"turns":4},{"damage":5,"enemies":"Small Slimes","floor":4,"turns":3},{"damage":0,"enemies":"3 Louse","floor":5,"turns":4},{"damage":10,"enemies":"Lagavulin","floor":6,"turns":11}],"seed_played":"6052888350472132887","potions_obtained":[{"floor":2,"key":"Dexterity Potion"}],"is_trial":false,"path_per_floor":["M","M","?","M","M","E"],"character_chosen":"THE_SILENT","items_purchased":[],"campfire_rested":0,"item_purchase_floors":[],"current_hp_per_floor":[70,69,69,64,64,54,54],"gold":156,"neow_bonus":"RANDOM_COLORLESS","is_daily":false,"chose_seed":false,"campfire_upgraded":0,"win_rate":0.0,"timestamp":1613768896,"path_taken":["M","M","?","M","M","E"],"items_purchased_type":[],"build_version":"2020-12-22","purchased_purges":0,"victory":false,"max_hp_per_floor":[70,70,70,70,70,70,70],"relic_stats":{"counters":[5,24],"obtain_stats":[{"Ring of the Snake":0},{"Ring of the Snake":0},{"Ring of the Snake":0}],"Ring of the Snake":[10]},"card_choices":[{"not_picked":["Panacea","Purity"],"picked":"Dramatic Entrance","floor":0},{"not_picked":["Reflex","PiercingWail"],"picked":"Crippling Poison","floor":1},{"not_picked":["PiercingWail","Leg Sweep"],"picked":"Deflect","floor":2},{"not_picked":["Outmaneuver","Bane"],"picked":"Footwork","floor":4},{"not_picked":["Bane","Poisoned Stab"],"picked":"Prepared","floor":5}],"player_experience":128678,"relics_obtained":[],"event_choices":[{"cards_removed":["Strike_G"],"damage_healed":0,"gold_gain":0,"player_choice":"Offered Basic","damage_taken":0,"max_hp_gain":0,"max_hp_loss":0,"event_name":"Bonfire Elementals","floor":3,"gold_loss":0}],"is_beta":false,"boss_relics":[],"items_purged_floors":[],"is_endless":false,"potions_floor_spawned":[2],"killed_by":"Lagavulin","ascension_level":0}}