{"host":"h3ogdo6no3ehk88q","time":1613758200,"event":{"mods":["AchievementEnabler","BaseMod","Hermit","Marisa????????","Minty Spire (QoL Compilation)","StSLib","SuperFastMode","The Bug Knight","The Cursed","The Disciple","The Necromancer","The Servant 0.9.4"],"gold_per_floor":[114,134,309,328,328,208,227,259,271,289,369,369,369,387,403,62,77,77,151,151,151,222,222,236,62,62,62,62,62,62],"floor_reached":29,"language":"ENG","playtime":780,"items_purged":["Doubt","Doubt","Strike_R"],"score":553,"play_id":"dd5320fe-86cb-4fe7-9110-08b385f4a96b","local_time":"20210219131000","is_ascension_mode":true,"campfire_choices":[{"floor":13,"key":"REST"},{"floor":18,"key":"REST"},{"floor":21,"key":"REST"}],"circlet_count":0,"master_deck":["AscendersBane","Strike_R","Strike_R","Strike_R","Strike_R","Defend_R","Defend_R","Defend_R","Defend_R","Bash","Carnage+1","Cleave","Shrug It Off","Shrug It Off","Bludgeon","Intimidate","Inflame","Anger","Feel No Pain","Impervious","Seeing Red","Corruption","Limit Break","True Grit"],"relics":["Black Blood","Potion Belt","Shuriken","SacredBark","Enchiridion","Regal Pillow"],"acts_visited":["Exordium","TheCity"],"potions_floor_usage":[14,19,24,29],"damage_taken":[{"damage":7,"enemies":"2 Louse","floor":1,"turns":4},{"damage":15,"enemies":"Small Slimes","floor":2,"turns":3},{"damage":15,"enemies":"Cultist","floor":4,"turns":5},{"damage":8,"enemies":"3 Louse","floor":7,"turns":4},{"damage":34,"enemies":"Gremlin Nob","floor":8,"turns":5},{"damage":3,"enemies":"Blue Slaver","floor":9,"turns":4},{"damage":6,"enemies":"Looter","floor":10,"turns":3},{"damage":56,"enemies":"Gremlin Gang","floor":14,"turns":6},{"damage":12,"enemies":"Large Slime","floor":15,"turns":5},{"damage":11,"enemies":"Looter","floor":17,"turns":3},{"damage":49,"enemies":"Hexaghost","floor":19,"turns":13},{"damage":47,"enemies":"Hexaghost","floor":22,"turns":13},{"damage":52,"enemies":"3 Byrds","floor":24,"turns":7},{"damage":25,"enemies":"Gremlin Leader","floor":29,"turns":6}],"seed_played":"1854446540878917619","potions_obtained":[{"floor":2,"key":"SkillPotion"},{"floor":4,"key":"FairyPotion"},{"floor":10,"key":"GamblersBrew"},{"floor":22,"key":"SkillPotion"},{"floor":28,"key":"SteroidPotion"},{"floor":28,"key":"Energy Potion"},{"floor":28,"key":"SmokeBomb"}],"is_trial":false,"path_per_floor":["M","M","?","M","?","$","M","E","M","M","T","T","R","M","M","$","M","R","B",null,"R","B",null,"M","$","?","?","?","E"],"character_chosen":"IRONCLAD","items_purchased":["Shrug It Off","Impervious","FairyPotion","True Grit"],"campfire_rested":3,"item_purchase_floors":[6,16,16,25],"current_hp_per_floor":[81,72,72,63,63,63,61,33,36,36,36,36,62,12,32,32,27,53,10,10,36,51,80,40,40,24,24,24,0,0],"gold":62,"neow_bonus":"TWENTY_PERCENT_HP_BONUS","is_daily":false,"chose_seed":false,"campfire_upgraded":0,"win_rate":0.0,"timestamp":1613758200,"path_taken":["M","M","?","M","?","$","?","E","M","M","T","T","R","M","M","$","M","R","BOSS","R","BOSS","M","$","?","?","?","E"],"items_purchased_type":["Card","Card","Potion","Card"],"build_version":"2020-12-22","purchased_purges":3,"victory":false,"max_hp_per_floor":[89,89,89,89,89,89,89,89,89,89,89,89,89,89,89,89,89,89,89,89,89,89,89,89,89,89,89,89,89,89],"card_choices":[{"not_picked":["Iron Wave","Clash"],"picked":"Carnage","floor":1},{"not_picked":["Twin Strike","Sever Soul"],"picked":"Cleave","floor":2},{"not_picked":["Heavy Blade","Wild Strike"],"picked":"Shrug It Off","floor":4},{"not_picked":["Juggernaut","Twin Strike","Body Slam"],"picked":"SKIP","floor":7},{"not_picked":["Dark Embrace","Seeing Red"],"picked":"Bludgeon","floor":8},{"not_picked":["Reckless Charge","Sword Boomerang"],"picked":"Intimidate","floor":9},{"not_picked":["Sword Boomerang","Bloodletting"],"picked":"Inflame","floor":10},{"not_picked":["Iron Wave","Battle Trance"],"picked":"Anger","floor":14},{"not_picked":["Twin Strike","Clash"],"picked":"Feel No Pain","floor":15},{"not_picked":["Brutality","Perfected Strike"],"picked":"Seeing Red","floor":17},{"not_picked":["Berserk","Juggernaut"],"picked":"Corruption","floor":19},{"not_picked":["Bludgeon","Corruption"],"picked":"Limit Break","floor":22},{"not_picked":["Hemokinesis","Perfected Strike","Evolve"],"picked":"SKIP","floor":24}],"player_experience":914515,"relics_obtained":[{"floor":8,"key":"Potion Belt"},{"floor":12,"key":"Shuriken"},{"floor":26,"key":"Enchiridion"}],"event_choices":[{"damage_healed":0,"gold_gain":175,"player_choice":"AGREE","damage_taken":0,"max_hp_gain":0,"max_hp_loss":0,"event_name":"Liars Game","floor":3,"gold_loss":0,"cards_obtained":["Doubt"]},{"damage_healed":0,"gold_gain":0,"player_choice":"Upgraded","damage_taken":0,"max_hp_gain":0,"max_hp_loss":0,"event_name":"Upgrade Shrine","floor":5,"gold_loss":0,"cards_upgraded":["Carnage"]},{"damage_healed":0,"gold_gain":0,"player_choice":"Obtained Book","damage_taken":16,"max_hp_gain":0,"max_hp_loss":0,"event_name":"Cursed Tome","floor":26,"gold_loss":0},{"damage_healed":0,"gold_gain":0,"player_choice":"Opened","damage_taken":0,"relics_obtained":["Regal Pillow"],"max_hp_gain":0,"max_hp_loss":0,"event_name":"The Mausoleum","floor":27,"gold_loss":0},{"damage_healed":0,"gold_gain":0,"player_choice":"Got Potions","damage_taken":0,"max_hp_gain":0,"max_hp_loss":0,"event_name":"Lab","floor":28,"gold_loss":0}],"is_beta":false,"boss_relics":[{"not_picked":["Philosopher\u0027s Stone","Runic Dome"],"picked":"SacredBark"},{"not_picked":["Astrolabe","Calling Bell"],"picked":"Black Blood"}],"items_purged_floors":[6,16,25],"is_endless":false,"potions_floor_spawned":[2,4,10,22],"killed_by":"Gremlin Leader","ascension_level":14}}