{"host":"5n1fl7z5i1vf7jan","time":1613704680,"event":{"mods":["BaseMod","Minty Spire (QoL Compilation)","Quick Restart","Relic Stats"],"gold_per_floor":[14,33,44,44,44,44,69,80,80,80,114,114,149,172,184,196,196],"floor_reached":16,"language":"ENG","playtime":411,"items_purged":[],"score":290,"play_id":"cecd6250-5734-4513-ba6f-7f17bf5c58fa","local_time":"20210218191800","is_ascension_mode":true,"campfire_choices":[{"data":"Hyperbeam","floor":6.0,"key":"SMITH"},{"data":"Beam Cell","floor":10.0,"key":"SMITH"},{"data":"Gash","floor":12.0,"key":"SMITH"},{"data":"Go for the Eyes","floor":15.0,"key":"SMITH"}],"circlet_count":0,"master_deck":["AscendersBane","Strike_B","Strike_B","Strike_B","Defend_B","Defend_B","Defend_B","Zap","Dualcast","Gash+1","Hyperbeam+1","Steam","Leap","Beam Cell+1","Conserve Battery","Go for the Eyes+1"],"relics":["Cracked Core","TungstenRod","White Beast Statue","Eternal Feather","Centennial Puzzle","MawBank"],"acts_visited":["Exordium"],"potions_floor_usage":[16],"damage_taken":[{"damage":1.0,"enemies":"Cultist","floor":1.0,"turns":3.0},{"damage":1.0,"enemies":"2 Louse","floor":2.0,"turns":3.0},{"damage":0.0,"enemies":"Small Slimes","floor":3.0,"turns":1.0},{"damage":7.0,"enemies":"Gremlin Nob","floor":7.0,"turns":3.0},{"damage":5.0,"enemies":"Looter","floor":8.0,"turns":3.0},{"damage":0.0,"enemies":"3 Sentries","floor":11.0,"turns":2.0},{"damage":14.0,"enemies":"Lagavulin","floor":13.0,"turns":4.0},{"damage":11.0,"enemies":"Gremlin Gang","floor":14.0,"turns":3.0},{"damage":51,"enemies":"Hexaghost","floor":16,"turns":10}],"seed_played":"-5043689532514715651","potions_obtained":[{"floor":1.0,"key":"AttackPotion"},{"floor":7.0,"key":"AttackPotion"},{"floor":8.0,"key":"DistilledChaos"},{"floor":11.0,"key":"Strength Potion"},{"floor":13.0,"key":"EntropicBrew"},{"floor":14.0,"key":"LiquidMemories"}],"is_trial":false,"path_per_floor":["M","M","M","?","?","R","E","M","T","R","E","R","E","M","R","B"],"character_chosen":"DEFECT","items_purchased":[],"campfire_rested":0,"item_purchase_floors":[],"current_hp_per_floor":[63,62,62,57,62,62,55,50,50,56,56,65,51,40,49,0,0],"gold":196,"neow_bonus":"TRANSFORM_TWO_CARDS","is_daily":false,"chose_seed":false,"campfire_upgraded":4,"win_rate":0.0,"timestamp":1613704680,"path_taken":["M","M","M","?","?","R","E","M","T","R","E","R","E","M","R","BOSS"],"items_purchased_type":[],"build_version":"2020-12-22","purchased_purges":0,"victory":false,"max_hp_per_floor":[71,71,71,71,76,76,76,76,76,76,76,76,76,76,76,76,76],"relic_stats":{"Centennial Puzzle":[9],"counters":[9,32],"Eternal Feather":24,"MawBank":36,"obtain_stats":[{"Centennial Puzzle":11,"Eternal Feather":9,"Cracked Core":0,"MawBank":13,"TungstenRod":4,"White Beast Statue":7},{"Centennial Puzzle":6,"Eternal Feather":5,"Cracked Core":0,"MawBank":7,"TungstenRod":3,"White Beast Statue":4},{"Centennial Puzzle":15,"Eternal Feather":13,"Cracked Core":0,"MawBank":19,"TungstenRod":7,"White Beast Statue":10}],"TungstenRod":21},"card_choices":[{"not_picked":["Static Discharge","Compile Driver","Recycle"],"picked":"SKIP","floor":1.0},{"not_picked":["Cold Snap","Barrage"],"picked":"Steam","floor":2.0},{"not_picked":["Stack","Recycle"],"picked":"Leap","floor":3.0},{"not_picked":["Chaos","White Noise","Coolheaded"],"picked":"SKIP","floor":7.0},{"not_picked":["Rainbow","Undo"],"picked":"Beam Cell","floor":8.0},{"not_picked":["Leap","Doom and Gloom"],"picked":"Conserve Battery","floor":11.0},{"not_picked":["Sweeping Beam","Barrage"],"picked":"Go for the Eyes","floor":13.0},{"not_picked":["Compile Driver","Scrape","Barrage"],"picked":"SKIP","floor":14.0}],"player_experience":360363,"relics_obtained":[{"floor":7.0,"key":"White Beast Statue"},{"floor":9.0,"key":"Eternal Feather"},{"floor":11.0,"key":"Centennial Puzzle"},{"floor":13.0,"key":"MawBank"}],"event_choices":[{"damage_healed":0.0,"max_hp_gain":0.0,"max_hp_loss":0.0,"gold_gain":0.0,"event_name":"Scrap Ooze","player_choice":"Success","floor":4.0,"gold_loss":0.0,"damage_taken":5.0,"relics_obtained":["TungstenRod"]},{"damage_healed":0.0,"max_hp_gain":5.0,"max_hp_loss":0.0,"gold_gain":0.0,"event_name":"Big Fish","player_choice":"Donut","floor":5.0,"gold_loss":0.0,"damage_taken":0.0}],"is_beta":false,"boss_relics":[],"items_purged_floors":[],"is_endless":false,"potions_floor_spawned":[1,7,8,11,13,14],"killed_by":"Hexaghost","ascension_level":20}}