{"host":"ar85q1708ucjvf51","time":1613765717,"event":{"mods":["BaseMod","Minty Spire (QoL Compilation)"],"gold_per_floor":[144,189,234,234,279,279,369,49,74,119,119,119,119],"floor_reached":12,"language":"ENG","playtime":3508,"items_purged":["Coolheaded"],"score":155,"play_id":"ba39d7f3-c8da-4570-bcaf-3caa726b16f7","local_time":"20210219151517","daily_mods":["Insanity","Blue Cards","Midas"],"is_ascension_mode":false,"campfire_choices":[],"circlet_count":0,"master_deck":["Uppercut","Rebound","Aggregate","Streamline","Melter","Rebound","Hologram","Twin Strike","Evolve","Headbutt","Ball Lightning","Streamline","Go for the Eyes","Warcry","Redo","True Grit","Skim","White Noise","Flex","Disarm","Sweeping Beam","Searing Blow","Gash","Battle Trance","Anger","Compile Driver","Undo","Stack","Stack","Steam","Pummel","Aggregate","Rage","Rampage","Sweeping Beam","Reprogram","Gash","Ball Lightning","Hologram","Blood for Blood","Heavy Blade","Warcry","Shrug It Off","Anger","Havoc","Rage","Combust","Inflame","Rebound","Reprogram","Heatsinks","Enlightenment","Fusion","Pain"],"relics":["Burning Blood","Mummified Hand","Regal Pillow","Ancient Tea Set","WarpedTongs"],"acts_visited":["Exordium"],"potions_floor_usage":[],"damage_taken":[{"damage":0,"enemies":"Small Slimes","floor":1,"turns":1},{"damage":7,"enemies":"2 Louse","floor":2,"turns":3},{"damage":0,"enemies":"Cultist","floor":3,"turns":2},{"damage":4,"enemies":"2 Fungi Beasts","floor":5,"turns":3},{"damage":28,"enemies":"Lagavulin","floor":7,"turns":5},{"damage":8,"enemies":"Exordium Thugs","floor":10,"turns":3},{"damage":12,"enemies":"3 Sentries","floor":12,"turns":3}],"seed_played":"778547550210687013","potions_obtained":[{"floor":1,"key":"SpeedPotion"},{"floor":5,"key":"Ancient Potion"}],"is_trial":false,"path_per_floor":["M","M","M","?","M","?","E","$","T","M","?","E"],"character_chosen":"IRONCLAD","items_purchased":["Regal Pillow","Enlightenment"],"campfire_rested":0,"item_purchase_floors":[8,8],"current_hp_per_floor":[80,79,80,85,85,95,73,73,73,71,71,59,59],"gold":119,"neow_bonus":"","is_daily":true,"chose_seed":false,"campfire_upgraded":0,"win_rate":0.0,"timestamp":1613765717,"path_taken":["M","M","M","?","M","?","E","$","T","?","?","E"],"items_purchased_type":["Relic","Card"],"build_version":"2020-12-22","purchased_purges":1,"victory":false,"max_hp_per_floor":[80,80,80,85,85,95,95,95,95,95,95,95,95],"card_choices":[{"not_picked":["Consume","Undo"],"picked":"Reprogram","floor":1},{"not_picked":["Beam Cell","Cold Snap","Power Through"],"picked":"SKIP","floor":2},{"not_picked":["Ball Lightning","Pommel Strike","Body Slam"],"picked":"SKIP","floor":3},{"not_picked":["Auto Shields","Armaments"],"picked":"Rainbow","floor":5},{"not_picked":["Sweeping Beam","Rebound"],"picked":"Heatsinks","floor":7},{"not_picked":["Streamline","Sweeping Beam"],"picked":"Fusion","floor":10}],"player_experience":705495,"relics_obtained":[{"floor":7,"key":"Mummified Hand"},{"floor":9,"key":"Ancient Tea Set"}],"event_choices":[{"damage_healed":0,"gold_gain":0,"player_choice":"Donut","damage_taken":0,"max_hp_gain":5,"max_hp_loss":0,"event_name":"Big Fish","floor":4,"gold_loss":0},{"cards_removed":["Rainbow"],"damage_healed":0,"gold_gain":0,"player_choice":"Offered Rare","damage_taken":0,"max_hp_gain":10,"max_hp_loss":0,"event_name":"Bonfire Elementals","floor":6,"gold_loss":0},{"damage_healed":0,"gold_gain":0,"player_choice":"Rummage","damage_taken":0,"relics_obtained":["WarpedTongs"],"max_hp_gain":0,"max_hp_loss":0,"event_name":"Accursed Blacksmith","floor":11,"gold_loss":0,"cards_obtained":["Pain"]}],"is_beta":false,"boss_relics":[],"items_purged_floors":[8],"is_endless":false,"potions_floor_spawned":[1,5],"killed_by":"3 Sentries","ascension_level":0}}