{"host":"g7uq9uzahx9e0kti","time":1613746513,"event":{"mods":["100% Spire Juice","AchievementEnabler","Act Like it!","Arknights","BaseMod","CapriCore","Hermit","Koishi","Minty Spire (QoL Compilation)","Prisma Mod","Quick Restart","StSLib","SuperFastMode","The Bug Knight","The Cursed","The Hierophant","Together in Spire","WarShipGirlsR/??á´Ò³R mod"],"gold_per_floor":[113,113,131,131,146,179,179,194,246,246,265,288,327,127,127,127,127],"floor_reached":16,"language":"KOR","playtime":709,"items_purged":["Defend_G"],"score":118,"play_id":"8b0852e6-faa9-4233-be0f-f1f875297f13","local_time":"20210219235513","is_ascension_mode":true,"campfire_choices":[{"data":"Masterful Stab","floor":7,"key":"SMITH"},{"data":"Dagger Throw","floor":10,"key":"SMITH"},{"data":"Terror","floor":15,"key":"SMITH"}],"circlet_count":0,"master_deck":["Strike_G","Strike_G","Strike_G","Strike_G","Strike_G","Defend_G","Defend_G","Defend_G","Defend_G","Survivor","Neutralize","Flying Knee","Flying Knee","Injury","Cloak And Dagger","Masterful Stab+1","Dagger Throw+1","Terror+1","Masterful Stab","Deflect"],"relics":["Sozu","Golden Idol","Pear","Pen Nib","Smiling Mask","Tiny Chest"],"acts_visited":["Exordium"],"potions_floor_usage":[],"damage_taken":[{"damage":0,"enemies":"Small Slimes","floor":1,"turns":4},{"damage":8,"enemies":"Jaw Worm","floor":3,"turns":3},{"damage":0,"enemies":"2 Louse","floor":5,"turns":3},{"damage":26,"enemies":"3 Sentries","floor":6,"turns":11},{"damage":3,"enemies":"Exordium Wildlife","floor":8,"turns":6},{"damage":0,"enemies":"Large Slime","floor":11,"turns":4},{"damage":0,"enemies":"Blue Slaver","floor":12,"turns":3},{"damage":5,"enemies":"Gremlin Nob","floor":13,"turns":3},{"damage":39,"enemies":"The Guardian","floor":16,"turns":8}],"seed_played":"-3312931763827588755","potions_obtained":[],"is_trial":false,"path_per_floor":["M","?","M","?","M","E","R","M","T","R","M","M","E","$","R","B"],"character_chosen":"THE_SILENT","items_purchased":["Tiny Chest"],"campfire_rested":0,"item_purchase_floors":[14],"current_hp_per_floor":[70,70,62,62,62,46,46,43,43,43,43,43,38,38,38,0,0],"gold":127,"neow_bonus":"BOSS_RELIC","is_daily":false,"chose_seed":false,"campfire_upgraded":3,"win_rate":0.0,"timestamp":1613746513,"path_taken":["M","?","M","?","M","E","R","M","T","R","M","?","E","$","R","BOSS"],"items_purchased_type":["Relic"],"build_version":"2020-12-22","purchased_purges":1,"victory":false,"max_hp_per_floor":[70,70,70,70,70,80,80,80,80,80,80,80,80,80,80,80,80],"card_choices":[{"not_picked":["Caltrops","Endless Agony"],"picked":"Flying Knee","floor":1},{"not_picked":["Prepared","Bane"],"picked":"Flying Knee","floor":3},{"not_picked":["Eviscerate","Catalyst"],"picked":"Cloak And Dagger","floor":5},{"not_picked":["Acrobatics","Terror"],"picked":"Masterful Stab","floor":6},{"not_picked":["Dodge and Roll","Dagger Spray"],"picked":"Dagger Throw","floor":8},{"not_picked":["Tactician","Poisoned Stab"],"picked":"Terror","floor":11},{"not_picked":["Noxious Fumes","Footwork"],"picked":"Masterful Stab","floor":12},{"not_picked":["Terror","Heel Hook"],"picked":"Deflect","floor":13}],"player_experience":134640,"relics_obtained":[{"floor":6,"key":"Pear"},{"floor":9,"key":"Pen Nib"},{"floor":13,"key":"Smiling Mask"}],"event_choices":[{"damage_healed":0,"gold_gain":0,"player_choice":"Take Wound","damage_taken":0,"relics_obtained":["Golden Idol"],"max_hp_gain":0,"max_hp_loss":0,"event_name":"Golden Idol","floor":4,"gold_loss":0,"cards_obtained":["Injury"]}],"is_beta":false,"boss_relics":[],"items_purged_floors":[14],"is_endless":false,"potions_floor_spawned":[1,8,11,12],"killed_by":"The Guardian","ascension_level":1}}