{"host":"clf2hd4adhiiw0zf","time":1613710209,"event":{"mods":["AchievementEnabler","BaseMod","Beaked The Cultist","Bestiary","Dark Map","Downfall","Gremlin Mod","Hermit","Jorbs\u0027s Wanderer Trilogy","Marisa????????","Minty Spire (QoL Compilation)","Quick Restart","Shop Mod","Spire Arcade","StSLib","The Construct","The Cursed","Wide Potions"],"gold_per_floor":[99,112,131,131,131,181,233,133,156,156,191,191,211,245,265,365,365,365,379,180,180,196,210,234,254,254,272,272,272,272],"floor_reached":28,"language":"ENG","playtime":1296,"items_purged":[],"score":304,"play_id":"0b08e6c5-40cb-4766-823f-e2c14254b0b8","local_time":"20210218215009","is_ascension_mode":true,"campfire_choices":[{"floor":1,"key":"RECALL"},{"data":"hexamod:ExtraCrispy","floor":8,"key":"SMITH"},{"data":"hexamod:Defend","floor":10,"key":"SMITH"},{"floor":12,"key":"REST"},{"data":"hexamod:ExtraCrispy","floor":18,"key":"SMITH"}],"circlet_count":0,"master_deck":["hexamod:Strike","hexamod:Strike","hexamod:Defend","hexamod:Defend","hexamod:Defend+1","hexamod:Sear+1","hexamod:Float+1","hexamod:ExtraCrispy+1","hexamod:HeatShield+1","downfall:Malfunctioning","hexamod:BurningTouch","hexamod:NightmareGuise","hexamod:ForkedFlame","hexamod:ExtraCrispy+1","hexamod:VolcanoVisage+1","hexamod:BurningTouch+1","hexamod:RainOfEmbers+1","hexamod:RetreatToShadows","hexamod:GhostflameBarrier","hexamod:Hexaguard","hexamod:SwordOfDarkness+1","hexamod:ChargedBarrage","hexamod:Hexaguard+1","hexamod:DynamicBlow","hexamod:FlamesFromBeyond"],"relics":["hexamod:SpiritBrand","Boot","Art of War","downfall:HeartBlessingRed","Odd Mushroom","Du-Vu Doll","Shuriken","Astrolabe","Orrery","Letter Opener"],"acts_visited":["Exordium","TheCity"],"potions_floor_usage":[11,11,14,16,16,23,25,28],"damage_taken":[{"damage":0,"enemies":"Cultist","floor":2,"turns":3},{"damage":9,"enemies":"2 Louse","floor":3,"turns":3},{"damage":9,"enemies":"The Mushroom Lair","floor":9,"turns":5},{"damage":36,"enemies":"3 Sentries","floor":11,"turns":11},{"damage":6,"enemies":"Small Slimes","floor":13,"turns":5},{"damage":3,"enemies":"Lagavulin","floor":14,"turns":7},{"damage":1,"enemies":"2 Fungi Beasts","floor":15,"turns":3},{"damage":25,"enemies":"DF_ARCHETYPE_STREAMLINE","floor":16,"turns":8},{"damage":20,"enemies":"Shell Parasite","floor":19,"turns":4},{"damage":10,"enemies":"downfall:FleeingMerchant","floor":20,"turns":4},{"damage":9,"enemies":"3 Byrds","floor":22,"turns":6},{"damage":1,"enemies":"Snecko","floor":23,"turns":4},{"damage":21,"enemies":"Snake Plant","floor":25,"turns":4},{"damage":7,"enemies":"Centurion and Healer","floor":27,"turns":4},{"damage":6,"enemies":"Book of Stabbing","floor":28,"turns":1}],"seed_played":"-9025629312576632929","potions_obtained":[{"floor":0,"key":"SpeedPotion"},{"floor":0,"key":"hexamod:InfernoChargePotion"},{"floor":0,"key":"Block Potion"},{"floor":11,"key":"Regen Potion"},{"floor":14,"key":"Swift Potion"},{"floor":16,"key":"bronze:BurnAndBuffPotion"},{"floor":22,"key":"AttackPotion"},{"floor":23,"key":"SpeedPotion"},{"floor":25,"key":"BlessingOfTheForge"}],"is_trial":false,"path_per_floor":["R","M","M","?","?","?","T","R","?","R","E","R","M","E","M","B",null,"R","M","$","?","M","M","T","M","?","M","E"],"character_chosen":"THE_SPIRIT","items_purchased":["hexamod:GhostflameBarrier","Orrery"],"campfire_rested":1,"item_purchase_floors":[20,20],"current_hp_per_floor":[70,70,61,61,49,49,49,49,40,40,4,25,19,46,45,20,70,70,50,40,40,31,30,30,9,9,2,0,0,0],"gold":272,"neow_bonus":"THREE_SMALL_POTIONS","is_daily":false,"chose_seed":false,"campfire_upgraded":3,"win_rate":0.0,"timestamp":1613710209,"path_taken":["R","M","?","?","?","?","T","R","?","R","E","R","M","E","M","BOSS","R","M","$","?","M","M","T","M","?","M","E"],"items_purchased_type":["Card","Relic"],"build_version":"2020-12-22","purchased_purges":0,"victory":false,"max_hp_per_floor":[70,70,70,70,70,70,70,70,70,70,70,70,70,70,70,70,70,70,70,70,70,70,70,70,70,70,70,70,70,70],"card_choices":[{"not_picked":["hexamod:SpectralSpark","hexamod:NightmareGuise"],"picked":"hexamod:ExtraCrispy","floor":2},{"not_picked":["hexamod:PhantomCloak","hexamod:PowerFromBeyond"],"picked":"hexamod:HeatShield","floor":3},{"not_picked":["hexamod:GiftsFromTheDead","hexamod:AdvancingGuard"],"picked":"hexamod:BurningTouch","floor":11},{"not_picked":["hexamod:GhostOfSpirePast","hexamod:FirstSeal"],"picked":"hexamod:NightmareGuise","floor":13},{"not_picked":["hexamod:NightmareGuise","hexamod:HeatCrush"],"picked":"hexamod:ForkedFlame","floor":14},{"not_picked":["hexamod:EtherealExpedition","hexamod:GhostShield"],"picked":"hexamod:ExtraCrispy","floor":15},{"not_picked":["hexamod:ShieldOfDarkness+1","hexamod:SuperheatedStrike+1"],"picked":"hexamod:RetreatToShadows","floor":19},{"not_picked":["hexamod:Firestarter","hexamod:Haunt","hexamod:GiftsFromTheDead"],"picked":"SKIP","floor":20},{"not_picked":["hexamod:SwordOfDarkness+1","hexamod:GhostLash"],"picked":"hexamod:Hexaguard","floor":20},{"not_picked":["hexamod:Haunt","hexamod:BacktrackSmack"],"picked":"hexamod:SwordOfDarkness+1","floor":20},{"not_picked":["hexamod:RadiantFlame","hexamod:GhostOfSpireFuture+1"],"picked":"hexamod:ChargedBarrage","floor":20},{"not_picked":["hexamod:Haunt","hexamod:Firestarter"],"picked":"hexamod:Hexaguard+1","floor":20},{"not_picked":["hexamod:ChargedBarrage","hexamod:StepThrough","hexamod:BacktrackSmack"],"picked":"SKIP","floor":22},{"not_picked":["hexamod:SpectersWail","hexamod:RecurringNightmare+1"],"picked":"hexamod:DynamicBlow","floor":23},{"not_picked":["hexamod:SpectersWail","hexamod:BacktrackSmack"],"picked":"hexamod:FlamesFromBeyond","floor":25},{"not_picked":["hexamod:ThirdSeal","hexamod:NightmareStrike","hexamod:FastForward"],"picked":"SKIP","floor":27}],"player_experience":356673,"relics_obtained":[{"floor":7,"key":"Art of War"},{"floor":9,"key":"Odd Mushroom"},{"floor":11,"key":"Du-Vu Doll"},{"floor":14,"key":"Shuriken"}],"event_choices":[{"damage_healed":0,"gold_gain":0,"player_choice":"Success","damage_taken":12,"relics_obtained":["Boot"],"max_hp_gain":0,"max_hp_loss":0,"event_name":"Scrap Ooze","floor":5,"gold_loss":0},{"damage_healed":0,"gold_gain":0,"player_choice":"Fought Mushrooms","damage_taken":0,"max_hp_gain":0,"max_hp_loss":0,"event_name":"Mushrooms","floor":9,"gold_loss":0}],"is_beta":false,"boss_relics":[{"not_picked":["Empty Cage","Runic Pyramid"],"picked":"Astrolabe"}],"items_purged_floors":[],"is_endless":false,"potions_floor_spawned":[11,14,16,22,23,25],"killed_by":"Book of Stabbing","ascension_level":4}}