{"host":"nq733qv0wuvl6xd6","time":1613765525,"event":{"mods":["BaseMod","Downfall","Minty Spire (QoL Compilation)","StSLib","The Poker Player"],"gold_per_floor":[115,126,138,108,125,152,152,162,215,230,244,270,284,296,296,395,395,405,320,335,350,364,364,380,479,527,527,545,556,115,132,132,132,132,132],"floor_reached":33,"language":"ZHS","playtime":2441,"items_purged":["PokerPlayerMod:Diamond2"],"score":269,"play_id":"27c7a3af-df59-498b-a8e8-9a2de1ae4b1e","local_time":"20210220041205","is_ascension_mode":false,"metric_token":342,"campfire_choices":[{"floor":7,"key":"REST"},{"data":"PokerPlayerMod:CardPrinter","floor":15,"key":"SMITH"},{"floor":23,"key":"REST"},{"data":"PokerPlayerMod:ItsShowtime","floor":27,"key":"SMITH"},{"data":"PokerPlayerMod:Sharpen","floor":32,"key":"SMITH"}],"circlet_count":0,"master_deck":["PokerPlayerMod:Diamond1","PokerPlayerMod:Diamond3","PokerPlayerMod:Diamond4","PokerPlayerMod:Diamond5","PokerPlayerMod:Spade1","PokerPlayerMod:Spade2","PokerPlayerMod:Spade3","PokerPlayerMod:Spade4","PokerPlayerMod:Club1","PokerPlayerMod:Club2","PokerPlayerMod:Heart2","PokerPlayerMod:TrumpStrike","PokerPlayerMod:BadJoker","PokerPlayerMod:Mulligan","PokerPlayerMod:Heart4","PokerPlayerMod:Spade8","PokerPlayerMod:SpadeStrike","PokerPlayerMod:Manipulation","PokerPlayerMod:Heart6","PokerPlayerMod:Spade8","PokerPlayerMod:CardPrinter+1","PokerPlayerMod:ItsShowtime+1","PokerPlayerMod:Heart5","PokerPlayerMod:Club6","PokerPlayerMod:Diamond8","PokerPlayerMod:FlyingCard+1","PokerPlayerMod:Spade1","PokerPlayerMod:Sharpen+1","PokerPlayerMod:CardPrinter+1","PokerPlayerMod:Spade7"],"relics":["PokerPlayerMod:DeckCase","Gambling Chip","Bronze Scales","PokerPlayerMod:BrokenClock","PokerPlayerMod:AceCard","Anchor","Pen Nib","DollysMirror","PokerPlayerMod:FairLicense"],"acts_visited":["Exordium","TheCity"],"potions_floor_usage":[6,6,12,16,16,33,33],"damage_taken":[{"damage":4,"enemies":"2 Louse","floor":1,"turns":2},{"damage":6,"enemies":"Cultist","floor":2,"turns":4},{"damage":0,"enemies":"Small Slimes","floor":3,"turns":3},{"damage":12,"enemies":"3 Louse","floor":5,"turns":2},{"damage":53,"enemies":"Gremlin Nob","floor":6,"turns":8},{"damage":0,"enemies":"Blue Slaver","floor":8,"turns":3},{"damage":11,"enemies":"Lots of Slimes","floor":10,"turns":2},{"damage":2,"enemies":"Red Slaver","floor":11,"turns":3},{"damage":10,"enemies":"Lagavulin","floor":12,"turns":7},{"damage":4,"enemies":"Exordium Wildlife","floor":13,"turns":5},{"damage":0,"enemies":"3 Louse","floor":14,"turns":1},{"damage":23,"enemies":"Slime Boss","floor":16,"turns":6},{"damage":7,"enemies":"2 Thieves","floor":18,"turns":4},{"damage":0,"enemies":"Chosen","floor":20,"turns":4},{"damage":15,"enemies":"Shelled Parasite and Fungi","floor":21,"turns":6},{"damage":21,"enemies":"3 Cultists","floor":22,"turns":6},{"damage":0,"enemies":"Chosen and Byrds","floor":24,"turns":4},{"damage":26,"enemies":"Shelled Parasite and Fungi","floor":28,"turns":5},{"damage":9,"enemies":"Snake Plant","floor":29,"turns":4},{"damage":10,"enemies":"Centurion and Healer","floor":31,"turns":5},{"damage":67,"enemies":"Collector","floor":33,"turns":5}],"seed_played":"-6183451216062809565","potions_obtained":[{"floor":1,"key":"Energy Potion"},{"floor":4,"key":"CultistPotion"},{"floor":4,"key":"ColorlessPotion"},{"floor":5,"key":"Strength Potion"},{"floor":10,"key":"Weak Potion"},{"floor":12,"key":"AttackPotion"},{"floor":13,"key":"SkillPotion"},{"floor":16,"key":"FearPotion"},{"floor":18,"key":"Guardian:BlockOnCardUsePotion"},{"floor":28,"key":"Fire Potion"}],"is_trial":false,"path_per_floor":["M","M","M","?","M","E","R","M","T","M","M","E","M","M","R","B",null,"M","?","M","M","M","R","M","?","T","R","M","M","$","M","R","B"],"character_chosen":"THE_POKER_PLAYER","items_purchased":["PokerPlayerMod:Sharpen","DollysMirror","PokerPlayerMod:FairLicense"],"campfire_rested":2,"item_purchase_floors":[30,30,30],"current_hp_per_floor":[53,50,52,52,45,1,18,28,28,25,36,42,50,50,50,34,57,57,57,57,48,42,57,57,57,57,57,37,45,45,47,47,0,0,0],"gold":132,"neow_bonus":"TEN_PERCENT_HP_BONUS","is_daily":false,"chose_seed":false,"campfire_upgraded":3,"win_rate":0.0,"timestamp":1613765525,"path_taken":["M","M","M","?","?","E","R","M","T","M","M","E","M","M","R","BOSS","M","?","M","M","M","R","M","?","T","R","M","M","?","M","R","BOSS"],"items_purchased_type":["Card","Relic","Relic"],"build_version":"2020-12-22","purchased_purges":1,"victory":false,"max_hp_per_floor":[57,57,57,57,57,57,57,57,57,57,57,57,57,57,57,57,57,57,57,57,57,57,57,57,57,57,57,57,57,57,57,57,57,57,57],"card_choices":[{"not_picked":["PokerPlayerMod:FillThePot","PokerPlayerMod:Club1","PokerPlayerMod:Diamond3"],"picked":"SKIP","floor":1},{"not_picked":["PokerPlayerMod:Spade1","PokerPlayerMod:Configure","PokerPlayerMod:CloakAndDiamond"],"picked":"SKIP","floor":2},{"not_picked":["PokerPlayerMod:DiamondStrike","PokerPlayerMod:Diamond2"],"picked":"PokerPlayerMod:Heart4","floor":3},{"not_picked":["PokerPlayerMod:Spade2","PokerPlayerMod:SpadeStrike"],"picked":"PokerPlayerMod:Spade8","floor":5},{"not_picked":["PokerPlayerMod:ClubsClub","PokerPlayerMod:Diamond3"],"picked":"PokerPlayerMod:SpadeStrike","floor":6},{"not_picked":["PokerPlayerMod:JackOfSpades","PokerPlayerMod:Spade4"],"picked":"PokerPlayerMod:Manipulation","floor":8},{"not_picked":["PokerPlayerMod:Diamond4","PokerPlayerMod:Fold"],"picked":"PokerPlayerMod:Heart6","floor":10},{"not_picked":["PokerPlayerMod:Raise","PokerPlayerMod:Manipulation","PokerPlayerMod:DiamondStrike"],"picked":"SKIP","floor":11},{"not_picked":["PokerPlayerMod:Club6","PokerPlayerMod:Club7"],"picked":"PokerPlayerMod:Spade8","floor":12},{"not_picked":["PokerPlayerMod:Diamond2","PokerPlayerMod:Spade4"],"picked":"PokerPlayerMod:CardPrinter","floor":13},{"not_picked":["PokerPlayerMod:Club2","PokerPlayerMod:Diamond1","PokerPlayerMod:Diamond4"],"picked":"SKIP","floor":14},{"not_picked":["PokerPlayerMod:SecretDealer","PokerPlayerMod:Diamond8"],"picked":"PokerPlayerMod:ItsShowtime","floor":16},{"not_picked":["PokerPlayerMod:Club2","PokerPlayerMod:Heart1"],"picked":"PokerPlayerMod:Heart5","floor":18},{"not_picked":["PokerPlayerMod:Heart2","PokerPlayerMod:Diamond2","PokerPlayerMod:Diamond4"],"picked":"SKIP","floor":20},{"not_picked":["PokerPlayerMod:HiddenCard","PokerPlayerMod:DamnStraight"],"picked":"PokerPlayerMod:Club6","floor":21},{"not_picked":["PokerPlayerMod:Diamond3","PokerPlayerMod:RiskyBet"],"picked":"PokerPlayerMod:Diamond8","floor":22},{"not_picked":["PokerPlayerMod:Spade4","PokerPlayerMod:Spade3"],"picked":"PokerPlayerMod:FlyingCard+1","floor":24},{"not_picked":["PokerPlayerMod:Configure","PokerPlayerMod:ClubsClub"],"picked":"PokerPlayerMod:Spade1","floor":28},{"not_picked":["PokerPlayerMod:FillThePot","PokerPlayerMod:Spade2","PokerPlayerMod:DamnStraight"],"picked":"SKIP","floor":29},{"not_picked":["PokerPlayerMod:Diamond1","PokerPlayerMod:Diamond2"],"picked":"PokerPlayerMod:Spade7","floor":31}],"player_experience":55357,"relics_obtained":[{"floor":6,"key":"Gambling Chip"},{"floor":9,"key":"Bronze Scales"},{"floor":12,"key":"PokerPlayerMod:BrokenClock"},{"floor":26,"key":"Pen Nib"}],"event_choices":[{"damage_healed":0,"gold_gain":0,"player_choice":"Bought 2 Potions","damage_taken":0,"max_hp_gain":0,"max_hp_loss":0,"event_name":"The Woman in Blue","floor":4,"gold_loss":0},{"damage_healed":0,"gold_gain":0,"player_choice":"Obtained Relic","damage_taken":0,"relics_obtained":["Anchor"],"max_hp_gain":0,"max_hp_loss":0,"event_name":"Addict","floor":19,"gold_loss":85},{"damage_healed":0,"gold_gain":99,"player_choice":"Stole From Cult","damage_taken":0,"max_hp_gain":0,"max_hp_loss":0,"event_name":"Nest","floor":25,"gold_loss":0}],"is_beta":false,"boss_relics":[{"not_picked":["Ectoplasm","Calling Bell"],"picked":"PokerPlayerMod:AceCard"}],"items_purged_floors":[30],"is_endless":false,"potions_floor_spawned":[1,5,10,12,13,14,16,18,21,28],"killed_by":"Collector","ascension_level":0}}