{"host":"sav7uxregyirlf69","time":1613754011,"event":{"mods":["AchievementEnabler","BaseMod","Colored Map","DeckTracker","Keyboard Shortcuts","Minty Spire (QoL Compilation)","READ ME - Guardian Mod","StSLib","SuperFastMode"],"gold_per_floor":[18,33,33,47,47,77,87,102,102,102,27,42,42,60,60,60,60],"floor_reached":16,"language":"KOR","playtime":222,"items_purged":[],"score":208,"play_id":"5a877e52-8aa8-4168-be5b-199b0682acb3","local_time":"20210220020011","is_ascension_mode":true,"campfire_choices":[{"data":"Go for the Eyes","floor":10,"key":"SMITH"},{"floor":15,"key":"REST"}],"circlet_count":0,"master_deck":["AscendersBane","Strike_B","Strike_B","Strike_B","Defend_B","Defend_B","Defend_B","Defend_B","Zap+1","Dualcast","Sweeping Beam","Chill","Sunder+1","Doom and Gloom","Go for the Eyes+1","Capacitor","Consume","Rainbow","Turbo"],"relics":["Cracked Core","Dream Catcher","Smiling Mask"],"acts_visited":["Exordium"],"potions_floor_usage":[16,16],"damage_taken":[{"damage":2,"enemies":"2 Louse","floor":1,"turns":3},{"damage":6,"enemies":"Cultist","floor":2,"turns":3},{"damage":4,"enemies":"Jaw Worm","floor":4,"turns":3},{"damage":21,"enemies":"Lagavulin","floor":6,"turns":5},{"damage":4,"enemies":"Looter","floor":7,"turns":2},{"damage":6,"enemies":"3 Louse","floor":8,"turns":2},{"damage":12,"enemies":"Gremlin Gang","floor":12,"turns":2},{"damage":19,"enemies":"Large Slime","floor":14,"turns":5},{"damage":30,"enemies":"Slime Boss","floor":16,"turns":5}],"seed_played":"2795669143855699617","potions_obtained":[{"floor":6,"key":"Energy Potion"},{"floor":7,"key":"Energy Potion"},{"floor":12,"key":"Strength Potion"},{"floor":14,"key":"FocusPotion"}],"is_trial":false,"path_per_floor":["M","M","?","M","?","E","M","M","T","R","?","M","?","M","R","B"],"character_chosen":"DEFECT","items_purchased":[],"campfire_rested":1,"item_purchase_floors":[],"current_hp_per_floor":[76,70,70,66,66,45,41,35,35,35,35,23,23,4,29,0,0],"gold":60,"neow_bonus":"TWENTY_PERCENT_HP_BONUS","is_daily":false,"chose_seed":false,"campfire_upgraded":1,"win_rate":0.0,"timestamp":1613754011,"path_taken":["M","M","?","?","?","E","M","M","T","R","?","M","?","M","R","BOSS"],"items_purchased_type":[],"build_version":"2020-12-22","purchased_purges":0,"victory":false,"max_hp_per_floor":[85,85,85,85,85,85,85,85,85,85,85,85,85,85,85,85,85],"card_choices":[{"not_picked":["Compile Driver","Heatsinks"],"picked":"Sweeping Beam","floor":1},{"not_picked":["Stack","Leap"],"picked":"Chill","floor":2},{"not_picked":["Conserve Battery","Reinforced Body"],"picked":"Sunder","floor":4},{"not_picked":["Sweeping Beam","Fusion"],"picked":"Doom and Gloom","floor":6},{"not_picked":["Conserve Battery","Sweeping Beam"],"picked":"Go for the Eyes","floor":7},{"not_picked":["Conserve Battery","Aggregate"],"picked":"Capacitor","floor":8},{"not_picked":["Sunder","Conserve Battery"],"picked":"Consume","floor":12},{"not_picked":["Gash","Leap","Rebound"],"picked":"SKIP","floor":14},{"not_picked":["Melter","Steam"],"picked":"Turbo","floor":15}],"player_experience":1626044,"relics_obtained":[{"floor":6,"key":"Dream Catcher"},{"floor":9,"key":"Smiling Mask"}],"event_choices":[{"damage_healed":0,"gold_gain":0,"player_choice":"Upgraded","damage_taken":0,"max_hp_gain":0,"max_hp_loss":0,"event_name":"Upgrade Shrine","floor":3,"gold_loss":0,"cards_upgraded":["Zap"]},{"damage_healed":0,"gold_gain":0,"player_choice":"Grow","damage_taken":0,"max_hp_gain":0,"max_hp_loss":0,"event_name":"Living Wall","floor":5,"gold_loss":0,"cards_upgraded":["Sunder"]},{"cards_removed":["Strike_B"],"damage_healed":0,"gold_gain":0,"player_choice":"Card Removal","damage_taken":0,"max_hp_gain":0,"max_hp_loss":0,"event_name":"The Cleric","floor":11,"gold_loss":75},{"damage_healed":0,"gold_gain":0,"player_choice":"1 cards matched","damage_taken":0,"max_hp_gain":0,"max_hp_loss":0,"event_name":"Match and Keep!","floor":13,"gold_loss":0,"cards_obtained":["Rainbow"]}],"is_beta":false,"boss_relics":[],"items_purged_floors":[],"is_endless":false,"potions_floor_spawned":[6,7,12,14],"killed_by":"Slime Boss","ascension_level":20}}