{"host":"df48i9djcn92c5sx","time":1613743078,"event":{"mods":["Act Like it!","Arknights","BaseMod","Decade(王小明)","Downfall","Gensokyo","Marisa（F雨　魔理沙）","Minty Spire (QoL Compilation)","READ ME - Guardian Mod","READ ME - Snecko Mod","Reimu（博丽灵梦）","Remilia（蕾米莉亚）","Shop Mod","StSLib","The Jungle","The Servant 0.9.4"],"gold_per_floor":[116,96,106,3,78,78,92,112,185,185,196,196,222,236,236,236,236],"floor_reached":16,"language":"ZHS","playtime":337,"items_purged":["Strike_G"],"score":189,"play_id":"7afe6168-77b4-4f58-8be1-cad910c25b34","local_time":"20210219215758","is_ascension_mode":true,"campfire_choices":[{"data":"Neutralize","floor":6,"key":"SMITH"},{"data":"Noxious Fumes","floor":10,"key":"SMITH"},{"data":"Deadly Poison","floor":12,"key":"SMITH"},{"data":"Catalyst","floor":15,"key":"SMITH"}],"circlet_count":0,"master_deck":["AscendersBane","Strike_G","Strike_G","Strike_G","Strike_G","Defend_G","Defend_G","Defend_G","Defend_G","Defend_G","Survivor","Neutralize+1","Noxious Fumes+1","Deadly Poison+1","Bane","Catalyst+1"],"relics":["Ring of the Snake","NeowsBlessing","Bottled Tornado","Oddly Smooth Stone"],"acts_visited":["Exordium"],"potions_floor_usage":[8,11,13,16,16],"damage_taken":[{"damage":0,"enemies":"Small Slimes","floor":1,"turns":1},{"damage":0,"enemies":"Cultist","floor":3,"turns":1},{"damage":0,"enemies":"2 Louse","floor":7,"turns":1},{"damage":5,"enemies":"Exordium Wildlife","floor":8,"turns":4},{"damage":2,"enemies":"3 Louse","floor":11,"turns":3},{"damage":12,"enemies":"Lagavulin","floor":13,"turns":6},{"damage":9,"enemies":"Red Slaver","floor":14,"turns":4},{"damage":27,"enemies":"Slime Boss","floor":16,"turns":5}],"seed_played":"4702005741780802110","potions_obtained":[{"floor":2,"key":"CunningPotion"},{"floor":3,"key":"GhostInAJar"},{"floor":8,"key":"SteroidPotion"},{"floor":13,"key":"CunningPotion"},{"floor":14,"key":"SneckoOil"}],"is_trial":false,"path_per_floor":["M","?","M","$","?","R","M","M","T","R","M","R","E","M","R","B"],"character_chosen":"THE_SILENT","items_purchased":["Deadly Poison"],"campfire_rested":0,"item_purchase_floors":[4],"current_hp_per_floor":[59,59,59,59,48,48,48,43,43,43,41,41,29,20,20,0,0],"gold":236,"neow_bonus":"THREE_ENEMY_KILL","is_daily":false,"chose_seed":false,"campfire_upgraded":4,"win_rate":0.0,"timestamp":1613743078,"path_taken":["M","?","M","?","?","R","M","?","T","R","M","R","E","M","R","BOSS"],"items_purchased_type":["Card"],"build_version":"2020-12-22","purchased_purges":1,"victory":false,"max_hp_per_floor":[66,66,66,66,66,66,66,66,66,66,66,66,66,66,66,66,66],"card_choices":[{"not_picked":["Underhanded Strike","Acrobatics","Flying Knee"],"picked":"SKIP","floor":1},{"not_picked":["Bane","Infinite Blades"],"picked":"Noxious Fumes","floor":3},{"not_picked":["Tactician","Underhanded Strike","Poisoned Stab"],"picked":"SKIP","floor":7},{"not_picked":["Quick Slash","Acrobatics","Deflect"],"picked":"SKIP","floor":8},{"not_picked":["Blur","Finisher"],"picked":"Bane","floor":11},{"not_picked":["Tools of the Trade","Flying Knee"],"picked":"Catalyst","floor":13},{"not_picked":["Flying Knee","Predator","Finisher"],"picked":"SKIP","floor":14}],"player_experience":1591075,"relics_obtained":[{"floor":9,"key":"Bottled Tornado"},{"floor":13,"key":"Oddly Smooth Stone"}],"event_choices":[{"damage_healed":0,"gold_gain":0,"player_choice":"Bought 1 Potion","damage_taken":0,"max_hp_gain":0,"max_hp_loss":0,"event_name":"The Woman in Blue","floor":2,"gold_loss":0},{"damage_healed":0,"gold_gain":75,"player_choice":"Gather Gold","damage_taken":11,"max_hp_gain":0,"max_hp_loss":0,"event_name":"World of Goop","floor":5,"gold_loss":0}],"is_beta":false,"boss_relics":[],"items_purged_floors":[4],"is_endless":false,"potions_floor_spawned":[3,8,13,14],"killed_by":"Slime Boss","ascension_level":17}}