{"host":"3j24k6gtmfx6ynrk","time":1613773529,"event":{"mods":["AchievementEnabler","BaseMod","Block Reminder","Colored Powertips","Highlight Path","Minty Spire (QoL Compilation)","Quick Restart","Rare Cards Sparkle","StSLib"],"gold_per_floor":[115,115,115,115,78,78,103,103,103,142,162,180,180,211,211,342,342,363,376,396,15,15,15,33,33,33,33,58,82,7,46,46,171,171,192,192,255,255,269,269,313,313,313,313,336,336,336,124,124,124,124,124,44,85,85],"floor_reached":56,"language":"DEU","playtime":5579,"items_purged":["Defend_R","Parasite"],"score":1201,"play_id":"59d7c0db-751f-4af7-88af-aaca6808cf5e","local_time":"20210219232529","is_ascension_mode":false,"campfire_choices":[{"data":"True Grit","floor":6,"key":"SMITH"},{"data":"Metallicize","floor":8,"key":"SMITH"},{"data":"True Grit","floor":13,"key":"SMITH"},{"data":"Bloodletting","floor":15,"key":"SMITH"},{"floor":23,"key":"REST"},{"data":"Barricade","floor":25,"key":"SMITH"},{"data":"Seeing Red","floor":32,"key":"SMITH"},{"floor":40,"key":"REST"},{"floor":42,"key":"RECALL"},{"floor":44,"key":"REST"},{"floor":46,"key":"REST"},{"floor":49,"key":"REST"},{"floor":52,"key":"REST"}],"circlet_count":0,"master_deck":["Strike_R","Strike_R","Strike_R","Defend_R","Defend_R","Bash","True Grit+1","Bloodletting+1","Thunderclap","Metallicize+1","Spot Weakness","True Grit+1","Heavy Blade","Flame Barrier","Barricade+1","Body Slam+1","Rage+1","Sword Boomerang","Impervious","Seeing Red+1","Reaper+1","Juggernaut","Madness","Madness","Feel No Pain+1","Dark Shackles","Bandage Up","Pommel Strike+1","Body Slam+1","Flame Barrier","Magnetism","Fire Breathing"],"relics":["Burning Blood","Golden Idol","Centennial Puzzle","Matryoshka","Meat on the Bone","Mark of Pain","Incense Burner","Molten Egg 2","Regal Pillow","FossilizedHelix","Fusion Hammer","Gambling Chip","Thread and Needle","Blood Vial","Smiling Mask","Mummified Hand"],"acts_visited":["Exordium","TheCity","TheBeyond","TheEnding"],"potions_floor_usage":[16,16,18,29,33,50,55,55],"damage_taken":[{"damage":0,"enemies":"2 Louse","floor":1,"turns":4},{"damage":3,"enemies":"Jaw Worm","floor":7,"turns":9},{"damage":8,"enemies":"3 Sentries","floor":10,"turns":8},{"damage":0,"enemies":"Small Slimes","floor":11,"turns":3},{"damage":4,"enemies":"Exordium Wildlife","floor":12,"turns":4},{"damage":12,"enemies":"Lagavulin","floor":14,"turns":7},{"damage":35,"enemies":"Hexaghost","floor":16,"turns":13},{"damage":7,"enemies":"3 Byrds","floor":18,"turns":7},{"damage":8,"enemies":"Shell Parasite","floor":19,"turns":5},{"damage":29,"enemies":"Sentry and Sphere","floor":20,"turns":8},{"damage":15,"enemies":"Centurion and Healer","floor":24,"turns":7},{"damage":2,"enemies":"Cultist and Chosen","floor":28,"turns":6},{"damage":12,"enemies":"Snake Plant","floor":29,"turns":7},{"damage":3,"enemies":"Book of Stabbing","floor":31,"turns":6},{"damage":46,"enemies":"Collector","floor":33,"turns":12},{"damage":9,"enemies":"3 Darklings","floor":35,"turns":6},{"damage":18,"enemies":"Mind Bloom Boss Battle","floor":37,"turns":8},{"damage":18,"enemies":"Orb Walker","floor":39,"turns":6},{"damage":0,"enemies":"Nemesis","floor":41,"turns":11},{"damage":0,"enemies":"Writhing Mass","floor":45,"turns":5},{"damage":3,"enemies":"Donu and Deca","floor":50,"turns":11},{"damage":23,"enemies":"Shield and Spear","floor":54,"turns":9},{"damage":63,"enemies":"The Heart","floor":55,"turns":11}],"seed_played":"-7827102766507503824","potions_obtained":[{"floor":12,"key":"Fire Potion"},{"floor":14,"key":"BlessingOfTheForge"},{"floor":16,"key":"Weak Potion"},{"floor":18,"key":"Strength Potion"},{"floor":20,"key":"ColorlessPotion"},{"floor":28,"key":"Regen Potion"},{"floor":29,"key":"GamblersBrew"},{"floor":35,"key":"BloodPotion"},{"floor":45,"key":"LiquidBronze"}],"is_trial":false,"path_per_floor":["M","?","?","?","$","R","M","R","T","E","M","M","R","E","R","B",null,"M","M","M","$","?","R","M","R","T","$","M","M","?","E","R","B",null,"M","?","?","?","M","R","E","R","T","R","M","R","T","$","R","B",null,"R","$","E","B",null],"character_chosen":"IRONCLAD","items_purchased":["Metallicize","Incense Burner","Magnetism","Fire Breathing"],"campfire_rested":6,"item_purchase_floors":[5,21,48,53],"current_hp_per_floor":[80,80,60,53,53,53,56,56,56,54,60,62,62,56,56,39,80,79,77,54,54,39,64,55,55,55,55,59,67,67,70,70,52,85,82,71,67,62,54,85,85,85,85,85,85,85,85,82,82,82,82,82,82,73,58],"gold":85,"neow_bonus":"THREE_CARDS","is_daily":false,"chose_seed":false,"campfire_upgraded":6,"win_rate":0.0,"timestamp":1613773529,"path_taken":["M","?","?","?","$","R","?","R","T","E","M","M","R","E","R","BOSS","M","M","M","$","?","R","M","R","T","$","M","M","?","E","R","BOSS","M","?","?","?","M","R","E","R","T","R","M","R","?","$","R","BOSS","R","$","E","BOSS"],"items_purchased_type":["Card","Relic","Card","Card"],"build_version":"2020-12-22","purchased_purges":2,"victory":true,"max_hp_per_floor":[80,80,80,80,80,80,80,80,80,80,80,80,80,80,80,80,80,80,80,80,80,85,85,85,85,85,85,85,85,85,85,85,85,85,85,85,85,85,85,85,85,85,85,85,85,85,85,82,82,82,82,82,82,82,82],"card_choices":[{"not_picked":["Thunderclap","Clothesline"],"picked":"True Grit","floor":0},{"not_picked":["Body Slam","Hemokinesis"],"picked":"Bloodletting","floor":1},{"not_picked":["Evolve","Thunderclap"],"picked":"Spot Weakness","floor":7},{"not_picked":["Clash","Uppercut"],"picked":"True Grit","floor":10},{"not_picked":["Anger","Clash","Sever Soul"],"picked":"SKIP","floor":11},{"not_picked":["Sever Soul","Carnage"],"picked":"Heavy Blade","floor":12},{"not_picked":["Perfected Strike","Inflame"],"picked":"Flame Barrier","floor":14},{"not_picked":["Limit Break","Impervious"],"picked":"Barricade","floor":16},{"not_picked":["Clothesline","Armaments+1"],"picked":"Body Slam+1","floor":18},{"not_picked":["Heavy Blade","Iron Wave","Thunderclap"],"picked":"SKIP","floor":19},{"not_picked":["Twin Strike","Iron Wave"],"picked":"Rage+1","floor":20},{"not_picked":["Pommel Strike","Warcry+1"],"picked":"Sword Boomerang","floor":24},{"not_picked":["Pommel Strike+1","Dark Embrace"],"picked":"Impervious","floor":28},{"not_picked":["Cleave+1","Iron Wave+1"],"picked":"Seeing Red","floor":29},{"not_picked":["Warcry+1","True Grit"],"picked":"Reaper+1","floor":31},{"not_picked":["Reaper+1","Demon Form"],"picked":"Juggernaut","floor":33},{"not_picked":["Armaments","Perfected Strike+1","Headbutt+1"],"picked":"SKIP","floor":35},{"not_picked":["Combust+1","Shockwave+1"],"picked":"Feel No Pain+1","floor":37},{"not_picked":["Blind","Deep Breath"],"picked":"Dark Shackles","floor":38},{"not_picked":["Dramatic Entrance+1","Madness"],"picked":"Bandage Up","floor":38},{"not_picked":["Flame Barrier","Blood for Blood+1"],"picked":"Pommel Strike+1","floor":39},{"not_picked":["Headbutt+1","Blood for Blood+1"],"picked":"Body Slam+1","floor":41},{"not_picked":["Combust","Evolve"],"picked":"Flame Barrier","floor":45},{"not_picked":["Heavy Blade+1","Combust+1","Rage"],"picked":"SKIP","floor":54}],"player_experience":109985,"relics_obtained":[{"floor":9,"key":"Centennial Puzzle"},{"floor":10,"key":"Matryoshka"},{"floor":14,"key":"Meat on the Bone"},{"floor":26,"key":"Molten Egg 2"},{"floor":26,"key":"Regal Pillow"},{"floor":31,"key":"FossilizedHelix"},{"floor":37,"key":"Gambling Chip"},{"floor":41,"key":"Thread and Needle"},{"floor":43,"key":"Blood Vial"},{"floor":47,"key":"Smiling Mask"},{"floor":54,"key":"Mummified Hand"}],"event_choices":[{"damage_healed":0,"gold_gain":0,"cards_transformed":["Strike_R"],"player_choice":"Change","damage_taken":0,"max_hp_gain":0,"max_hp_loss":0,"event_name":"Living Wall","floor":2,"gold_loss":0,"cards_obtained":["Thunderclap"]},{"damage_healed":0,"gold_gain":0,"player_choice":"Take Damage","damage_taken":20,"relics_obtained":["Golden Idol"],"max_hp_gain":0,"max_hp_loss":0,"event_name":"Golden Idol","floor":3,"gold_loss":0},{"cards_removed":["Strike_R"],"damage_healed":0,"gold_gain":0,"player_choice":"Card Removal","damage_taken":7,"max_hp_gain":0,"max_hp_loss":0,"event_name":"Golden Wing","floor":4,"gold_loss":0},{"damage_healed":0,"gold_gain":0,"player_choice":"Shed Blood","damage_taken":20,"max_hp_gain":5,"max_hp_loss":0,"event_name":"Forgotten Altar","floor":22,"gold_loss":0},{"cards_removed":["Defend_R"],"damage_healed":0,"gold_gain":0,"player_choice":"Gave Gold","damage_taken":0,"max_hp_gain":0,"max_hp_loss":0,"event_name":"Beggar","floor":30,"gold_loss":75},{"damage_healed":0,"gold_gain":0,"player_choice":"Embrace Madness","damage_taken":11,"max_hp_gain":0,"max_hp_loss":0,"event_name":"Winding Halls","floor":36,"gold_loss":0,"cards_obtained":["Madness","Madness"]},{"damage_healed":0,"gold_gain":0,"player_choice":"Fight","damage_taken":0,"max_hp_gain":0,"max_hp_loss":0,"event_name":"MindBloom","floor":37,"gold_loss":0},{"damage_healed":0,"gold_gain":0,"player_choice":"Memory 2","damage_taken":5,"max_hp_gain":0,"max_hp_loss":0,"event_name":"SensoryStone","floor":38,"gold_loss":0}],"is_beta":false,"boss_relics":[{"not_picked":["Sozu","Black Blood"],"picked":"Mark of Pain"},{"not_picked":["Cursed Key","Coffee Dripper"],"picked":"Fusion Hammer"}],"items_purged_floors":[21,48],"is_endless":false,"potions_floor_spawned":[12,14,16,18,20,28,29,35,37,45],"ascension_level":0}}