{"host":"2l5k2wp87eek7qja","time":1613765250,"event":{"mods":["BaseMod","Colored Map","Minty Spire (QoL Compilation)","Relic Stats"],"gold_per_floor":[117,42,42,42,52,84,102,102,102,102,112,137,62,72,72,146,146,162,178,178,198,217,217,217,217],"floor_reached":24,"language":"ENG","playtime":910,"items_purged":["Strike_G"],"score":466,"play_id":"6afdfdb9-851f-4c65-8d19-2167e993339e","local_time":"20210219220730","is_ascension_mode":true,"campfire_choices":[{"data":"Envenom","floor":8,"key":"SMITH"},{"data":"Neutralize","floor":10,"key":"SMITH"},{"data":"Burst","floor":15,"key":"SMITH"},{"data":"Ghostly","floor":23,"key":"SMITH"}],"circlet_count":0,"master_deck":["AscendersBane","Strike_G","Strike_G+1","Strike_G","Defend_G","Defend_G","Defend_G","Defend_G","Defend_G","Survivor+1","Neutralize+1","Poisoned Stab","Envenom+1","Burst+1","Slice","Endless Agony","Catalyst","Poisoned Stab","Corpse Explosion","Leg Sweep","Ghostly","Ghostly","Ghostly+1","Prepared+1","Well Laid Plans"],"relics":["Ring of the Snake","NeowsBlessing","Shuriken","Meat on the Bone","Art of War","SlaversCollar"],"acts_visited":["Exordium","TheCity"],"potions_floor_usage":[14,16,21,24],"damage_taken":[{"damage":0,"enemies":"Cultist","floor":1,"turns":1},{"damage":0,"enemies":"Jaw Worm","floor":5,"turns":1},{"damage":0,"enemies":"Lagavulin","floor":6,"turns":2},{"damage":0,"enemies":"2 Louse","floor":7,"turns":4},{"damage":0,"enemies":"Looter","floor":11,"turns":3},{"damage":5,"enemies":"3 Sentries","floor":12,"turns":10},{"damage":3,"enemies":"Large Slime","floor":14,"turns":7},{"damage":14,"enemies":"The Guardian","floor":16,"turns":9},{"damage":31,"enemies":"Spheric Guardian","floor":18,"turns":7},{"damage":17,"enemies":"Shell Parasite","floor":19,"turns":6},{"damage":10,"enemies":"Snecko","floor":21,"turns":7},{"damage":11,"enemies":"Shelled Parasite and Fungi","floor":22,"turns":8},{"damage":31,"enemies":"Book of Stabbing","floor":24,"turns":5}],"seed_played":"9150292335200982995","potions_obtained":[{"floor":6,"key":"AttackPotion"},{"floor":7,"key":"FearPotion"},{"floor":12,"key":"Fire Potion"},{"floor":14,"key":"LiquidBronze"},{"floor":18,"key":"Swift Potion"}],"is_trial":false,"path_per_floor":["M","?","?","?","M","E","M","R","T","R","M","E","$","M","R","B",null,"M","M","?","M","M","R","E"],"character_chosen":"THE_SILENT","items_purchased":[],"campfire_rested":0,"item_purchase_floors":[],"current_hp_per_floor":[59,59,64,43,43,43,43,43,43,43,43,38,38,47,47,45,65,46,41,35,25,26,26,0,0],"gold":217,"neow_bonus":"THREE_ENEMY_KILL","is_daily":false,"chose_seed":false,"campfire_upgraded":4,"win_rate":0.0,"timestamp":1613765250,"path_taken":["M","?","?","?","M","E","M","R","T","R","M","E","$","M","R","BOSS","M","M","?","M","M","R","E"],"items_purchased_type":[],"build_version":"2020-12-22","purchased_purges":1,"victory":false,"max_hp_per_floor":[66,66,71,71,71,71,71,71,71,71,71,71,71,71,71,71,71,71,71,35,35,35,35,35,35],"relic_stats":{"counters":[13,70],"Shuriken":[13],"Art of War":[10],"obtain_stats":[{"SlaversCollar":17,"NeowsBlessing":0,"Shuriken":6,"Art of War":12,"Ring of the Snake":0,"Meat on the Bone":9},{"SlaversCollar":8,"NeowsBlessing":0,"Shuriken":3,"Art of War":6,"Ring of the Snake":0,"Meat on the Bone":4},{"SlaversCollar":37,"NeowsBlessing":0,"Shuriken":4,"Art of War":21,"Ring of the Snake":0,"Meat on the Bone":8}],"Ring of the Snake":[27],"Meat on the Bone":60},"card_choices":[{"not_picked":["Dodge and Roll","Distraction"],"picked":"Poisoned Stab","floor":1},{"not_picked":["Dagger Throw","Bane"],"picked":"Envenom","floor":5},{"not_picked":["Slice","Bouncing Flask"],"picked":"Burst","floor":6},{"not_picked":["Calculated Gamble","Prepared"],"picked":"Slice","floor":7},{"not_picked":["Deflect","Caltrops"],"picked":"Endless Agony","floor":11},{"not_picked":["All Out Attack","Flechettes"],"picked":"Catalyst","floor":12},{"not_picked":["Sucker Punch","Dagger Throw"],"picked":"Poisoned Stab","floor":14},{"not_picked":["After Image","Die Die Die"],"picked":"Corpse Explosion","floor":16},{"not_picked":["Distraction","Cloak And Dagger"],"picked":"Leg Sweep","floor":18},{"not_picked":["Prepared","Flying Knee","Masterful Stab"],"picked":"SKIP","floor":19},{"not_picked":["Slice","Concentrate"],"picked":"Prepared+1","floor":21},{"not_picked":["Calculated Gamble","Footwork"],"picked":"Well Laid Plans","floor":22}],"player_experience":814564,"relics_obtained":[{"floor":6,"key":"Shuriken"},{"floor":9,"key":"Meat on the Bone"},{"floor":12,"key":"Art of War"}],"event_choices":[{"cards_removed":["Strike_G"],"damage_healed":0,"gold_gain":0,"player_choice":"Card Removal","damage_taken":0,"max_hp_gain":0,"max_hp_loss":0,"event_name":"The Cleric","floor":2,"gold_loss":75},{"damage_healed":0,"gold_gain":0,"player_choice":"Donut","damage_taken":0,"max_hp_gain":5,"max_hp_loss":0,"event_name":"Big Fish","floor":3,"gold_loss":0},{"damage_healed":0,"gold_gain":0,"player_choice":"Entered Light","damage_taken":21,"max_hp_gain":0,"max_hp_loss":0,"event_name":"Shining Light","floor":4,"gold_loss":0,"cards_upgraded":["Survivor","Strike_G"]},{"damage_healed":0,"gold_gain":0,"player_choice":"Became a Ghost","damage_taken":0,"max_hp_gain":0,"max_hp_loss":36,"event_name":"Ghosts","floor":20,"gold_loss":0,"cards_obtained":["Ghostly","Ghostly","Ghostly"]}],"is_beta":false,"boss_relics":[{"not_picked":["Cursed Key","SacredBark"],"picked":"SlaversCollar"}],"items_purged_floors":[13],"is_endless":false,"potions_floor_spawned":[6,7,12,14,18],"killed_by":"Book of Stabbing","ascension_level":20}}