{"host":"96qz178ot216apae","time":1613750445,"event":{"mods":["BaseMod","Minty Spire (QoL Compilation)"],"gold_per_floor":[112,287,20,35,45,76,96,96,121,152,102,17,44,56,56,154,154,164,439,10,35,47,59,82,108,120,161,184,206,245,273,285,394,406,430,442,329,353,353,382,397,410,410,425,425,448,467,467,467,467],"floor_reached":51,"language":"ENG","playtime":5363,"items_purged":["Doubt","Regret","Strike_B+1"],"score":762,"play_id":"2c81ab04-3dba-4c61-afcc-ca3a7ec324be","local_time":"20210219160045","is_ascension_mode":false,"campfire_choices":[{"data":"Genetic Algorithm","floor":8.0,"key":"SMITH"},{"data":"Dualcast","floor":15.0,"key":"SMITH"},{"data":"Fission","floor":23.0,"key":"SMITH"},{"data":"Defragment","floor":32.0,"key":"SMITH"},{"data":"Rainbow","floor":49,"key":"SMITH"}],"circlet_count":0,"master_deck":["Defend_B+1","Defend_B+1","Defend_B+1","Defend_B+1","Zap+1","Dualcast+1","Coolheaded+1","Chaos+1","Genetic Algorithm+1","Ball Lightning+1","Auto Shields+1","Self Repair+1","Defragment+1","Compile Driver+1","Defragment+1","Cold Snap+1","Fission+1","Storm+1","Storm+1","Self Repair+1","Streamline+1","White Noise+1","Static Discharge+1","Seek+1","Biased Cognition+1","Cold Snap+1","Rainbow+1"],"relics":["Cracked Core","NeowsBlessing","Chemical X","Toy Ornithopter","Boot","Tiny Chest","Dream Catcher","Inserter","Shuriken","MawBank","FossilizedHelix","Bronze Scales","Oddly Smooth Stone","Busted Crown","Mark of the Bloom","Nunchaku","Happy Flower","Ancient Tea Set","Strawberry"],"acts_visited":["Exordium","TheCity","TheBeyond"],"potions_floor_usage":[40,50,50,50],"damage_taken":[{"damage":0.0,"enemies":"2 Louse","floor":1.0,"turns":1.0},{"damage":0.0,"enemies":"Jaw Worm","floor":4.0,"turns":1.0},{"damage":0.0,"enemies":"Small Slimes","floor":5.0,"turns":1.0},{"damage":13.0,"enemies":"3 Sentries","floor":6.0,"turns":7.0},{"damage":2.0,"enemies":"3 Louse","floor":7.0,"turns":4.0},{"damage":6.0,"enemies":"Lagavulin","floor":10.0,"turns":9.0},{"damage":22.0,"enemies":"3 Sentries","floor":13.0,"turns":7.0},{"damage":4.0,"enemies":"Red Slaver","floor":14.0,"turns":4.0},{"damage":34.0,"enemies":"Hexaghost","floor":16.0,"turns":11.0},{"damage":19.0,"enemies":"Shell Parasite","floor":18.0,"turns":7.0},{"damage":0.0,"enemies":"Spheric Guardian","floor":24.0,"turns":3.0},{"damage":6.0,"enemies":"Centurion and Healer","floor":25.0,"turns":7.0},{"damage":27.0,"enemies":"Gremlin Leader","floor":27.0,"turns":5.0},{"damage":11.0,"enemies":"Sentry and Sphere","floor":28.0,"turns":6.0},{"damage":27.0,"enemies":"Shelled Parasite and Fungi","floor":29.0,"turns":4.0},{"damage":20.0,"enemies":"Book of Stabbing","floor":30.0,"turns":5.0},{"damage":0.0,"enemies":"Centurion and Healer","floor":31.0,"turns":4.0},{"damage":18.0,"enemies":"Champ","floor":33.0,"turns":9.0},{"damage":0,"enemies":"Orb Walker","floor":35,"turns":3},{"damage":0,"enemies":"Nemesis","floor":40,"turns":3},{"damage":0,"enemies":"3 Darklings","floor":41,"turns":3},{"damage":0,"enemies":"Transient","floor":42,"turns":5},{"damage":0,"enemies":"Writhing Mass","floor":44,"turns":3},{"damage":0,"enemies":"Spire Growth","floor":47,"turns":3},{"damage":26,"enemies":"Time Eater","floor":50,"turns":6}],"seed_played":"8571712360243799974","potions_obtained":[{"floor":1.0,"key":"LiquidMemories"},{"floor":7.0,"key":"Explosive Potion"},{"floor":13.0,"key":"FearPotion"},{"floor":24.0,"key":"EntropicBrew"},{"floor":25.0,"key":"Fruit Juice"},{"floor":29.0,"key":"PowerPotion"},{"floor":30.0,"key":"BlessingOfTheForge"},{"floor":31.0,"key":"BlessingOfTheForge"},{"floor":35,"key":"Regen Potion"},{"floor":44,"key":"LiquidBronze"}],"is_trial":false,"path_per_floor":["M","?","$","M","M","E","M","R","T","E","?","$","E","M","R","B",null,"M","?","$","T","?","R","M","M","T","E","M","M","E","M","R","B",null,"M","?","$","T","?","E","M","M","T","M","?","T","M","?","R","B",null],"character_chosen":"DEFECT","items_purchased":["Chemical X","Explosive Potion","Defragment","Compile Driver","Shuriken","Storm"],"campfire_rested":0,"item_purchase_floors":[3,3,12,12,20,20],"current_hp_per_floor":[75,75,75,75,75,62,60,60,60,54,54,54,44,47,47,25,75,63,63,63,63,63,63,75,75,75,65,68,48,33,57,57,64,80,80,80,80,80,80,80,80,80,80,80,80,80,80,80,80,54],"gold":467,"neow_bonus":"THREE_ENEMY_KILL","is_daily":false,"chose_seed":false,"campfire_upgraded":5,"win_rate":0.0,"timestamp":1613750445,"path_taken":["M","?","$","M","M","E","M","R","T","E","?","$","E","?","R","BOSS","M","?","$","?","?","R","?","M","T","E","M","M","E","M","R","BOSS","M","?","$","?","?","E","?","M","T","M","?","?","?","?","R","BOSS"],"items_purchased_type":["Relic","Potion","Card","Card","Relic","Card"],"build_version":"2020-12-22","purchased_purges":3,"victory":true,"max_hp_per_floor":[75,75,75,75,75,75,75,75,75,75,75,75,75,75,75,75,75,75,75,75,75,75,75,75,75,75,75,75,75,75,80,80,80,80,80,80,80,80,80,80,80,80,80,80,80,87,87,87,87,87],"card_choices":[{"not_picked":["Consume","Steam"],"picked":"Coolheaded","floor":1.0},{"not_picked":["Go for the Eyes","Sweeping Beam"],"picked":"Chaos","floor":4.0},{"not_picked":["Gash","Compile Driver"],"picked":"Genetic Algorithm","floor":5.0},{"not_picked":["Leap","Capacitor"],"picked":"Ball Lightning","floor":6.0},{"not_picked":["Rip and Tear","Sweeping Beam"],"picked":"Auto Shields","floor":7.0},{"not_picked":["Conserve Battery","Fusion"],"picked":"Self Repair","floor":10.0},{"not_picked":["Coolheaded","Skim"],"picked":"Defragment","floor":13.0},{"not_picked":["BootSequence","Thunder Strike"],"picked":"Cold Snap","floor":14.0},{"not_picked":["Buffer","All For One"],"picked":"Fission","floor":16.0},{"not_picked":["Hologram","Barrage"],"picked":"Storm","floor":18.0},{"not_picked":["Ball Lightning","Beam Cell","Hello World"],"picked":"SKIP","floor":24.0},{"not_picked":["Conserve Battery","Streamline+1","Go for the Eyes"],"picked":"SKIP","floor":25.0},{"not_picked":["Fission","Beam Cell"],"picked":"Streamline+1","floor":27.0},{"not_picked":["Stack","Glacier"],"picked":"White Noise","floor":28.0},{"not_picked":["Heatsinks","Defragment"],"picked":"Static Discharge+1","floor":29.0},{"not_picked":["White Noise","Double Energy+1"],"picked":"Seek","floor":30.0},{"not_picked":["Compile Driver","Leap+1","Coolheaded"],"picked":"SKIP","floor":31.0},{"not_picked":["Creative AI","All For One"],"picked":"Biased Cognition","floor":33.0},{"not_picked":[],"picked":"Cold Snap+1","floor":35},{"not_picked":["Sweeping Beam+1"],"picked":"SKIP","floor":40},{"not_picked":["Blizzard"],"picked":"SKIP","floor":41},{"not_picked":["Chaos"],"picked":"SKIP","floor":42},{"not_picked":["Hello World"],"picked":"SKIP","floor":44},{"not_picked":["Aggregate+1"],"picked":"SKIP","floor":47}],"player_experience":80821,"relics_obtained":[{"floor":6.0,"key":"Toy Ornithopter"},{"floor":9.0,"key":"Boot"},{"floor":10.0,"key":"Tiny Chest"},{"floor":13.0,"key":"Dream Catcher"},{"floor":21.0,"key":"MawBank"},{"floor":26.0,"key":"FossilizedHelix"},{"floor":27.0,"key":"Bronze Scales"},{"floor":30.0,"key":"Oddly Smooth Stone"},{"floor":38,"key":"Nunchaku"},{"floor":40,"key":"Happy Flower"},{"floor":43,"key":"Ancient Tea Set"},{"floor":46,"key":"Strawberry"}],"event_choices":[{"damage_healed":0.0,"max_hp_gain":0.0,"max_hp_loss":0.0,"gold_gain":175.0,"event_name":"Liars Game","player_choice":"AGREE","floor":2.0,"gold_loss":0.0,"damage_taken":0.0,"cards_obtained":["Doubt"]},{"cards_removed":["Strike_B"],"damage_healed":0.0,"max_hp_gain":0.0,"max_hp_loss":0.0,"gold_gain":0.0,"event_name":"The Cleric","player_choice":"Card Removal","floor":11.0,"gold_loss":50.0,"damage_taken":0.0},{"damage_healed":0.0,"max_hp_gain":0.0,"max_hp_loss":0.0,"gold_gain":275.0,"event_name":"Golden Shrine","player_choice":"Desecrate","floor":19.0,"gold_loss":0.0,"damage_taken":0.0,"cards_obtained":["Regret"]},{"damage_healed":0.0,"max_hp_gain":0.0,"max_hp_loss":0.0,"gold_gain":0.0,"cards_transformed":["Strike_B"],"event_name":"Transmorgrifier","player_choice":"Transformed","floor":22.0,"gold_loss":0.0,"damage_taken":0.0,"cards_obtained":["Self Repair"]},{"damage_healed":0,"gold_gain":0,"player_choice":"Upgrade","damage_taken":0,"relics_obtained":["Mark of the Bloom"],"max_hp_gain":0,"max_hp_loss":0,"event_name":"MindBloom","floor":36,"gold_loss":0,"cards_upgraded":["Strike_B","Strike_B","Defend_B","Defend_B","Defend_B","Defend_B","Zap","Coolheaded","Chaos","Ball Lightning","Auto Shields","Self Repair","Defragment","Compile Driver","Cold Snap","Storm","Storm","Self Repair","White Noise","Seek","Biased Cognition"]},{"cards_removed":["Strike_B"],"damage_healed":0,"gold_gain":0,"player_choice":"Offered Basic","damage_taken":0,"max_hp_gain":0,"max_hp_loss":0,"event_name":"Bonfire Elementals","floor":39,"gold_loss":0},{"damage_healed":0,"gold_gain":0,"player_choice":"1 cards matched","damage_taken":0,"max_hp_gain":0,"max_hp_loss":0,"event_name":"Match and Keep!","floor":45,"gold_loss":0,"cards_obtained":["Rainbow"]},{"damage_healed":0,"gold_gain":0,"player_choice":"Ignored","damage_taken":0,"max_hp_gain":0,"max_hp_loss":0,"event_name":"Mysterious Sphere","floor":48,"gold_loss":0}],"is_beta":false,"boss_relics":[{"not_picked":["Tiny House","Philosopher\u0027s Stone"],"picked":"Inserter"},{"not_picked":["Black Star","Snecko Eye"],"picked":"Busted Crown"}],"items_purged_floors":[3,20,37],"is_endless":false,"potions_floor_spawned":[1,7,13,24,25,29,30,31,35,44],"ascension_level":0}}