{"host":"njb27ds59h4j3ikk","time":1613759217,"event":{"mods":["AchievementEnabler","BaseMod","Better Altar","Better Match","Better Note","Better Sensory Stone","Better Skull","Better Third Choice","BetterRewards","Downfall","Hermit","Hubris","Minty Spire (QoL Compilation)","Permanent Neow","Quarter Circle Forward PUNCH!","Quick Restart","Rare Cards Sparkle","Replay The Spire","Shop Mod","StSLib","Trackpad","Transform Curses"],"gold_per_floor":[117,133,133,149,168,193,193,226,226,87,87,117,127,153,153,257,257,271,271,49,60,84,118,156,156,156,184,216,235,286,561,561,666,666,684,698,504,531,1427,1427,1462,1462,1544,1573,1573,1585,1341,1351,1351,1351,1351,1351,940,971,971,971],"floor_reached":55,"language":"ENG","playtime":1747,"items_purged":[],"score":1817,"play_id":"fb984934-f12a-48b9-acd5-7af71836a253","local_time":"20210219132657","is_ascension_mode":true,"campfire_choices":[{"floor":7.0,"key":"REST"},{"data":"Armaments","floor":15.0,"key":"SMITH"},{"floor":32.0,"key":"RECALL"},{"data":"Replay:Many Hands","floor":40.0,"key":"SMITH"},{"floor":42.0,"key":"DIG"},{"floor":49.0,"key":"REST"},{"floor":52.0,"key":"DIG"}],"circlet_count":0,"master_deck":["AscendersBane","Strike_R","Strike_R+1","Strike_R","Strike_R+1","Defend_R","Defend_R","Defend_R","Defend_R","Bash","Replay:Undeath\u0027s Touch","Armaments+1","Replay:Sssssssssshield","Flex","ReplayTheSpireMod:Stacked","Twin Strike","ReplayTheSpireMod:Corrosion Curse","Cleave","Pommel Strike","Bludgeon+1","Pummel+1","Double Tap+1","Heavy Blade+1","Sword Boomerang+1","Headbutt+1","Immolate+1","Wild Strike+1","Dual Wield","Dramatic Entrance+1","ReplayUltimateDefense+1","Run Through+1","Hemokinesis+1","Wild Strike+1","Perfected Strike+1","Juggernaut","Regret","Replay:Many Hands+1","Life Link+1","Perfected Strike+1","Twin Strike+1","Sword Boomerang+1","Pommel Strike+1","hubris:StunningStrike+1","Madness","Madness","Parasite","Warcry+1","Replay:Parry+1","Entrench","Thunderclap+1","Mayhem","hubris:ReadiedAction+1","Finesse","Pommel Strike+1"],"relics":["Burning Blood","Membership Card","champ:DuelingGlove","Garlic","MerchantsRug","trackpad:HandOfMidas","Replay:Baseball","Molten Egg 2","Vajra","Du-Vu Doll","Painkiller Herb","Mark of Pain","trackpad:DemonHeart","Calipers","Guide Book","Replay:Multitool","Matryoshka","Magic Flower","Busted Crown","Sling","Ancient Tea Set","Regal Pillow","Simple Rune","Anchor","hubris:TenFootPole","HandDrill","Bottled Flame","Blue Candle","qcfpunch:White_Boots","qcfpunch:Red_Headband","Mango"],"acts_visited":["Exordium","TheCity","TheBeyond","TheEnding"],"potions_floor_usage":[55],"damage_taken":[{"damage":4.0,"enemies":"Jaw Worm","floor":1.0,"turns":4.0},{"damage":0.0,"enemies":"Cultist","floor":2.0,"turns":4.0},{"damage":0.0,"enemies":"2 Louse","floor":4.0,"turns":3.0},{"damage":0.0,"enemies":"2 Fungi Beasts","floor":5.0,"turns":4.0},{"damage":38.0,"enemies":"Gremlin Nob","floor":6.0,"turns":5.0},{"damage":23.0,"enemies":"Replay:BlueRogue","floor":8.0,"turns":6.0},{"damage":12.0,"enemies":"3 Sentries","floor":12.0,"turns":5.0},{"damage":8.0,"enemies":"Looter","floor":13.0,"turns":2.0},{"damage":0.0,"enemies":"Gremlin Nob","floor":14.0,"turns":2.0},{"damage":33.0,"enemies":"The Guardian","floor":16.0,"turns":8.0},{"damage":8.0,"enemies":"2 Thieves","floor":18.0,"turns":2.0},{"damage":0.0,"enemies":"Shell Parasite","floor":21.0,"turns":1.0},{"damage":0.0,"enemies":"Cultist and Chosen","floor":22.0,"turns":4.0},{"damage":0.0,"enemies":"Gremlin Leader","floor":23.0,"turns":2.0},{"damage":0.0,"enemies":"Snecko","floor":24.0,"turns":1.0},{"damage":11.0,"enemies":"Slavers","floor":27.0,"turns":3.0},{"damage":2.0,"enemies":"Chosen and Byrds","floor":28.0,"turns":2.0},{"damage":0.0,"enemies":"Snake Plant","floor":29.0,"turns":1.0},{"damage":1.0,"enemies":"Snecko","floor":30.0,"turns":2.0},{"damage":40.0,"enemies":"hubris:MusketHawk","floor":33.0,"turns":5.0},{"damage":0.0,"enemies":"Orb Walker","floor":35.0,"turns":1.0},{"damage":1.0,"enemies":"3 Darklings","floor":36.0,"turns":3.0},{"damage":11.0,"enemies":"Sphere and 2 Shapes","floor":38.0,"turns":2.0},{"damage":0.0,"enemies":"Transient","floor":39.0,"turns":2.0},{"damage":1.0,"enemies":"Nemesis","floor":41.0,"turns":3.0},{"damage":2.0,"enemies":"R_Hoarder","floor":44.0,"turns":3.0},{"damage":34.0,"enemies":"Writhing Mass","floor":46.0,"turns":3.0},{"damage":0.0,"enemies":"3 Darklings","floor":48.0,"turns":1.0},{"damage":47.0,"enemies":"Donu and Deca","floor":50.0,"turns":5.0},{"damage":55.0,"enemies":"Shield and Spear","floor":54.0,"turns":5.0},{"damage":71,"enemies":"The Heart","floor":55,"turns":3}],"seed_played":"-7902409209261832267","potions_obtained":[{"floor":2.0,"key":"Elixir"},{"floor":6.0,"key":"Death Potion"},{"floor":8.0,"key":"Milkshake"},{"floor":11.0,"key":"Fruit Juice"},{"floor":11.0,"key":"champ:CounterPotion"}],"is_trial":false,"path_per_floor":["M","M","?","M","M","E","R","E","T","$","?","E","M","E","R","B",null,"?","?","T","?","?","E","?","?","T","E","?","?","?","?","T","B",null,"?","?","T","?","?","T","E","T","T","E","?","?","T","?","T","B",null,"T","T","E","B"],"character_chosen":"IRONCLAD","items_purchased":["Membership Card","champ:DuelingGlove","Garlic","MerchantsRug","Replay:Undeath\u0027s Touch","Armaments","Replay:Sssssssssshield","Flashbang","Bludgeon+1","Pummel+1","Double Tap","Calipers","Dramatic Entrance+1","ReplayUltimateDefense","Guide Book","Sling","Ancient Tea Set","Perfected Strike+1","Twin Strike+1","HandDrill","Replay:Parry+1","Bottled Flame","qcfpunch:White_Boots","qcfpunch:Red_Headband","Thunderclap+1","Mayhem","hubris:ReadiedAction+1","Finesse","Pommel Strike+1"],"campfire_rested":2,"item_purchase_floors":[0,0,0,0,0,0,0,0,10,10,10,20,20,20,20,37,37,37,37,47,47,47,53,53,53,53,53,53,53],"current_hp_per_floor":[74,80,80,80,80,48,72,55,55,55,60,54,52,58,58,31,72,70,70,70,76,82,85,85,95,95,90,95,95,95,95,95,64,87,95,95,95,93,95,95,95,95,95,95,89,64,64,73,95,57,86,86,86,54,0,0],"gold":971,"neow_bonus":"","is_daily":false,"chose_seed":false,"campfire_upgraded":2,"win_rate":0.0,"timestamp":1613759217,"path_taken":["M","M","?","M","M","E","R","E","T","$","?","E","?","E","R","BOSS","?","?","T","?","?","E","?","?","T","E","?","?","?","?","T","BOSS","?","?","T","?","?","T","E","T","T","E","?","?","T","?","T","BOSS","T","T","E","BOSS"],"items_purchased_type":["Relic","Relic","Relic","Relic","Card","Card","Card","Potion","Card","Card","Card","Relic","Card","Card","Relic","Relic","Relic","Card","Card","Relic","Card","Relic","Relic","Relic","Card","Card","Card","Card","Card"],"build_version":"2020-12-22","purchased_purges":0,"victory":false,"max_hp_per_floor":[80,80,80,80,80,80,80,80,80,80,85,85,85,85,85,85,85,85,85,85,85,85,85,85,95,95,95,95,95,95,95,95,95,95,95,95,95,95,95,95,95,95,95,95,95,95,95,95,95,95,95,95,95,109,109,109],"card_choices":[{"not_picked":["Infernal Blade","Dropkick"],"picked":"Flex","floor":1.0},{"not_picked":["True Grit","Anger"],"picked":"ReplayTheSpireMod:Stacked","floor":2.0},{"not_picked":["Sword Boomerang","Armaments"],"picked":"Twin Strike","floor":4.0},{"not_picked":["Entrench","Whirlwind"],"picked":"ReplayTheSpireMod:Corrosion Curse","floor":5.0},{"not_picked":["Twin Strike","Sever Soul"],"picked":"Cleave","floor":6.0},{"not_picked":["Defy Death","Shockwave"],"picked":"Pommel Strike","floor":8.0},{"not_picked":["Battle Trance","Exhume"],"picked":"Heavy Blade+1","floor":12.0},{"not_picked":["Ghostly Armor","Pommel Strike+1"],"picked":"Sword Boomerang+1","floor":13.0},{"not_picked":["Armaments","Pommel Strike+1"],"picked":"Headbutt+1","floor":14.0},{"not_picked":["Double Tap","Limit Break"],"picked":"Immolate+1","floor":16.0},{"not_picked":["Disarm+1","Bloodletting"],"picked":"Wild Strike+1","floor":18.0},{"not_picked":["Headbutt+1","Cleave+1","Warcry"],"picked":"SKIP","floor":21.0},{"not_picked":["hubris:ReadiedAction","Pommel Strike+1"],"picked":"Run Through+1","floor":22.0},{"not_picked":["Body Slam+1","Headbutt+1"],"picked":"Hemokinesis+1","floor":23.0},{"not_picked":["Cleave+1","Abandon"],"picked":"Hemogenesis+1","floor":24.0},{"not_picked":["Havoc","True Grit"],"picked":"Wild Strike+1","floor":27.0},{"not_picked":["hubris:ReadiedAction","Cleave+1","Run Through+1"],"picked":"SKIP","floor":28.0},{"not_picked":["Pommel Strike+1","Spot Weakness"],"picked":"Perfected Strike+1","floor":29.0},{"not_picked":["Battle Trance","Burning Pact"],"picked":"Juggernaut","floor":30.0},{"not_picked":["Exhume","Barricade"],"picked":"Replay:Many Hands","floor":33.0},{"not_picked":["Headbutt+1"],"picked":"SKIP","floor":35.0},{"not_picked":[],"picked":"Life Link+1","floor":36.0},{"not_picked":["ReplayTheSpireMod:Corrosion Curse"],"picked":"SKIP","floor":38.0},{"not_picked":[],"picked":"Sword Boomerang+1","floor":39.0},{"not_picked":[],"picked":"Pommel Strike+1","floor":41.0},{"not_picked":[],"picked":"hubris:StunningStrike+1","floor":44.0},{"not_picked":[],"picked":"Warcry+1","floor":46.0},{"not_picked":[],"picked":"Entrench","floor":48.0},{"not_picked":["Havoc"],"picked":"SKIP","floor":54.0}],"player_experience":1375259,"relics_obtained":[{"floor":6.0,"key":"trackpad:HandOfMidas"},{"floor":8.0,"key":"Replay:Baseball"},{"floor":9.0,"key":"Molten Egg 2"},{"floor":12.0,"key":"Vajra"},{"floor":14.0,"key":"Du-Vu Doll"},{"floor":23.0,"key":"Replay:Multitool"},{"floor":26.0,"key":"Matryoshka"},{"floor":27.0,"key":"Magic Flower"},{"floor":41.0,"key":"Regal Pillow"},{"floor":42.0,"key":"Simple Rune"},{"floor":43.0,"key":"Anchor"},{"floor":44.0,"key":"hubris:TenFootPole"},{"floor":52.0,"key":"Blue Candle"},{"floor":54.0,"key":"Mango"}],"event_choices":[{"damage_healed":0.0,"max_hp_gain":0.0,"max_hp_loss":0.0,"gold_gain":0.0,"event_name":"Golden Wing","player_choice":"Ignored","floor":3.0,"gold_loss":0.0,"damage_taken":0.0},{"damage_healed":0.0,"max_hp_gain":0.0,"max_hp_loss":0.0,"gold_gain":0.0,"event_name":"Lab","player_choice":"Got Potions","floor":11.0,"gold_loss":0.0,"damage_taken":0.0},{"damage_healed":0.0,"max_hp_gain":0.0,"max_hp_loss":0.0,"gold_gain":0.0,"cards_transformed":["Strike_R"],"event_name":"Transmorgrifier","player_choice":"Transformed","floor":19.0,"gold_loss":0.0,"damage_taken":0.0,"cards_obtained":["Dual Wield"]},{"cards_removed":["Hemogenesis"],"damage_healed":0.0,"max_hp_gain":10.0,"max_hp_loss":0.0,"gold_gain":0.0,"event_name":"Bonfire Elementals","player_choice":"Offered Rare","floor":25.0,"gold_loss":0.0,"damage_taken":0.0},{"damage_healed":0.0,"max_hp_gain":0.0,"max_hp_loss":0.0,"gold_gain":275.0,"event_name":"Golden Shrine","player_choice":"Desecrate","floor":31.0,"gold_loss":0.0,"damage_taken":0.0,"cards_obtained":["Regret"]},{"damage_healed":0.0,"max_hp_gain":0.0,"max_hp_loss":0.0,"gold_gain":0.0,"event_name":"Winding Halls","player_choice":"Embrace Madness","floor":45.0,"gold_loss":0.0,"damage_taken":12.0,"cards_obtained":["Madness","Madness"]}],"is_beta":false,"boss_relics":[{"not_picked":["trackpad:Trackpad","Snecko Eye"],"picked":"Replay:Grab Bag"},{"not_picked":["hubris:RunicObelisk","Ectoplasm"],"picked":"Painkiller Herb"},{"not_picked":["Cursed Key","Replay:Bronze Core"],"picked":"Mark of Pain"},{"not_picked":["Astrolabe","Runic Cube"],"picked":"trackpad:DemonHeart"},{"not_picked":["Empty Cage","Replay:Wanted Poster"],"picked":"Busted Crown"}],"items_purged_floors":[],"is_endless":false,"potions_floor_spawned":[2,6,8,12,14,16,18,23,28,30,38,39,44,48],"killed_by":"The Heart","ascension_level":12}}