{"host":"f0gpob8hq9vgebej","time":1613728092,"event":{"mods":["AchievementEnabler","BaseMod","Minty Spire (QoL Compilation)","Quick Restart","SuperFastMode"],"gold_per_floor":[110,130,145,161,171,171,181,181,181,181,181,207,207,223,240,240,313,313,325,336,224,242,242,242,275,285,309,309,209,241,241,260,260,260,260],"floor_reached":34,"language":"KOR","playtime":1060,"items_purged":["Strike_G","Strike_G"],"score":548,"play_id":"a318d049-8162-4403-8b45-71439f2b5fc6","local_time":"20210219184812","is_ascension_mode":true,"campfire_choices":[{"data":"Noxious Fumes","floor":6.0,"key":"SMITH"},{"data":"Footwork","floor":8.0,"key":"SMITH"},{"data":"Venomology","floor":10.0,"key":"SMITH"},{"data":"Blade Dance","floor":16.0,"key":"SMITH"},{"data":"Accuracy","floor":24,"key":"SMITH"},{"floor":28,"key":"REST"},{"data":"Neutralize","floor":31,"key":"SMITH"},{"floor":33,"key":"REST"}],"circlet_count":0,"master_deck":["AscendersBane","Strike_G","Strike_G","Defend_G","Defend_G","Defend_G","Defend_G","Defend_G","Survivor","Neutralize+1","Venomology+1","Crippling Poison","Noxious Fumes+1","Footwork+1","Cloak And Dagger","Infinite Blades","Die Die Die","Blade Dance+1","PiercingWail","Corpse Explosion","Finisher+1","Accuracy+1","Backstab","Blade Dance"],"relics":["Ring of the Serpent","Pear","Singing Bowl","Incense Burner","Toy Ornithopter","Molten Egg 2"],"acts_visited":["Exordium","TheCity"],"potions_floor_usage":[17,17,17,19,20,25,25,26,30,30,30,34],"damage_taken":[{"damage":3.0,"enemies":"Small Slimes","floor":1.0,"turns":4.0},{"damage":0.0,"enemies":"Cultist","floor":2.0,"turns":4.0},{"damage":3.0,"enemies":"Jaw Worm","floor":3.0,"turns":5.0},{"damage":0.0,"enemies":"Gremlin Gang","floor":4.0,"turns":2.0},{"damage":7.0,"enemies":"2 Fungi Beasts","floor":5.0,"turns":4.0},{"damage":1.0,"enemies":"Large Slime","floor":7.0,"turns":8.0},{"damage":20.0,"enemies":"3 Sentries","floor":12.0,"turns":8.0},{"damage":0.0,"enemies":"Lots of Slimes","floor":14.0,"turns":5.0},{"damage":5.0,"enemies":"Gremlin Gang","floor":15.0,"turns":2.0},{"damage":17,"enemies":"The Guardian","floor":17,"turns":9},{"damage":35,"enemies":"2 Thieves","floor":19,"turns":4},{"damage":14,"enemies":"Spheric Guardian","floor":20,"turns":5},{"damage":0,"enemies":"Centurion and Healer","floor":22,"turns":5},{"damage":4,"enemies":"Slavers","floor":25,"turns":2},{"damage":21,"enemies":"3 Cultists","floor":26,"turns":5},{"damage":15,"enemies":"Book of Stabbing","floor":30,"turns":5},{"damage":22,"enemies":"Shelled Parasite and Fungi","floor":32,"turns":3},{"damage":38,"enemies":"Champ","floor":34,"turns":9}],"seed_played":"5574985638926588926","potions_obtained":[{"floor":1.0,"key":"GamblersBrew"},{"floor":2.0,"key":"Dexterity Potion"},{"floor":14.0,"key":"AttackPotion"},{"floor":19,"key":"Poison Potion"},{"floor":25,"key":"ColorlessPotion"},{"floor":26,"key":"GamblersBrew"}],"is_trial":false,"path_per_floor":["M","M","M","M","M","R","M","R","T","R","?","E","E","M","M","R","B",null,"M","M","$","M","?","R","E","M","T","R","$","E","R","M","R","B"],"character_chosen":"THE_SILENT","items_purchased":["Accuracy"],"campfire_rested":2,"item_purchase_floors":[21],"current_hp_per_floor":[56,56,53,53,46,46,45,45,55,55,55,35,35,35,30,30,13,60,27,13,13,13,29,29,27,6,6,30,30,32,32,12,37,4,4],"gold":260,"neow_bonus":"ONE_RANDOM_RARE_CARD","is_daily":false,"chose_seed":false,"campfire_upgraded":6,"win_rate":0.0,"timestamp":1613728092,"path_taken":["M","M","M","M","M","R","M","R","T","R","?","E","E","M","M","R","BOSS","M","M","$","?","?","R","E","M","T","R","$","E","R","M","R","BOSS"],"items_purchased_type":["Card"],"build_version":"2020-12-22","purchased_purges":2,"victory":false,"max_hp_per_floor":[66,66,66,66,66,66,66,66,76,76,76,76,76,76,76,76,76,76,78,78,78,78,78,78,80,80,80,80,80,82,82,84,84,84,84],"card_choices":[{"not_picked":["Riddle With Holes","Caltrops"],"picked":"Crippling Poison","floor":1.0},{"not_picked":["Bane","Prepared"],"picked":"Noxious Fumes","floor":2.0},{"not_picked":["Dash","Leg Sweep"],"picked":"Footwork","floor":3.0},{"not_picked":["Crippling Poison","Sucker Punch"],"picked":"Cloak And Dagger","floor":4.0},{"not_picked":["Backflip","Dagger Spray"],"picked":"Infinite Blades","floor":5.0},{"not_picked":["Deflect","Flying Knee","Noxious Fumes"],"picked":"SKIP","floor":7.0},{"not_picked":["Concentrate","Sucker Punch"],"picked":"Die Die Die","floor":12.0},{"not_picked":["Crippling Poison","Acrobatics"],"picked":"Blade Dance","floor":14.0},{"not_picked":["Flying Knee","Prepared"],"picked":"PiercingWail","floor":15.0},{"not_picked":["Grand Finale","Glass Knife"],"picked":"Corpse Explosion","floor":17},{"not_picked":["Dagger Throw","Masterful Stab+1","Dodge and Roll"],"picked":"Singing Bowl","floor":19},{"not_picked":["Deflect","Flying Knee"],"picked":"Finisher+1","floor":20},{"not_picked":["Sucker Punch","Quick Slash+1"],"picked":"Backstab","floor":22},{"not_picked":["Footwork","Acrobatics","A Thousand Cuts"],"picked":"Singing Bowl","floor":25},{"not_picked":["Predator","Finisher"],"picked":"Blade Dance","floor":26},{"not_picked":["Backstab+1","Die Die Die+1","Leg Sweep"],"picked":"Singing Bowl","floor":30},{"not_picked":["Bane+1","Quick Slash+1","All Out Attack+1"],"picked":"Singing Bowl","floor":32}],"player_experience":389752,"relics_obtained":[{"floor":9.0,"key":"Pear"},{"floor":12.0,"key":"Singing Bowl"},{"floor":25,"key":"Incense Burner"},{"floor":27,"key":"Toy Ornithopter"},{"floor":30,"key":"Molten Egg 2"}],"event_choices":[{"cards_removed":["Strike_G"],"damage_healed":0.0,"max_hp_gain":0.0,"max_hp_loss":0.0,"gold_gain":0.0,"event_name":"Purifier","player_choice":"Purged","floor":11.0,"gold_loss":0.0,"damage_taken":0.0},{"damage_healed":16,"gold_gain":0,"player_choice":"Heal","damage_taken":0,"max_hp_gain":0,"max_hp_loss":0,"event_name":"The Library","floor":23,"gold_loss":0}],"is_beta":false,"boss_relics":[{"not_picked":["Philosopher\u0027s Stone","Snecko Eye"],"picked":"Ring of the Serpent"}],"items_purged_floors":[21,29],"is_endless":false,"potions_floor_spawned":[1,2,4,14,15,19,22,25,26],"killed_by":"Champ","ascension_level":17}}