{"host":"yx5rao87132cy5xq","time":1613692964,"event":{"mods":["2.2 Compatiblity","AchievementEnabler","BaseMod","Bestiary","Colored Map","Colored Powertips","Minty Spire (QoL Compilation)","Quick Restart","Relic Stats","Slay-I","SuperFastMode"],"gold_per_floor":[110,123,136,155,223,257,257,257,257],"floor_reached":8,"language":"ENG","playtime":358,"items_purged":[],"score":110,"play_id":"ba29f71c-4a54-4d16-9158-419d4694882b","local_time":"20210219010244","is_ascension_mode":true,"campfire_choices":[{"floor":7,"key":"REST"}],"circlet_count":0,"master_deck":["AscendersBane","Strike_R","Strike_R","Strike_R","Strike_R","Defend_R","Defend_R","Defend_R","Bash","Clash","Iron Wave","Inflame","Iron Wave","Second Wind"],"relics":["Empty Cage","Lantern"],"acts_visited":["Exordium"],"potions_floor_usage":[4,6],"damage_taken":[{"damage":6,"enemies":"Cultist","floor":1,"turns":3},{"damage":12,"enemies":"Jaw Worm","floor":2,"turns":2},{"damage":8,"enemies":"2 Louse","floor":3,"turns":3},{"damage":3,"enemies":"2 Fungi Beasts","floor":4,"turns":3},{"damage":25,"enemies":"Lagavulin","floor":6,"turns":6},{"damage":40,"enemies":"3 Sentries","floor":8,"turns":8}],"seed_played":"-3641995510274200437","potions_obtained":[{"floor":2,"key":"Swift Potion"},{"floor":4,"key":"SteroidPotion"}],"is_trial":false,"path_per_floor":["M","M","M","M","?","E","R","E"],"character_chosen":"IRONCLAD","items_purchased":[],"campfire_rested":1,"item_purchase_floors":[],"current_hp_per_floor":[62,50,42,39,39,14,36,0,0],"gold":257,"neow_bonus":"BOSS_RELIC","is_daily":false,"chose_seed":false,"campfire_upgraded":0,"win_rate":0.0,"timestamp":1613692964,"path_taken":["M","M","M","?","?","E","R","E"],"items_purchased_type":[],"build_version":"2020-12-22","purchased_purges":0,"victory":false,"max_hp_per_floor":[75,75,75,75,75,75,75,75,75],"relic_stats":{"counters":[6,25],"obtain_stats":[{"Lantern":6,"Empty Cage":0,"Burning Blood":0},{"Lantern":5,"Empty Cage":0,"Burning Blood":0},{"Lantern":17,"Empty Cage":0,"Burning Blood":0}]},"card_choices":[{"not_picked":["Thunderclap","Havoc"],"picked":"Clash","floor":1},{"not_picked":["Burning Pact","Thunderclap"],"picked":"Iron Wave","floor":2},{"not_picked":["Havoc","Entrench"],"picked":"Inflame","floor":3},{"not_picked":["Burning Pact","Sever Soul"],"picked":"Iron Wave","floor":4},{"not_picked":["Hemokinesis","Clash"],"picked":"Second Wind","floor":6}],"player_experience":1048523,"relics_obtained":[{"floor":6,"key":"Lantern"}],"event_choices":[{"damage_healed":0,"gold_gain":68,"player_choice":"Gained Gold","damage_taken":0,"max_hp_gain":0,"max_hp_loss":0,"event_name":"Golden Wing","floor":5,"gold_loss":0}],"is_beta":false,"boss_relics":[],"items_purged_floors":[],"is_endless":false,"potions_floor_spawned":[2,4],"killed_by":"3 Sentries","ascension_level":18}}