{"host":"kh6fvhxn285ncg0o","time":1613728717,"event":{"mods":["Act Like it!","BaseMod","Colored Map","Friendly Minions","Keyboard Shortcuts","Minty Spire (QoL Compilation)","Quick Restart","Relic Stats","StSLib","SuperFastMode","UnlockEverythingMod"],"gold_per_floor":[363,377,377,45,65,65,97,97,168,201,24,24,58,72,72,146,146,164,89,101,116,134,134,159,159,159,193,207,220,244,272,272,349,349,364,364,383,436,450,450,450,450,450,474,505,505,208,240,240,240,240,240,240,141,171,171],"floor_reached":57,"language":"KOR","playtime":2019,"items_purged":["Strike_R","Strike_R","Bash"],"score":3247,"play_id":"08fd75ab-7e5c-4bba-b0e1-08091b1ba265","local_time":"20210219185837","is_ascension_mode":true,"campfire_choices":[{"data":"Hemokinesis","floor":6.0,"key":"SMITH"},{"data":"Power Through","floor":15.0,"key":"SMITH"},{"data":"Feel No Pain","floor":23,"key":"SMITH"},{"data":"Offering","floor":25,"key":"SMITH"},{"floor":32,"key":"REST"},{"data":"Body Slam","floor":40,"key":"SMITH"},{"data":"Second Wind","floor":42,"key":"SMITH"},{"floor":46,"key":"RECALL"},{"data":"Battle Trance","floor":49,"key":"SMITH"},{"data":"Evolve","floor":53,"key":"SMITH"}],"circlet_count":0,"master_deck":["AscendersBane","Defend_R","Defend_R","Defend_R","Defend_R","Evolve+1","Hemokinesis+1","Battle Trance+1","Second Wind+1","Power Through+1","Offering+1","Feel No Pain+1","Disarm","The Bomb","Body Slam+1","Flash of Steel"],"relics":["Burning Blood","Oddly Smooth Stone","Strawberry","Eternal Feather","Blood Vial","Self Forming Clay","Busted Crown","Kunai","Frozen Egg 2","Pocketwatch","Tiny Chest","Sozu","TungstenRod","StrikeDummy","Ancient Tea Set","Turnip","TheAbacus","White Beast Statue","Bottled Tornado"],"acts_visited":["Exordium","TheCity","TheBeyond","TheEnding"],"potions_floor_usage":[21,24,33,38,45],"damage_taken":[{"damage":6.0,"enemies":"Jaw Worm","floor":1.0,"turns":5.0},{"damage":7.0,"enemies":"Cultist","floor":2.0,"turns":4.0},{"damage":8.0,"enemies":"Small Slimes","floor":5.0,"turns":4.0},{"damage":12.0,"enemies":"Gremlin Nob","floor":7.0,"turns":3.0},{"damage":8.0,"enemies":"3 Sentries","floor":10.0,"turns":11.0},{"damage":10.0,"enemies":"Lagavulin","floor":13.0,"turns":5.0},{"damage":6.0,"enemies":"Exordium Thugs","floor":14.0,"turns":5.0},{"damage":8.0,"enemies":"Slime Boss","floor":16.0,"turns":11.0},{"damage":8.0,"enemies":"3 Byrds","floor":18.0,"turns":10.0},{"damage":12,"enemies":"2 Thieves","floor":20,"turns":4},{"damage":10,"enemies":"Shelled Parasite and Fungi","floor":21,"turns":7},{"damage":10,"enemies":"Centurion and Healer","floor":22,"turns":6},{"damage":20,"enemies":"Gremlin Leader","floor":24,"turns":5},{"damage":14,"enemies":"Book of Stabbing","floor":27,"turns":6},{"damage":12,"enemies":"Chosen and Byrds","floor":28,"turns":9},{"damage":12,"enemies":"Snecko","floor":29,"turns":4},{"damage":42,"enemies":"Gremlin Leader","floor":31,"turns":7},{"damage":28,"enemies":"Collector","floor":33,"turns":14},{"damage":10,"enemies":"3 Shapes","floor":35,"turns":4},{"damage":6,"enemies":"Orb Walker","floor":37,"turns":5},{"damage":8,"enemies":"2 Orb Walkers","floor":38,"turns":5},{"damage":38,"enemies":"Jaw Worm Horde","floor":39,"turns":5},{"damage":24,"enemies":"Nemesis","floor":45,"turns":3},{"damage":0,"enemies":"Giant Head","floor":48,"turns":6},{"damage":5,"enemies":"Donu and Deca","floor":50,"turns":7},{"damage":11,"enemies":"Awakened One","floor":51,"turns":10},{"damage":5,"enemies":"Shield and Spear","floor":55,"turns":5},{"damage":25,"enemies":"The Heart","floor":56,"turns":8}],"seed_played":"6996981788878496278","potions_obtained":[{"floor":2.0,"key":"ColorlessPotion"},{"floor":5.0,"key":"EntropicBrew"},{"floor":13.0,"key":"CultistPotion"},{"floor":16.0,"key":"Swift Potion"},{"floor":18.0,"key":"PowerPotion"},{"floor":27,"key":"PowerPotion"},{"floor":31,"key":"ColorlessPotion"},{"floor":33,"key":"Block Potion"}],"is_trial":false,"path_per_floor":["M","M","?","$","M","R","E","?","T","E","$","?","E","M","R","B",null,"M","?","M","M","M","R","E","R","T","E","M","M","T","E","R","B",null,"M","?","M","?","M","R","?","R","T","T","E","R","$","E","R","B","B",null,"R","$","E","B",null],"character_chosen":"IRONCLAD","items_purchased":["Evolve","Oddly Smooth Stone","Power Through","TheAbacus","Flash of Steel"],"campfire_rested":1,"item_purchase_floors":[4,4,11,47,54],"current_hp_per_floor":[50,49,54,54,52,52,53,53,53,51,51,44,42,44,50,50,74,74,74,70,68,66,72,60,66,66,60,56,52,52,18,48,28,69,67,57,59,59,29,38,38,47,47,47,31,40,40,48,57,60,57,76,82,82,82,63],"gold":171,"neow_bonus":"TWO_FIFTY_GOLD","is_daily":false,"chose_seed":false,"campfire_upgraded":8,"win_rate":0.0,"timestamp":1613728717,"path_taken":["M","M","?","?","M","R","E","?","T","E","$","?","E","M","R","BOSS","M","?","?","M","M","R","E","R","T","E","M","M","?","E","R","BOSS","M","?","M","?","M","R","?","R","T","?","E","R","$","E","R","BOSS","BOSS","R","$","E","BOSS"],"items_purchased_type":["Card","Relic","Card","Relic","Card"],"build_version":"2020-12-22","purchased_purges":3,"victory":true,"max_hp_per_floor":[75,75,75,75,75,75,82,82,82,82,82,82,82,82,82,82,82,82,82,82,82,82,82,82,82,82,82,82,82,82,82,82,82,82,82,82,82,82,82,82,82,82,82,82,82,82,82,82,82,82,82,82,82,82,82,82],"relic_stats":{"counters":[28,178],"Self Forming Clay":[240],"Eternal Feather":66,"Burning Blood":167,"Blood Vial":42,"Sozu":3,"Busted Crown":40,"TheAbacus":[396],"Tiny Chest":1,"Turnip":[2],"Kunai":[16],"obtain_stats":[{"Self Forming Clay":13,"Oddly Smooth Stone":4,"Eternal Feather":9,"Frozen Egg 2":26,"Bottled Tornado":55,"Ancient Tea Set":44,"Burning Blood":0,"White Beast Statue":48,"Blood Vial":10,"Sozu":34,"Busted Crown":17,"TheAbacus":47,"Strawberry":7,"Tiny Chest":31,"Turnip":45,"Kunai":24,"StrikeDummy":43,"TungstenRod":38,"Pocketwatch":27},{"Self Forming Clay":6,"Oddly Smooth Stone":2,"Eternal Feather":4,"Frozen Egg 2":13,"Bottled Tornado":27,"Ancient Tea Set":22,"Burning Blood":0,"White Beast Statue":24,"Blood Vial":5,"Sozu":18,"Busted Crown":8,"TheAbacus":23,"Strawberry":4,"Tiny Chest":17,"Turnip":23,"Kunai":13,"StrikeDummy":22,"TungstenRod":21,"Pocketwatch":14},{"Self Forming Clay":32,"Oddly Smooth Stone":9,"Eternal Feather":16,"Frozen Egg 2":80,"Bottled Tornado":170,"Ancient Tea Set":139,"Burning Blood":0,"White Beast Statue":148,"Blood Vial":27,"Sozu":120,"Busted Crown":48,"TheAbacus":142,"Strawberry":16,"Tiny Chest":106,"Turnip":142,"Kunai":80,"StrikeDummy":139,"TungstenRod":134,"Pocketwatch":86}],"TungstenRod":14,"Pocketwatch":[77]},"card_choices":[{"not_picked":["Warcry","Twin Strike"],"picked":"Anger","floor":2.0},{"not_picked":["Entrench","Limit Break"],"picked":"Hemokinesis","floor":5.0},{"not_picked":["Warcry","Double Tap"],"picked":"Second Wind","floor":10.0},{"not_picked":["Limit Break","Feed"],"picked":"Offering","floor":16.0},{"not_picked":[],"picked":"Feel No Pain","floor":18.0},{"not_picked":["Headbutt"],"picked":"SKIP","floor":20},{"not_picked":["Uppercut"],"picked":"SKIP","floor":21},{"not_picked":["Anger"],"picked":"SKIP","floor":22},{"not_picked":["Thunderclap"],"picked":"SKIP","floor":24},{"not_picked":["Entrench"],"picked":"SKIP","floor":27},{"not_picked":["Uppercut"],"picked":"SKIP","floor":28},{"not_picked":[],"picked":"Disarm","floor":29},{"not_picked":["Offering"],"picked":"SKIP","floor":31},{"not_picked":["Clothesline+1"],"picked":"SKIP","floor":35},{"not_picked":[],"picked":"The Bomb","floor":36},{"not_picked":["Carnage"],"picked":"SKIP","floor":37},{"not_picked":[],"picked":"Body Slam","floor":39},{"not_picked":["Entrench"],"picked":"SKIP","floor":45},{"not_picked":["Havoc"],"picked":"SKIP","floor":48},{"not_picked":["Clash"],"picked":"SKIP","floor":55}],"player_experience":1465165,"relics_obtained":[{"floor":7.0,"key":"Strawberry"},{"floor":9.0,"key":"Eternal Feather"},{"floor":10.0,"key":"Blood Vial"},{"floor":13.0,"key":"Self Forming Clay"},{"floor":24,"key":"Kunai"},{"floor":26,"key":"Frozen Egg 2"},{"floor":27,"key":"Pocketwatch"},{"floor":31,"key":"Tiny Chest"},{"floor":38,"key":"TungstenRod"},{"floor":43,"key":"StrikeDummy"},{"floor":44,"key":"Ancient Tea Set"},{"floor":45,"key":"Turnip"},{"floor":48,"key":"White Beast Statue"},{"floor":55,"key":"Bottled Tornado"}],"event_choices":[{"cards_removed":["Anger"],"damage_healed":5.0,"max_hp_gain":0.0,"max_hp_loss":0.0,"gold_gain":0.0,"event_name":"Bonfire Elementals","player_choice":"Offered Common","floor":3.0,"gold_loss":0.0,"damage_taken":0.0},{"cards_removed":["Anger"],"damage_healed":5.0,"max_hp_gain":0.0,"max_hp_loss":0.0,"gold_gain":0.0,"event_name":"Bonfire Elementals","player_choice":"Offered Special","floor":3.0,"gold_loss":0.0,"damage_taken":0.0},{"damage_healed":0.0,"max_hp_gain":0.0,"max_hp_loss":0.0,"gold_gain":0.0,"cards_transformed":["Strike_R"],"event_name":"Living Wall","player_choice":"Change","floor":8.0,"gold_loss":0.0,"damage_taken":0.0,"cards_obtained":["Battle Trance"]},{"cards_removed":["Strike_R"],"damage_healed":0.0,"max_hp_gain":0.0,"max_hp_loss":0.0,"gold_gain":0.0,"event_name":"Golden Wing","player_choice":"Card Removal","floor":12.0,"gold_loss":0.0,"damage_taken":7.0},{"cards_removed":["Strike_R"],"damage_healed":0,"gold_gain":0,"player_choice":"Single Remove","damage_taken":0,"max_hp_gain":0,"max_hp_loss":0,"event_name":"Designer","floor":19,"gold_loss":75},{"damage_healed":0,"gold_gain":0,"player_choice":"Memory 3","damage_taken":10,"max_hp_gain":0,"max_hp_loss":0,"event_name":"SensoryStone","floor":36,"gold_loss":0},{"damage_healed":0,"gold_gain":0,"player_choice":"Fight","damage_taken":0,"max_hp_gain":0,"max_hp_loss":0,"event_name":"Mysterious Sphere","floor":38,"gold_loss":0},{"damage_healed":0,"gold_gain":0,"player_choice":"Ignored","damage_taken":0,"max_hp_gain":0,"max_hp_loss":0,"event_name":"The Moai Head","floor":41,"gold_loss":0}],"is_beta":false,"boss_relics":[{"not_picked":["Calling Bell","Pandora\u0027s Box"],"picked":"Busted Crown"},{"not_picked":["Runic Cube","Fusion Hammer"],"picked":"Sozu"}],"items_purged_floors":[4,11,47],"is_endless":false,"potions_floor_spawned":[2,5,13,16,18,27,31,33,35,39,55],"ascension_level":20}}