{"host":"61y0z9o9vf3ujftj","time":1613759552,"event":{"mods":["BaseMod","Colored Map","Colored Powertips","GifTheSpireLib","HexUI Lib","Highlight Path","Minty Spire (QoL Compilation)","Permanent Neow","Relic Stats","StSLib","ojb\u0027s Info Mod"],"gold_per_floor":[117,137,149,162,87,116,41,41,41,51,51,51,77,77,77,151,151,167,178,212,223,240,240,266,97,97,97,125,125,125,143,143,143,143],"floor_reached":33,"language":"ENG","playtime":1850,"items_purged":["Strike_R"],"score":575,"play_id":"1692488c-4cf8-4714-afc8-213e9057e3a2","local_time":"20210219123232","is_ascension_mode":true,"campfire_choices":[{"floor":8.0,"key":"REST"},{"data":"Carnage","floor":11.0,"key":"SMITH"},{"floor":15.0,"key":"REST"},{"data":"Corruption","floor":23.0,"key":"SMITH"},{"data":"Disarm","floor":27.0,"key":"SMITH"},{"data":"Demon Form","floor":30.0,"key":"SMITH"},{"data":"Battle Trance","floor":32.0,"key":"SMITH"}],"circlet_count":0,"master_deck":["AscendersBane","Strike_R","Strike_R","Strike_R","Defend_R","Defend_R","Defend_R","Defend_R","Bash","Cleave","Sentinel","Disarm+1","Twin Strike","Carnage+1","Infernal Blade","Twin Strike","Demon Form+1","Heavy Blade","Pommel Strike","Corruption+1","Intimidate","Battle Trance+1","Reaper","Pummel+1"],"relics":["Burning Blood","Torii","Gremlin Horn","StrikeDummy","Juzu Bracelet","Red Skull","Coffee Dripper","Red Mask","Ginger","ClockworkSouvenir","Dream Catcher","Anchor"],"acts_visited":["Exordium","TheCity"],"potions_floor_usage":[33],"damage_taken":[{"damage":2.0,"enemies":"Cultist","floor":1.0,"turns":4.0},{"damage":1.0,"enemies":"Jaw Worm","floor":2.0,"turns":3.0},{"damage":2.0,"enemies":"2 Louse","floor":3.0,"turns":3.0},{"damage":4.0,"enemies":"Lots of Slimes","floor":4.0,"turns":4.0},{"damage":57.0,"enemies":"Gremlin Nob","floor":6.0,"turns":6.0},{"damage":7.0,"enemies":"Looter","floor":10.0,"turns":3.0},{"damage":2.0,"enemies":"3 Sentries","floor":13.0,"turns":4.0},{"damage":23.0,"enemies":"Slime Boss","floor":16.0,"turns":10.0},{"damage":12.0,"enemies":"2 Thieves","floor":18.0,"turns":4.0},{"damage":2.0,"enemies":"Chosen","floor":19.0,"turns":5.0},{"damage":41.0,"enemies":"Masked Bandits","floor":20.0,"turns":4.0},{"damage":10.0,"enemies":"Centurion and Healer","floor":21.0,"turns":5.0},{"damage":3.0,"enemies":"Snake Plant","floor":22.0,"turns":2.0},{"damage":16.0,"enemies":"Slavers","floor":24.0,"turns":5.0},{"damage":5.0,"enemies":"Book of Stabbing","floor":28.0,"turns":3.0},{"damage":3.0,"enemies":"3 Cultists","floor":31.0,"turns":4.0},{"damage":77,"enemies":"Automaton","floor":33,"turns":6}],"seed_played":"5910687167137846726","potions_obtained":[{"floor":3.0,"key":"ColorlessPotion"},{"floor":6.0,"key":"AttackPotion"},{"floor":10.0,"key":"SpeedPotion"},{"floor":22.0,"key":"CultistPotion"},{"floor":24.0,"key":"SteroidPotion"}],"is_trial":false,"path_per_floor":["M","M","M","M","?","E","$","R","T","M","R","?","E","?","R","B",null,"M","M","?","M","M","R","E","$","T","R","E","?","R","M","R","B"],"character_chosen":"IRONCLAD","items_purchased":["ClockworkSouvenir"],"campfire_rested":2,"item_purchase_floors":[25],"current_hp_per_floor":[54,59,63,65,65,14,14,36,36,35,35,35,39,21,43,26,63,57,61,26,22,25,25,15,15,15,15,16,16,16,45,45,0,0],"gold":143,"neow_bonus":"ONE_RARE_RELIC","is_daily":false,"chose_seed":false,"campfire_upgraded":5,"win_rate":0.0,"timestamp":1613759552,"path_taken":["M","M","M","?","?","E","$","R","T","M","R","?","E","?","R","BOSS","M","M","?","M","M","R","E","$","T","R","E","?","R","M","R","BOSS"],"items_purchased_type":["Relic"],"build_version":"2020-12-22","purchased_purges":1,"victory":false,"max_hp_per_floor":[75,75,75,75,75,75,75,75,75,75,75,75,75,75,75,75,75,75,75,75,75,75,75,75,75,75,75,75,75,75,75,75,75,75],"relic_stats":{"Dream Catcher":0,"Torii":75,"Gremlin Horn":[13,14],"counters":[17,75],"Juzu Bracelet":1,"Ginger":[0],"obtain_stats":[{"Dream Catcher":26,"Anchor":28,"Torii":0,"Gremlin Horn":6,"Juzu Bracelet":13,"Coffee Dripper":17,"Red Mask":20,"Ginger":24,"StrikeDummy":9,"Burning Blood":0,"Red Skull":14,"ClockworkSouvenir":25},{"Dream Catcher":14,"Anchor":15,"Torii":0,"Gremlin Horn":5,"Juzu Bracelet":7,"Coffee Dripper":8,"Red Mask":11,"Ginger":14,"StrikeDummy":5,"Burning Blood":0,"Red Skull":7,"ClockworkSouvenir":14},{"Dream Catcher":62,"Anchor":65,"Torii":0,"Gremlin Horn":20,"Juzu Bracelet":27,"Coffee Dripper":37,"Red Mask":50,"Ginger":62,"StrikeDummy":20,"Burning Blood":0,"Red Skull":27,"ClockworkSouvenir":62}],"Burning Blood":96},"card_choices":[{"not_picked":["Anger","Headbutt"],"picked":"Cleave","floor":1.0},{"not_picked":["Body Slam","Blood for Blood"],"picked":"Sentinel","floor":2.0},{"not_picked":["Thunderclap","Havoc"],"picked":"Disarm","floor":3.0},{"not_picked":["Warcry","Sword Boomerang"],"picked":"Twin Strike","floor":4.0},{"not_picked":["Evolve","Berserk"],"picked":"Carnage","floor":6.0},{"not_picked":["Flex","Heavy Blade"],"picked":"Infernal Blade","floor":10.0},{"not_picked":["Ghostly Armor","Whirlwind"],"picked":"Twin Strike","floor":13.0},{"not_picked":["Reaper","Exhume"],"picked":"Demon Form","floor":16.0},{"not_picked":["Clothesline","Iron Wave"],"picked":"Heavy Blade","floor":18.0},{"not_picked":["Cleave","Sword Boomerang"],"picked":"Pommel Strike","floor":19.0},{"not_picked":["Evolve+1","Havoc"],"picked":"Corruption","floor":21.0},{"not_picked":["Carnage","Flex"],"picked":"Intimidate","floor":22.0},{"not_picked":["Inflame","Shockwave"],"picked":"Battle Trance","floor":24.0},{"not_picked":["Armaments","Fire Breathing"],"picked":"Reaper","floor":28.0},{"not_picked":["Rampage","Shrug It Off"],"picked":"Pummel+1","floor":31.0}],"player_experience":567471,"relics_obtained":[{"floor":6.0,"key":"Gremlin Horn"},{"floor":9.0,"key":"StrikeDummy"},{"floor":13.0,"key":"Juzu Bracelet"},{"floor":20.0,"key":"Red Mask"},{"floor":24.0,"key":"Ginger"},{"floor":26.0,"key":"Dream Catcher"},{"floor":28.0,"key":"Anchor"}],"event_choices":[{"cards_removed":["Strike_R"],"damage_healed":0.0,"max_hp_gain":0.0,"max_hp_loss":0.0,"gold_gain":0.0,"event_name":"The Cleric","player_choice":"Card Removal","floor":5.0,"gold_loss":75.0,"damage_taken":0.0},{"damage_healed":0.0,"max_hp_gain":0.0,"max_hp_loss":0.0,"gold_gain":0.0,"event_name":"Match and Keep!","player_choice":"0 cards matched","floor":12.0,"gold_loss":0.0,"damage_taken":0.0,"cards_obtained":[]},{"damage_healed":0.0,"max_hp_gain":0.0,"max_hp_loss":0.0,"gold_gain":0.0,"event_name":"Scrap Ooze","player_choice":"Success","floor":14.0,"gold_loss":0.0,"damage_taken":18.0,"relics_obtained":["Red Skull"]},{"damage_healed":0.0,"max_hp_gain":0.0,"max_hp_loss":0.0,"gold_gain":0.0,"event_name":"Masked Bandits","player_choice":"Fought Bandits","floor":20.0,"gold_loss":0.0,"damage_taken":0.0},{"damage_healed":0.0,"max_hp_gain":0.0,"max_hp_loss":0.0,"gold_gain":0.0,"event_name":"The Mausoleum","player_choice":"Ignored","floor":29.0,"gold_loss":0.0,"damage_taken":0.0}],"is_beta":false,"boss_relics":[{"not_picked":["Runic Cube","SacredBark"],"picked":"Coffee Dripper"}],"items_purged_floors":[7],"is_endless":false,"potions_floor_spawned":[3,6,10,22,24,28],"killed_by":"Automaton","ascension_level":19}}