{"host":"pyelotildgrd5mks","time":1613712349,"event":{"mods":["BaseMod","Downfall","Minty Spire (QoL Compilation)","Quick Restart","Replay The Spire","StSLib"],"gold_per_floor":[119,119,119,44,62,62,97,97,97,97,117,137,166,184,184,289,289,300,300,215,115,115,141,152,181,181,181,193,220,220,239,239,337,337,355,355,230,243,243,243,273,273,273,273,288,300,333,179,179,179,179,179,33,65,65],"floor_reached":56,"language":"ZHS","playtime":2489,"items_purged":["Defend_P","CrushJoints","CutThroughFate"],"score":1594,"play_id":"75af8b49-24e3-4a7c-a8a1-3a2ab75f4cf0","local_time":"20210219132549","is_ascension_mode":true,"campfire_choices":[{"data":"Eruption","floor":6.0,"key":"SMITH"},{"data":"Ragnarok","floor":8.0,"key":"SMITH"},{"data":"Replay:Vibes","floor":10.0,"key":"SMITH"},{"floor":15.0,"key":"REST"},{"floor":27.0,"key":"REST"},{"data":"Adaptation","floor":30.0,"key":"SMITH"},{"data":"TalkToTheHand","floor":32.0,"key":"SMITH"},{"data":"Vigilance","floor":40.0,"key":"SMITH"},{"floor":42.0,"key":"RECALL"},{"floor":44.0,"key":"REST"},{"data":"MentalFortress","floor":49.0,"key":"SMITH"},{"floor":52.0,"key":"REST"}],"circlet_count":0,"master_deck":["AscendersBane","Eruption+1","Vigilance+1","Ragnarok+1","Replay:Vibes+1","Pray+1","TalkToTheHand+1","Adaptation+1","Collect+1","Scrawl+1","Replay:ManipulateFuture+1","Indignation+1","Swivel+1","Omniscience+1","ClearTheMind+1","Prostrate+1","Wallop+1","MentalFortress+1","Scrawl+1"],"relics":["VioletLotus","Whetstone","Toxic Egg 2","Omamori","Pandora\u0027s Box","Sundial","Dream Catcher","Mummified Hand","Oddly Smooth Stone","ReplayTheSpireMod:DimensionalGlitch","Blue Doll","Singing Bowl","Gremlin Horn","Medical Kit","Melange","Letter Opener"],"acts_visited":["Exordium","TheCity","TheBeyond","TheEnding"],"potions_floor_usage":[],"damage_taken":[{"damage":0.0,"enemies":"2 Louse","floor":1.0,"turns":3.0},{"damage":0.0,"enemies":"Cultist","floor":5.0,"turns":3.0},{"damage":40.0,"enemies":"Replay:BlueRogue","floor":7.0,"turns":6.0},{"damage":1.0,"enemies":"Small Slimes","floor":11.0,"turns":5.0},{"damage":5.0,"enemies":"2 Fungi Beasts","floor":12.0,"turns":3.0},{"damage":17.0,"enemies":"3 Sentries","floor":13.0,"turns":3.0},{"damage":0.0,"enemies":"Exordium Wildlife","floor":14.0,"turns":2.0},{"damage":29.0,"enemies":"The Guardian","floor":16.0,"turns":5.0},{"damage":0.0,"enemies":"Spheric Guardian","floor":18.0,"turns":1.0},{"damage":18.0,"enemies":"Slavers","floor":23.0,"turns":2.0},{"damage":0.0,"enemies":"Shell Parasite","floor":24.0,"turns":2.0},{"damage":12.0,"enemies":"Gremlin Leader","floor":25.0,"turns":3.0},{"damage":1.0,"enemies":"Centurion and Healer","floor":28.0,"turns":3.0},{"damage":1.0,"enemies":"Replay:Snechameleon","floor":29.0,"turns":5.0},{"damage":0.0,"enemies":"Shelled Parasite and Fungi","floor":31.0,"turns":2.0},{"damage":0.0,"enemies":"Champ","floor":33.0,"turns":3.0},{"damage":0.0,"enemies":"3 Darklings","floor":35.0,"turns":2.0},{"damage":0.0,"enemies":"Orb Walker","floor":38.0,"turns":2.0},{"damage":16.0,"enemies":"R_Hoarder","floor":41.0,"turns":9.0},{"damage":3.0,"enemies":"Writhing Mass","floor":45.0,"turns":5.0},{"damage":0.0,"enemies":"Maw","floor":46.0,"turns":3.0},{"damage":27.0,"enemies":"Reptomancer","floor":47.0,"turns":4.0},{"damage":5.0,"enemies":"Replay:Hell Engine","floor":50.0,"turns":4.0},{"damage":0.0,"enemies":"Shield and Spear","floor":54.0,"turns":4.0},{"damage":51,"enemies":"The Heart","floor":55,"turns":7}],"seed_played":"1825321591389881529","potions_obtained":[{"floor":5.0,"key":"StancePotion"},{"floor":12.0,"key":"AttackPotion"},{"floor":13.0,"key":"FearPotion"},{"floor":16.0,"key":"Fire Potion"},{"floor":18.0,"key":"EssenceOfSteel"},{"floor":24.0,"key":"Energy Potion"}],"is_trial":false,"path_per_floor":["M","?","?","$","M","R","E","R","T","R","M","M","E","M","R","B",null,"M","?","?","$","?","E","M","E","T","R","M","E","R","M","R","B",null,"M","?","$","M","$","R","E","R","T","R","M","M","E","$","R","B",null,"R","$","E","B",null],"character_chosen":"WATCHER","items_purchased":["Medical Kit","Melange"],"campfire_rested":4,"item_purchase_floors":[48,53],"current_hp_per_floor":[65,70,70,70,70,70,30,30,30,30,29,24,7,7,30,1,58,58,44,44,44,44,26,26,14,14,38,37,36,36,36,36,36,71,71,71,71,71,71,71,55,55,55,79,76,78,53,53,53,48,77,88,88,88,37],"gold":65,"neow_bonus":"BOSS_RELIC","is_daily":false,"chose_seed":false,"campfire_upgraded":7,"win_rate":0.0,"timestamp":1613712349,"path_taken":["M","?","?","$","M","R","E","R","T","R","M","M","E","?","R","BOSS","M","?","?","$","?","E","M","E","T","R","M","E","R","M","R","BOSS","M","?","$","M","$","R","E","R","T","R","?","?","E","?","R","BOSS","R","$","E","BOSS"],"items_purchased_type":["Relic","Relic"],"build_version":"2020-12-22","purchased_purges":3,"victory":true,"max_hp_per_floor":[72,77,77,77,77,77,77,77,77,77,77,77,77,77,77,77,77,77,82,82,82,82,82,82,82,82,82,82,82,82,82,82,82,82,82,82,82,82,82,82,82,82,82,82,82,84,86,86,86,86,86,88,88,88,88],"card_choices":[{"not_picked":["EmptyBody","PathToVictory","EmptyFist"],"picked":"SKIP","floor":1.0},{"not_picked":["JustLucky","LikeWater","Replay:BluntJabs"],"picked":"SKIP","floor":5.0},{"not_picked":["Protect","EmptyFist"],"picked":"Replay:Vibes","floor":7.0},{"not_picked":["Worship+1","Perseverance+1"],"picked":"Pray+1","floor":11.0},{"not_picked":["EmptyBody+1","Collect+1"],"picked":"TalkToTheHand","floor":12.0},{"not_picked":["Ragnarok","MentalFortress"],"picked":"Adaptation","floor":13.0},{"not_picked":["Replay:AtTheReady+1","FlyingSleeves"],"picked":"Collect+1","floor":14.0},{"not_picked":["SpiritShield+1","Replay:LoomingThreat"],"picked":"Scrawl+1","floor":16.0},{"not_picked":["FollowUp","LikeWater"],"picked":"ClearTheMind+1","floor":18.0},{"not_picked":["Worship+1","FollowUp","Swivel+1"],"picked":"SKIP","floor":23.0},{"not_picked":["ThirdEye+1","Replay:BluntJabs","Collect+1"],"picked":"SKIP","floor":24.0},{"not_picked":["FollowUp","Consecrate","FearNoEvil"],"picked":"SKIP","floor":25.0},{"not_picked":["ClearTheMind+1","PathToVictory+1","JustLucky"],"picked":"SKIP","floor":28.0},{"not_picked":["CarveReality","Fasting2","BattleHymn"],"picked":"SKIP","floor":29.0},{"not_picked":["Replay:AtTheReady+1","ThirdEye+1","Protect+1"],"picked":"SKIP","floor":31.0},{"not_picked":["Worship+1","ClearTheMind+1"],"picked":"Prostrate+1","floor":35.0},{"not_picked":["Crescendo+1","Weave+1","Evaluate+1"],"picked":"SKIP","floor":38.0},{"not_picked":["Crescendo+1","Weave+1","Evaluate+1"],"picked":"SKIP","floor":38.0},{"not_picked":["FlurryOfBlows+1","JustLucky+1","Consecrate"],"picked":"SKIP","floor":41.0},{"not_picked":["PathToVictory+1","Consecrate"],"picked":"Wallop+1","floor":44.0},{"not_picked":["Protect+1","Indignation+1"],"picked":"MentalFortress","floor":45.0},{"not_picked":["WheelKick+1","Replay:Anticipation+1","CrushJoints"],"picked":"Singing Bowl","floor":46.0},{"not_picked":["Replay:Hum+1","ReachHeaven+1","Halt+1"],"picked":"Singing Bowl","floor":47.0},{"not_picked":["SignatureMove","InnerPeace+1","Evaluate+1"],"picked":"Singing Bowl","floor":52.0},{"not_picked":["DevaForm","PathToVictory+1"],"picked":"Scrawl+1","floor":54.0}],"player_experience":719007,"relics_obtained":[{"floor":7.0,"key":"Whetstone"},{"floor":9.0,"key":"Toxic Egg 2"},{"floor":13.0,"key":"Omamori"},{"floor":23.0,"key":"Dream Catcher"},{"floor":25.0,"key":"Mummified Hand"},{"floor":29.0,"key":"Oddly Smooth Stone"},{"floor":41.0,"key":"Blue Doll"},{"floor":43.0,"key":"Singing Bowl"},{"floor":47.0,"key":"Gremlin Horn"},{"floor":54.0,"key":"Letter Opener"}],"event_choices":[{"damage_healed":0.0,"max_hp_gain":5.0,"max_hp_loss":0.0,"gold_gain":0.0,"event_name":"Big Fish","player_choice":"Donut","floor":2.0,"gold_loss":0.0,"damage_taken":0.0},{"damage_healed":0.0,"max_hp_gain":0.0,"max_hp_loss":0.0,"gold_gain":0.0,"cards_transformed":["Strike_P"],"event_name":"Transmorgrifier","player_choice":"Transformed","floor":3.0,"gold_loss":0.0,"damage_taken":0.0,"cards_obtained":["Ragnarok"]},{"damage_healed":0.0,"max_hp_gain":5.0,"max_hp_loss":0.0,"gold_gain":0.0,"event_name":"Forgotten Altar","player_choice":"Shed Blood","floor":19.0,"gold_loss":0.0,"damage_taken":19.0},{"damage_healed":0.0,"max_hp_gain":0.0,"max_hp_loss":0.0,"gold_gain":0.0,"event_name":"Addict","player_choice":"Obtained Relic","floor":20.0,"gold_loss":85.0,"damage_taken":0.0,"relics_obtained":["Sundial"]},{"damage_healed":0.0,"max_hp_gain":0.0,"max_hp_loss":0.0,"gold_gain":0.0,"event_name":"Vampires","player_choice":"Ignored","floor":22.0,"gold_loss":0.0,"damage_taken":0.0},{"cards_removed":["Guardian:Strike_Guardian"],"damage_healed":0.0,"max_hp_gain":0.0,"max_hp_loss":0.0,"gold_gain":0.0,"event_name":"NoteForYourself","player_choice":"Took Card","floor":36.0,"gold_loss":0.0,"damage_taken":0.0,"cards_obtained":["Guardian:Strike_Guardian"]}],"is_beta":false,"boss_relics":[{"not_picked":["Replay:Wanted Poster","Honey Jar"],"picked":"Pandora\u0027s Box"},{"not_picked":["Replay:Drink Me","Runic Pyramid"],"picked":"ReplayTheSpireMod:DimensionalGlitch"}],"items_purged_floors":[4,21,37],"is_endless":false,"potions_floor_spawned":[5,12,13,16,18,24,28,31,33,35,45,54],"ascension_level":10}}