{"host":"ryfs09562e7ibkuk","time":1613778709,"event":{"mods":["BaseMod","Colored Powertips","Marisa£®ÏF”Í°°ƒß¿Ì…≥£©","Minty Spire (QoL Compilation)","Quick Restart","StSLib","The Bug Knight","Youmu£®ªÍ∆«—˝√Œ£©"],"gold_per_floor":[112,112,137,137,62,62,97,97,97,97,130,155,105,3,3,3,3],"floor_reached":16,"language":"ZHS","playtime":365,"items_purged":["HollowMod:NailStrikeStart"],"score":131,"play_id":"36ef45ef-6cab-46ba-8daf-da27bd00328b","local_time":"20210220075149","is_ascension_mode":false,"campfire_choices":[{"data":"HollowMod:FocusHealStart","floor":6,"key":"SMITH"},{"data":"HollowMod:MylasSalvation","floor":8,"key":"SMITH"},{"data":"HollowMod:PogoStrike","floor":10,"key":"SMITH"},{"data":"HollowMod:CloakDash","floor":15,"key":"SMITH"}],"circlet_count":0,"master_deck":["HollowMod:NailStrikeStart","HollowMod:NailStrikeStart","HollowMod:NailStrikeStart","HollowMod:QuickDashStart","HollowMod:QuickDashStart","HollowMod:QuickDashStart","HollowMod:FocusHealStart+1","HollowMod:PogoStrike+1","HollowMod:MylasSalvation+1","HollowMod:CloakDash+1"],"relics":["HollowMod:VesselMask","NeowsBlessing","Golden Idol","Letter Opener","HollowMod:MantisClawRelic","Bottled Lightning"],"acts_visited":["Exordium"],"potions_floor_usage":[],"damage_taken":[{"damage":0,"enemies":"Small Slimes","floor":1,"turns":1},{"damage":0,"enemies":"2 Louse","floor":3,"turns":2},{"damage":0,"enemies":"Lagavulin","floor":7,"turns":1},{"damage":27,"enemies":"Gremlin Nob","floor":11,"turns":4},{"damage":11,"enemies":"Jaw Worm","floor":12,"turns":3},{"damage":53,"enemies":"The Guardian","floor":16,"turns":8}],"seed_played":"-7836944328505982333","potions_obtained":[{"floor":3,"key":"Explosive Potion"}],"is_trial":false,"path_per_floor":["M","?","M","?","?","R","E","R","T","R","E","M","?","$","R","B"],"character_chosen":"THE_BUGKNIGHT","items_purchased":["HollowMod:CloakDash"],"campfire_rested":0,"item_purchase_floors":[14],"current_hp_per_floor":[75,57,57,57,62,62,62,62,62,62,41,40,40,40,40,0,0],"gold":3,"neow_bonus":"THREE_ENEMY_KILL","is_daily":false,"chose_seed":false,"campfire_upgraded":4,"win_rate":0.0,"timestamp":1613778709,"path_taken":["M","?","M","?","?","R","E","R","T","R","E","M","?","$","R","BOSS"],"items_purchased_type":["Card"],"build_version":"2020-12-22","purchased_purges":1,"victory":false,"max_hp_per_floor":[75,75,75,75,80,80,80,80,80,80,80,80,80,80,80,80,80],"card_choices":[{"not_picked":["HollowMod:GoodIntentions","HollowMod:SharpenedNail","HollowMod:ShadowDash"],"picked":"SKIP","floor":1},{"not_picked":["HollowMod:CornifersMapStart","HollowMod:SoulSplash","HollowMod:SoulEater"],"picked":"SKIP","floor":3},{"not_picked":["HollowMod:Grubsong","HollowMod:GoodIntentions","HollowMod:InfectedCysts"],"picked":"SKIP","floor":7},{"not_picked":["HollowMod:CycloneSlash","HollowMod:MawleksShell","HollowMod:HuntersJournal"],"picked":"SKIP","floor":11},{"not_picked":["HollowMod:FallenFury","HollowMod:CloakDash","HollowMod:ChannelNail"],"picked":"SKIP","floor":12}],"player_experience":173193,"relics_obtained":[{"floor":7,"key":"Letter Opener"},{"floor":9,"key":"HollowMod:MantisClawRelic"},{"floor":11,"key":"Bottled Lightning"}],"event_choices":[{"damage_healed":0,"gold_gain":0,"player_choice":"Take Damage","damage_taken":18,"relics_obtained":["Golden Idol"],"max_hp_gain":0,"max_hp_loss":0,"event_name":"Golden Idol","floor":2,"gold_loss":0},{"cards_removed":["HollowMod:QuickDashStart"],"damage_healed":0,"gold_gain":0,"player_choice":"Card Removal","damage_taken":0,"max_hp_gain":0,"max_hp_loss":0,"event_name":"The Cleric","floor":13,"gold_loss":50}],"is_beta":false,"boss_relics":[],"items_purged_floors":[14],"is_endless":false,"potions_floor_spawned":[3],"killed_by":"The Guardian","ascension_level":0}}