{"host":"ffqn1azj9urswy62","time":1613750576,"event":{"mods":["BaseMod","Better Third Choice","Conspire","Googly Eyes","Hubris","Minty Spire (QoL Compilation)","Replay The Spire","StSLib","Wandering Minibosses","slay the spire mod where everything is the same but ironclad has a cowboy hat"],"gold_per_floor":[119,150,1,1,17,52,52,52,52,52,68,107,13,13,13,13,13],"floor_reached":16,"language":"ENG","playtime":536,"items_purged":["Strike_P"],"score":122,"play_id":"4cf3f896-dd5e-4ab5-b65e-e1529c3b1619","local_time":"20210219110256","is_ascension_mode":true,"campfire_choices":[{"data":"Replay:Battleflow","floor":8,"key":"SMITH"},{"data":"Eruption","floor":10,"key":"SMITH"},{"data":"Vigilance","floor":15,"key":"SMITH"}],"circlet_count":0,"master_deck":["Strike_P","Strike_P","Defend_P","Defend_P","Defend_P","Defend_P","Eruption+1","Vigilance+1","EmptyMind","Replay:Battleflow+1","FlurryOfBlows","Replay:Anticipation","Indignation","Consecrate","Finesse"],"relics":["PureWater","NeowsBlessing","Prayer Wheel","Potion Belt","Golden Idol","hubris:FunFungus","conspire:DecoderRing"],"acts_visited":["Exordium"],"potions_floor_usage":[6,12,12],"damage_taken":[{"damage":0,"enemies":"Jaw Worm","floor":1,"turns":1},{"damage":0,"enemies":"conspire:MimicChest","floor":2,"turns":1},{"damage":0,"enemies":"2 Louse","floor":5,"turns":1},{"damage":19,"enemies":"3 Sentries","floor":6,"turns":7},{"damage":0,"enemies":"Cultist","floor":11,"turns":3},{"damage":14,"enemies":"Gremlin Nob","floor":12,"turns":4},{"damage":18,"enemies":"Fading Forest","floor":16,"turns":7}],"seed_played":"-3731176117224930770","potions_obtained":[{"floor":2,"key":"Energy Potion"},{"floor":6,"key":"Flashbang"},{"floor":11,"key":"Swift Potion"}],"is_trial":false,"path_per_floor":["M","?","$","?","M","E","?","R","T","R","M","E","$","?","R","B"],"character_chosen":"WATCHER","items_purchased":["EmptyMind","Finesse"],"campfire_rested":0,"item_purchase_floors":[3,13],"current_hp_per_floor":[72,72,72,72,72,53,35,35,35,35,35,21,21,14,14,0,0],"gold":13,"neow_bonus":"THREE_ENEMY_KILL","is_daily":false,"chose_seed":false,"campfire_upgraded":3,"win_rate":0.0,"timestamp":1613750576,"path_taken":["M","?","$","?","M","E","?","R","T","R","M","E","$","?","R","BOSS"],"items_purchased_type":["Card","Card"],"build_version":"2020-12-22","purchased_purges":1,"victory":false,"max_hp_per_floor":[72,72,72,72,72,72,72,72,72,72,72,72,72,72,72,72,72],"card_choices":[{"not_picked":["FollowUp","ClearTheMind","Crescendo"],"picked":"SKIP","floor":1},{"not_picked":["Consecrate","Replay:Vibes"],"picked":"Replay:Battleflow","floor":5},{"not_picked":["FollowUp","FlurryOfBlows","Swivel"],"picked":"SKIP","floor":5},{"not_picked":["FollowUp","Swivel"],"picked":"FlurryOfBlows","floor":5},{"not_picked":["Alpha","Replay:Cycle"],"picked":"Replay:Anticipation","floor":6},{"not_picked":["FlurryOfBlows","CrushJoints"],"picked":"Indignation","floor":11},{"not_picked":["Replay:BluntJabs","Worship","JustLucky"],"picked":"SKIP","floor":11},{"not_picked":["Replay:BluntJabs","Worship","JustLucky"],"picked":"SKIP","floor":11},{"not_picked":["EmptyMind","ConjureBlade"],"picked":"Consecrate","floor":12}],"player_experience":702607,"relics_obtained":[{"floor":2,"key":"Prayer Wheel"},{"floor":6,"key":"Potion Belt"},{"floor":9,"key":"hubris:FunFungus"},{"floor":12,"key":"conspire:DecoderRing"}],"event_choices":[{"damage_healed":0,"gold_gain":0,"player_choice":"Leave","damage_taken":0,"max_hp_gain":0,"max_hp_loss":0,"event_name":"conspire:Investor","floor":4,"gold_loss":0},{"damage_healed":0,"gold_gain":0,"player_choice":"Take Damage","damage_taken":18,"relics_obtained":["Golden Idol"],"max_hp_gain":0,"max_hp_loss":0,"event_name":"Golden Idol","floor":7,"gold_loss":0},{"cards_removed":["Strike_P"],"damage_healed":0,"gold_gain":0,"player_choice":"Card Removal","damage_taken":7,"max_hp_gain":0,"max_hp_loss":0,"event_name":"Golden Wing","floor":14,"gold_loss":0}],"is_beta":false,"boss_relics":[],"items_purged_floors":[3],"is_endless":false,"potions_floor_spawned":[2,6,11],"killed_by":"Fading Forest","ascension_level":3}}