{"host":"ox77rn1xcurm2t5a","time":1613728902,"event":{"mods":["2.2 Compatiblity","AchievementEnabler","Act Like it!","Aspiration","BaseMod","Best Route Mod","Better Match","Better Note","Better Sensory Stone","Block Reminder","Colored Map","Colored Powertips","Conjunction","Conspire","Custom Start","Energized Spire","GifTheSpireLib","Gold Saver","Gremlin Skip","Halation","Highlight Path","Hubris","Infinite Spire","Minty Spire (QoL Compilation)","Pale of the Ancients","Quick Restart","Reliquary","Replay The Spire","Reworked Bosses","ShortenTheSpire","Spire Exporter","StSLib","Stuff the Spire","Wandering Minibosses"],"gold_per_floor":[117,117,132,26,26,26,52,71,95,109,140,154,180,198,198,294,294,308,308,327,339,122,148,148,148,199,199,233,248,248,264,264,362,362,374,424,424,443,458,458,458,458],"floor_reached":41,"language":"ENG","playtime":1081,"items_purged":["Defend_R"],"score":641,"play_id":"8abd6827-2bac-4871-bfd4-f1f6c2573400","local_time":"20210219120142","is_ascension_mode":true,"campfire_choices":[{"data":"Bash","floor":6.0,"key":"SMITH"},{"floor":15,"key":"RECALL"},{"data":"Inflame","floor":25,"key":"SMITH"},{"data":"Limit Break","floor":27,"key":"SMITH"},{"data":"Inflame","floor":30,"key":"SMITH"},{"data":"Metallicize","floor":32,"key":"SMITH"},{"floor":40,"key":"REST"}],"circlet_count":0,"master_deck":["Strike_R","Strike_R","Strike_R","Strike_R","Strike_R","Defend_R","Defend_R","Defend_R","Bash+1","Perfected Strike","Thunderclap+1","Inflame+1","Dropkick","Thunderclap","Inflame+1","Sword Boomerang","Cleave","Anger","Limit Break+1","Pommel Strike+1","Thunderclap+1","Metallicize+1","Clash","Heavy Blade","Clash","Iron Wave+1","Flame Barrier+1"],"relics":["Burning Blood","NeowsBlessing","aspiration:FetidBarrel","aspiration:FrozenJewel","Dream Catcher","infinitespire:Cupcake","Lizard Tail","Replay:Wax Seal","Mirror","Potion Belt","Red Mask","reliquary:BigHammer","Champion Belt"],"acts_visited":["Exordium","TheCity","TheBeyond"],"potions_floor_usage":[12,13,14,23,28,28,29,31,33,36],"damage_taken":[{"damage":0.0,"enemies":"Small Slimes","floor":1.0,"turns":1.0},{"damage":0.0,"enemies":"Cultist","floor":3.0,"turns":1.0},{"damage":0.0,"enemies":"3 Sentries","floor":7.0,"turns":1.0},{"damage":2.0,"enemies":"Jaw Worm","floor":8.0,"turns":2.0},{"damage":4.0,"enemies":"Exordium Wildlife","floor":10.0,"turns":3.0},{"damage":26,"enemies":"Gremlin Nob","floor":11,"turns":4},{"damage":6,"enemies":"Blue Slaver","floor":12,"turns":3},{"damage":27,"enemies":"3 Sentries","floor":13,"turns":5},{"damage":4,"enemies":"Gremlin Gang","floor":14,"turns":3},{"damage":11,"enemies":"Slime Boss","floor":16,"turns":5},{"damage":22,"enemies":"2 Thieves","floor":18,"turns":4},{"damage":31,"enemies":"Shell Parasite","floor":20,"turns":3},{"damage":10,"enemies":"Chosen and Byrds","floor":21,"turns":4},{"damage":27,"enemies":"Slavers","floor":23,"turns":4},{"damage":0,"enemies":"Masked Bandits","floor":28,"turns":2},{"damage":13,"enemies":"Snake Plant","floor":29,"turns":3},{"damage":5,"enemies":"Snecko","floor":31,"turns":3},{"damage":27,"enemies":"bossMod:newChamp","floor":33,"turns":7},{"damage":3,"enemies":"3 Shapes","floor":35,"turns":4},{"damage":11,"enemies":"Mind Bloom Boss Battle","floor":36,"turns":11},{"damage":12,"enemies":"Orb Walker","floor":38,"turns":4},{"damage":58,"enemies":"Spire Growth","floor":39,"turns":5},{"damage":51,"enemies":"Reptomancer","floor":41,"turns":4}],"seed_played":"-284201918717077699","potions_obtained":[{"floor":3.0,"key":"LiquidBronze"},{"floor":7.0,"key":"SpeedPotion"},{"floor":8.0,"key":"Conjunction:LightningMarble"},{"floor":11,"key":"Conjunction:LightningMarble"},{"floor":13,"key":"Strength Potion"},{"floor":23,"key":"DuplicationPotion"},{"floor":28,"key":"Venom Potion"},{"floor":29,"key":"ColorlessPotion"},{"floor":31,"key":"SteroidPotion"},{"floor":35,"key":"EssenceOfSteel"}],"is_trial":false,"path_per_floor":["M","?","M","$","?","R","E","M","T","M","E","M","E","M","R","B",null,"M","AVR","M","M","$","E","?","R","T","R","?","M","R","M","R","B",null,"M","?","?","M","M","R","E"],"character_chosen":"IRONCLAD","items_purchased":["Thunderclap+1","Inflame","Thunderclap+1","Block Potion","FearPotion","Replay:Wax Seal"],"campfire_rested":1,"item_purchase_floors":[4,4,22,22,22,22],"current_hp_per_floor":[78,78,80,80,80,80,80,80,80,80,60,60,39,41,41,36,69,53,53,28,24,24,46,46,46,46,46,52,45,45,46,46,25,66,69,64,72,66,14,38,0,0],"gold":458,"neow_bonus":"THREE_ENEMY_KILL","is_daily":false,"chose_seed":false,"campfire_upgraded":5,"win_rate":0.0,"timestamp":1613728902,"path_taken":["M","?","?","$","?","R","E","M","T","?","E","M","E","M","R","BOSS","M","AVR","M","M","$","E","?","R","T","R","?","M","R","M","R","BOSS","M","?","?","M","M","R","E"],"items_purchased_type":["Card","Card","Card","Potion","Potion","Relic"],"build_version":"2020-12-22","purchased_purges":1,"victory":false,"max_hp_per_floor":[80,80,80,80,80,80,80,80,80,80,80,80,80,80,80,80,80,80,80,80,80,80,80,80,80,80,80,80,80,80,80,80,80,80,80,80,80,80,80,80,80,80],"card_choices":[{"not_picked":["Havoc","Armaments"],"picked":"Perfected Strike","floor":1.0},{"not_picked":["Run Through","Entrench","Clothesline"],"picked":"SKIP","floor":3.0},{"not_picked":["Infernal Blade","Heavy Blade"],"picked":"Dropkick","floor":7.0},{"not_picked":["Hemokinesis","Bloodletting","Second Wind"],"picked":"SKIP","floor":8.0},{"not_picked":["Warcry","Sword Boomerang"],"picked":"Thunderclap","floor":10.0},{"not_picked":["Exhume","Heavy Blade"],"picked":"Inflame","floor":11},{"not_picked":["StuffTheSpire:RagingBull","infinitespire:OneForAll"],"picked":"Sword Boomerang","floor":12},{"not_picked":["Armaments","Havoc"],"picked":"Cleave","floor":13},{"not_picked":["Dark Embrace","Twin Strike"],"picked":"Anger","floor":14},{"not_picked":["Fiend Fire","Exhume"],"picked":"Limit Break","floor":16},{"not_picked":["hubris:CleavingFinish","hubris:ReadiedAction"],"picked":"Pommel Strike+1","floor":18},{"not_picked":["StuffTheSpire:RockThrow","StuffTheSpire:BloodClot","hubris:ReadiedAction"],"picked":"SKIP","floor":20},{"not_picked":["Twin Strike","Replay:Undeath\u0027s Touch","Run Through"],"picked":"SKIP","floor":21},{"not_picked":["Reckless Charge+1","Burning Pact","Armaments"],"picked":"SKIP","floor":23},{"not_picked":["Flex","StuffTheSpire:TitanForm"],"picked":"Metallicize","floor":28},{"not_picked":["Cleave","Wild Strike"],"picked":"Clash","floor":29},{"not_picked":["StuffTheSpire:RockThrow","StuffTheSpire:RagingBull"],"picked":"Heavy Blade","floor":31},{"not_picked":["Iron Wave","Heavy Blade","Whirlwind+1"],"picked":"SKIP","floor":35},{"not_picked":["Life Link","Anger"],"picked":"Clash","floor":36},{"not_picked":["Run Through+1","Havoc","Shrug It Off"],"picked":"SKIP","floor":38},{"not_picked":["StuffTheSpire:Resist","Headbutt"],"picked":"Iron Wave+1","floor":39},{"not_picked":["hubris:ReadiedAction+1","Warcry"],"picked":"Flame Barrier+1","floor":40}],"player_experience":3157933,"relics_obtained":[{"floor":7.0,"key":"aspiration:FetidBarrel"},{"floor":11,"key":"aspiration:FrozenJewel"},{"floor":13,"key":"Dream Catcher"},{"floor":23,"key":"Mirror"},{"floor":26,"key":"Potion Belt"},{"floor":28,"key":"Red Mask"},{"floor":36,"key":"Champion Belt"}],"event_choices":[{"damage_healed":0.0,"max_hp_gain":0.0,"max_hp_loss":0.0,"gold_gain":0.0,"event_name":"FaceTrader","player_choice":"Leave","floor":2.0,"gold_loss":0.0,"damage_taken":0.0},{"damage_healed":0.0,"max_hp_gain":0.0,"max_hp_loss":0.0,"gold_gain":0.0,"event_name":"Transmorgrifier","player_choice":"Ignored","floor":5.0,"gold_loss":0.0,"damage_taken":0.0},{"damage_healed":0,"gold_gain":0,"player_choice":"Ignored","damage_taken":0,"max_hp_gain":0,"max_hp_loss":0,"event_name":"betterNote:BetterNote","floor":24,"gold_loss":0,"cards_obtained":["Strike_P"]},{"damage_healed":0,"gold_gain":0,"player_choice":"Fought Bandits","damage_taken":0,"max_hp_gain":0,"max_hp_loss":0,"event_name":"Masked Bandits","floor":28,"gold_loss":0},{"damage_healed":0,"gold_gain":0,"player_choice":"Fight","damage_taken":0,"max_hp_gain":0,"max_hp_loss":0,"event_name":"MindBloom","floor":36,"gold_loss":0}],"is_beta":false,"boss_relics":[{"not_picked":["Ectoplasm","energizedSpire:NeverEndingSparkler"],"picked":"infinitespire:Cupcake"},{"not_picked":["hubris:BlackHole","energizedSpire:DecayingSkull"],"picked":"reliquary:BigHammer"}],"items_purged_floors":[19],"is_endless":false,"potions_floor_spawned":[3,7,8,11,13,23,28,29,31,35],"killed_by":"Reptomancer","ascension_level":8}}