{"host":"v0n6ky7dmveherv3","time":1613765592,"event":{"mods":["BaseMod","Better Third Choice","Downfall","Minty Spire (QoL Compilation)","StSLib"],"gold_per_floor":[99,140,175,213,48,91,91,160,160,195,212,212,272,304,322,322,322,322],"floor_reached":16,"language":"ENG","playtime":1119,"items_purged":[],"score":141,"play_id":"f9572e05-60f0-4c98-8a40-48d375e33ea7","local_time":"20210219131312","is_ascension_mode":false,"campfire_choices":[{"data":"HandOfGreed","floor":1.0,"key":"SMITH"}],"circlet_count":0,"master_deck":["hexamod:Strike","hexamod:Strike","hexamod:Strike","hexamod:Defend","hexamod:Defend","hexamod:Defend","hexamod:Defend","hexamod:Sear","hexamod:Float","HandOfGreed+1","hexamod:BacktrackSmack","hexamod:ExtraCrispy","hexamod:GhostOfSpirePast","hexamod:GhostOfSpirePast","hexamod:EtherealExpedition","hexamod:GhostOfSpirePast","hexamod:CatchUp+1","hexamod:Again","hexamod:SixthSeal"],"relics":["hexamod:SpiritBrand","DollysMirror","Omamori","downfall:ShatteredFragment","Letter Opener","Smiling Mask"],"acts_visited":["Exordium"],"potions_floor_usage":[],"damage_taken":[{"damage":1.0,"enemies":"Cultist","floor":2.0,"turns":3.0},{"damage":6.0,"enemies":"Jaw Worm","floor":3.0,"turns":4.0},{"damage":8.0,"enemies":"Small Slimes","floor":4.0,"turns":3.0},{"damage":5.0,"enemies":"downfall:FleeingMerchant","floor":5.0,"turns":4.0},{"damage":0.0,"enemies":"downfall:LooterAlt","floor":6.0,"turns":4.0},{"damage":0.0,"enemies":"2 Fungi Beasts","floor":8.0,"turns":4.0},{"damage":3.0,"enemies":"Gremlin Nob","floor":10.0,"turns":4.0},{"damage":2.0,"enemies":"Blue Slaver","floor":11.0,"turns":3.0},{"damage":0.0,"enemies":"Gremlin Gang","floor":13.0,"turns":6.0},{"damage":0.0,"enemies":"Lagavulin","floor":14.0,"turns":4.0},{"damage":1.0,"enemies":"Exordium Wildlife","floor":15.0,"turns":4.0},{"damage":26,"enemies":"DF_ARCHETYPE_STREAMLINE","floor":16,"turns":4}],"seed_played":"4609329950167211194","potions_obtained":[{"floor":2.0,"key":"SkillPotion"},{"floor":11.0,"key":"SpeedPotion"},{"floor":13.0,"key":"hexamod:SoulburnPotion"},{"floor":14.0,"key":"SteroidPotion"}],"is_trial":false,"path_per_floor":["R","M","M","M","$","M","T","M","?","E","M","?","M","E","M","B"],"character_chosen":"THE_SPIRIT","items_purchased":["DollysMirror"],"campfire_rested":0,"item_purchase_floors":[5],"current_hp_per_floor":[63,62,56,48,43,43,43,43,22,19,17,17,17,17,16,0,0,0],"gold":322,"neow_bonus":"RANDOM_COLORLESS_2","is_daily":false,"chose_seed":false,"campfire_upgraded":1,"win_rate":0.0,"timestamp":1613765592,"path_taken":["R","M","M","M","$","M","T","M","?","E","M","?","?","E","M","BOSS"],"items_purchased_type":["Relic"],"build_version":"2020-12-22","purchased_purges":0,"victory":false,"max_hp_per_floor":[63,63,63,63,63,63,63,63,63,63,63,63,63,63,63,63,63,63],"card_choices":[{"not_picked":["Transmutation","Panache"],"picked":"HandOfGreed","floor":0.0},{"not_picked":["hexamod:HeatMetal","hexamod:SwordOfDarkness"],"picked":"hexamod:BacktrackSmack","floor":2.0},{"not_picked":["hexamod:FlamesFromBeyond","hexamod:SecondSeal"],"picked":"hexamod:ExtraCrispy","floor":3.0},{"not_picked":["hexamod:Haunt","hexamod:StepThrough"],"picked":"hexamod:GhostOfSpirePast","floor":4.0},{"not_picked":["hexamod:ShieldOfDarkness","hexamod:HeatShield","hexamod:GhostLash"],"picked":"SKIP","floor":5.0},{"not_picked":["hexamod:BurningTouch","hexamod:PowerFromBeyond","hexamod:SpectralAdrenaline"],"picked":"SKIP","floor":6.0},{"not_picked":["hexamod:HexaLevel","hexamod:ChargedBarrage"],"picked":"hexamod:EtherealExpedition","floor":8.0},{"not_picked":["hexamod:FlamesFromBeyond","hexamod:Rewind"],"picked":"hexamod:GhostOfSpirePast","floor":10.0},{"not_picked":["hexamod:InspiringFlames","hexamod:Hexaguard"],"picked":"hexamod:CatchUp","floor":11.0},{"not_picked":["hexamod:InspiringFlames","hexamod:NightmareStrike","hexamod:ThermalTransfer"],"picked":"SKIP","floor":13.0},{"not_picked":["hexamod:Hexaguard","hexamod:SoulSteal"],"picked":"hexamod:SixthSeal","floor":14.0},{"not_picked":["hexamod:ThermalTransfer","hexamod:HauntingEcho","hexamod:StepThrough"],"picked":"SKIP","floor":15.0}],"player_experience":142499,"relics_obtained":[{"floor":7.0,"key":"Omamori"},{"floor":10.0,"key":"Letter Opener"},{"floor":14.0,"key":"Smiling Mask"}],"event_choices":[],"is_beta":false,"boss_relics":[],"items_purged_floors":[],"is_endless":false,"potions_floor_spawned":[2,11,13,14],"killed_by":"DF_ARCHETYPE_STREAMLINE","ascension_level":0}}