{"host":"n605f8gctjc87d7h","time":1613753145,"event":{"mods":["Aspiration","Bard","BaseMod","Better Match","Better Note","Better Skull","Better Third Choice","Conspire","Downfall","Halation","Hermit","Infinite Spire","Minty Spire (QoL Compilation)","Reliquary","Replay The Spire","Retaliation","Shade Mod","Spicy Shops","StSLib","The IronCluck","The Jungle","The Runesmith"],"gold_per_floor":[115,134,59,59,59,59,92,105,128,128,142,160,180,180,180,257,257,274,274,274,289,299,299,299,299,325,325,20,20,20,20,20,93,93,112,112,126,126,126,126,151,151,151,151,167,209,209,222,222,232,232],"floor_reached":50,"language":"ENG","playtime":3376,"items_purged":[],"score":860,"play_id":"82892beb-a8f5-46f4-82c4-b74333a5db0b","local_time":"20210219084545","is_ascension_mode":true,"campfire_choices":[{"floor":6.0,"key":"REST"},{"floor":10.0,"key":"REST"},{"floor":15.0,"key":"REST"},{"floor":23.0,"key":"REST"},{"data":"conspire:DoublingDagger","floor":25.0,"key":"SMITH"},{"data":"Endless Agony","floor":27.0,"key":"SMITH"},{"floor":30.0,"key":"REST"},{"data":"Prepared","floor":30.0,"key":"SMITH"},{"data":"Replay:Bag of Tricks","floor":32.0,"key":"SMITH"},{"floor":40.0,"key":"REST"},{"data":"Tools of the Trade","floor":40.0,"key":"SMITH"},{"floor":42.0,"key":"REST"},{"data":"ReplayTheSpireMod:Scrap Shanks","floor":42.0,"key":"SMITH"},{"floor":47.0,"key":"REST"},{"data":"Tactician","floor":47.0,"key":"SMITH"},{"floor":49.0,"key":"REST"},{"data":"Dagger Throw","floor":49.0,"key":"SMITH"}],"circlet_count":0,"master_deck":["AscendersBane","Defend_G+1","Defend_G+1","Defend_G+1","Defend_G+1","Defend_G+1","Survivor","Neutralize","Underhanded Strike","Backstab","A Thousand Cuts+1","Replay:Bag of Tricks+1","Well Laid Plans","Prepared+1","Deflect","Poisoned Stab+1","Endless Agony+1","conspire:DoublingDagger+1","Slimebound:Tackle+1","Slimebound:Tackle+1","Slimebound:Tackle+1","Tools of the Trade+1","Quick Slash+1","Tactician+1","ReplayTheSpireMod:Scrap Shanks+1","Writhe","Dagger Throw+1"],"relics":["Ring of the Snake","aspiration:Nostalgia","sneckomod:SneckoSoul","reliquary:RadioactivePellet","reliquary:TuningFork","aspiration:RunesmithSkillbook","GremlinMask","aspiration:PoetsPen_weak","Replay:Bottled Eggs","halation:EternalFortune","ReplayFunnel","infinitespire:Magic Flask","Black Star","infinitespire:Midas Blood","halation:SelfBoilingWater","conspire:TopHat","reliquary:WeakTea","Ice Cream"],"acts_visited":["Exordium","TheCity","TheBeyond"],"potions_floor_usage":[],"damage_taken":[{"damage":6.0,"enemies":"2 Louse","floor":1.0,"turns":4.0},{"damage":0.0,"enemies":"Cultist","floor":2.0,"turns":4.0},{"damage":27.0,"enemies":"Gremlin Nob","floor":7.0,"turns":5.0},{"damage":2.0,"enemies":"Jaw Worm","floor":8.0,"turns":3.0},{"damage":4.0,"enemies":"3 Louse","floor":11.0,"turns":3.0},{"damage":0.0,"enemies":"2 Fungi Beasts","floor":12.0,"turns":2.0},{"damage":3.0,"enemies":"Exordium Thugs","floor":13.0,"turns":4.0},{"damage":6.0,"enemies":"The Guardian","floor":16.0,"turns":9.0},{"damage":9.0,"enemies":"2 Thieves","floor":18.0,"turns":5.0},{"damage":3.0,"enemies":"Shell Parasite","floor":21.0,"turns":5.0},{"damage":26.0,"enemies":"Snake Plant","floor":22.0,"turns":4.0},{"damage":68.0,"enemies":"Collector","floor":33.0,"turns":11.0},{"damage":10.0,"enemies":"Orb Walker","floor":35.0,"turns":3.0},{"damage":17.0,"enemies":"3 Darklings","floor":37.0,"turns":3.0},{"damage":39.0,"enemies":"Giant Head","floor":41.0,"turns":7.0},{"damage":9.0,"enemies":"Transient","floor":45.0,"turns":5.0},{"damage":29.0,"enemies":"Reptomancer","floor":46.0,"turns":4.0},{"damage":0.0,"enemies":"Maw","floor":48.0,"turns":3.0},{"damage":55,"enemies":"conspire:OrnateMirror","floor":50,"turns":3}],"seed_played":"-8458333451924523965","potions_obtained":[{"floor":1.0,"key":"DuplicationPotion"},{"floor":7.0,"key":"Adrenaline Potion"},{"floor":8.0,"key":"GamblersBrew"},{"floor":18.0,"key":"GamblersBrew"},{"floor":21.0,"key":"Elixir"},{"floor":35.0,"key":"Adrenaline Potion"},{"floor":41.0,"key":"DuplicationPotion"},{"floor":45.0,"key":"SkillPotion"}],"is_trial":false,"path_per_floor":["M","M","?","$","?","R","E","M","T","R","M","M","M","?","R","B",null,"M","?","AVR","M","M","R","?","R","T","R","$","?","R","?","R","B",null,"M","?","M","$","?","R","E","R","T","?","M","E","R","M","R","B"],"character_chosen":"THE_SILENT","items_purchased":["infinitespire:Magic Flask"],"campfire_rested":9,"item_purchase_floors":[28],"current_hp_per_floor":[57,57,57,57,43,64,37,35,35,56,52,52,49,49,70,64,69,60,60,60,57,31,52,55,55,55,55,55,55,73,73,73,5,56,46,46,29,29,29,50,11,32,32,50,41,12,33,33,54,0,0],"gold":232,"neow_bonus":"NOSTALGIA","is_daily":false,"chose_seed":false,"campfire_upgraded":8,"win_rate":0.0,"timestamp":1613753145,"path_taken":["M","M","?","?","?","R","E","M","T","R","M","M","M","?","R","BOSS","M","?","AVR","M","?","R","?","R","T","R","?","?","R","?","R","BOSS","M","?","M","$","?","R","E","R","T","?","M","E","R","M","R","BOSS"],"items_purchased_type":["Relic"],"build_version":"2020-12-22","purchased_purges":0,"victory":false,"max_hp_per_floor":[70,70,70,70,70,70,70,70,70,70,70,70,70,70,70,70,70,70,70,70,70,70,70,73,73,73,73,73,73,73,73,73,73,73,73,73,73,73,73,73,73,73,73,73,73,73,73,73,73,73,73],"card_choices":[{"not_picked":["Backflip","Expertise"],"picked":"Underhanded Strike","floor":1.0},{"not_picked":["Riddle With Holes","Deflect"],"picked":"Backstab","floor":2.0},{"not_picked":["Burst+1","Bullet Time+1"],"picked":"A Thousand Cuts+1","floor":3.0},{"not_picked":["Quick Slash","Acrobatics"],"picked":"Replay:Bag of Tricks","floor":7.0},{"not_picked":["Hidden Blade","Accuracy"],"picked":"Well Laid Plans","floor":8.0},{"not_picked":["Bouncing Flask","Caltrops"],"picked":"Prepared","floor":11.0},{"not_picked":["Sucker Punch","Catalyst","Eviscerate"],"picked":"SKIP","floor":12.0},{"not_picked":["Eviscerate","Catalyst"],"picked":"Deflect","floor":13.0},{"not_picked":["Runesmith:HammerTime+1","Runesmith:HammerThrow","Replay:Poison Smokescreen"],"picked":"Poisoned Stab+1","floor":18.0},{"not_picked":["Hidden Blade","Runesmith:StaticCage","Sucker Punch"],"picked":"Endless Agony","floor":21.0},{"not_picked":["Cloak And Dagger","Deflect","Runesmith:CraftProtectio"],"picked":"conspire:DoublingDagger","floor":22.0},{"not_picked":["Poison Darts","Runesmith:LightningRod","Runesmith:UnlimitedPower"],"picked":"Tools of the Trade","floor":33.0},{"not_picked":["Acrobatics","Prepared","Dagger Spray"],"picked":"Quick Slash+1","floor":35.0},{"not_picked":["Runesmith:UnlimitedPower","Runesmith:Empowerment+1","Runesmith:Repurpose"],"picked":"Tactician","floor":37.0},{"not_picked":["Catalyst","Runesmith:ShiftingStrike","Poison Darts"],"picked":"ReplayTheSpireMod:Scrap Shanks","floor":41.0},{"not_picked":["Footwork+1","Runesmith:Repurpose","Runesmith:LithiumIon"],"picked":"Dagger Throw","floor":45.0},{"not_picked":["Runesmith:ChiselStab+1","Blade Dance","Runesmith:HeatedChisel+1","Backflip"],"picked":"SKIP","floor":46.0},{"not_picked":["Deflect","Bouncing Flask","Runesmith:ChiselStab","Runesmith:CraftProtectio"],"picked":"SKIP","floor":48.0}],"player_experience":888773,"relics_obtained":[{"floor":7.0,"key":"reliquary:RadioactivePellet"},{"floor":9.0,"key":"reliquary:TuningFork"},{"floor":26.0,"key":"ReplayFunnel"},{"floor":41.0,"key":"infinitespire:Midas Blood"},{"floor":41.0,"key":"halation:SelfBoilingWater"},{"floor":43.0,"key":"conspire:TopHat"},{"floor":46.0,"key":"reliquary:WeakTea"},{"floor":46.0,"key":"Ice Cream"}],"event_choices":[{"damage_healed":0.0,"max_hp_gain":0.0,"max_hp_loss":0.0,"gold_gain":0.0,"event_name":"betterMatch:BetterMatch","player_choice":"2","floor":3.0,"gold_loss":0.0,"damage_taken":0.0,"cards_obtained":["betterMatch:RareCard"]},{"damage_healed":57.0,"max_hp_gain":0.0,"max_hp_loss":70.0,"gold_gain":0.0,"event_name":"betterThird:BetterShining","player_choice":"Upgrade","floor":5.0,"gold_loss":0.0,"damage_taken":14.0,"cards_upgraded":["Defend_G","Strike_G"]},{"damage_healed":0.0,"max_hp_gain":0.0,"max_hp_loss":0.0,"gold_gain":0.0,"event_name":"FaceTrader","player_choice":"Trade","floor":19.0,"gold_loss":0.0,"damage_taken":0.0,"relics_obtained":["GremlinMask"]},{"damage_healed":0.0,"max_hp_gain":0.0,"max_hp_loss":0.0,"gold_gain":0.0,"event_name":"conspire:Investor","player_choice":"Leave","floor":31.0,"gold_loss":0.0,"damage_taken":0.0},{"damage_healed":18.0,"max_hp_gain":0.0,"max_hp_loss":0.0,"gold_gain":0.0,"event_name":"Winding Halls","player_choice":"Writhe","floor":44.0,"gold_loss":0.0,"damage_taken":0.0,"cards_obtained":["Writhe"]}],"is_beta":false,"boss_relics":[{"not_picked":["Runesmith:UraniumAnvil","halation:CatFaceCupcake"],"picked":"aspiration:RunesmithSkillbook"},{"not_picked":["ChewingGum","aspiration:SecretTechniqueScroll"],"picked":"Black Star"}],"items_purged_floors":[],"is_endless":false,"potions_floor_spawned":[1,7,8,18,21,35,41,45],"killed_by":"conspire:OrnateMirror","ascension_level":13}}