{"host":"ooods2gf71idc86d","time":1613777407,"event":{"mods":["AchievementEnabler","BaseMod","Downfall","Marisa????????","Minty Spire (QoL Compilation)","Replay The Spire","StSLib","The Cursed","The Necromancer","The Servant 0.9.4"],"gold_per_floor":[114,132,132,150,169,169,194,194,194,283,308,308,336,22,22,123,123,133,233,79,79,98,123,123,123,123,42,62,87,169,188,188,287,287,298,298,298,315,10,10,44,44,44,0,18,51,102,119,194,194],"floor_reached":51,"language":"ENG","playtime":5224,"items_purged":["ReplayTheSpireMod:Splinters"],"score":1463,"play_id":"907207da-50fe-47a5-a672-54e61f429760","local_time":"20210220013007","is_ascension_mode":true,"campfire_choices":[{"data":"Corpse Explosion","floor":6,"key":"SMITH"},{"floor":12,"key":"REST"},{"data":"Predator","floor":15,"key":"SMITH"},{"data":"After Image","floor":24,"key":"SMITH"},{"floor":32,"key":"DIG"},{"floor":42,"key":"REST"}],"circlet_count":0,"master_deck":["Defend_G","Defend_G","Defend_G","Defend_G","Survivor","Neutralize","Predator+1","Cloak And Dagger","Poisoned Stab","Backflip","Corpse Explosion+1","ReplayTheSpireMod:Tripwire","Dash","Riddle With Holes","Envenom","After Image+1","ReplayTheSpireMod:Necrosis+1","Masterful Stab+1","Backstab+1","Replay:Poison Smokescreen","Caltrops","Leg Sweep","Bouncing Flask+1","Slimebound:Tackle+1","Slimebound:Tackle+1","Slimebound:Tackle+1","Noxious Fumes","Cloak And Dagger+1","Terror","ReplayTheSpireMod:Necrosis","Acrobatics","Riddle With Holes","Bullet Time","Accuracy","Footwork","Caltrops","PiercingWail","Choke","Noxious Fumes","Dagger Throw+1"],"relics":["Snecko Eye","Lantern","Calipers","Bottled Flame","Bronze Scales","Replay:Multitool","Singing Bowl","Mummified Hand","Astrolabe","MutagenicStrength","Replay:WaspNest","Akabeko","Regal Pillow","Gremlin Horn","The Courier","HoveringKite","HornCleat","Boot","ReplayTheSpireMod:Shallot","Red Mask","Snack Pack","Lizard Tail"],"acts_visited":["Exordium","TheCity","TheBeyond"],"potions_floor_usage":[11,13,29,33,33,41,47,50],"damage_taken":[{"damage":3,"enemies":"2 Louse","floor":1,"turns":4},{"damage":0,"enemies":"Small Slimes","floor":2,"turns":3},{"damage":4,"enemies":"Jaw Worm","floor":4,"turns":3},{"damage":0,"enemies":"Blue Slaver","floor":5,"turns":3},{"damage":22,"enemies":"Gremlin Nob","floor":7,"turns":4},{"damage":0,"enemies":"Lagavulin","floor":11,"turns":4},{"damage":0,"enemies":"Gremlin Nob","floor":13,"turns":3},{"damage":12,"enemies":"The Guardian","floor":16,"turns":6},{"damage":0,"enemies":"Spheric Guardian","floor":18,"turns":3},{"damage":0,"enemies":"Shell Parasite","floor":22,"turns":3},{"damage":1,"enemies":"Replay:Snechameleon","floor":23,"turns":3},{"damage":0,"enemies":"Centurion and Healer","floor":28,"turns":2},{"damage":11,"enemies":"Gremlin Leader","floor":29,"turns":4},{"damage":0,"enemies":"Snecko","floor":31,"turns":3},{"damage":23,"enemies":"Pondfish","floor":33,"turns":7},{"damage":9,"enemies":"Orb Walker","floor":35,"turns":2},{"damage":0,"enemies":"3 Shapes","floor":38,"turns":3},{"damage":23,"enemies":"Nemesis","floor":41,"turns":5},{"damage":0,"enemies":"Writhing Mass","floor":45,"turns":4},{"damage":0,"enemies":"R_Hoarder","floor":46,"turns":6},{"damage":0,"enemies":"2 Orb Walkers","floor":47,"turns":1},{"damage":0,"enemies":"Transient","floor":48,"turns":5},{"damage":78,"enemies":"Donu and Deca","floor":50,"turns":7}],"seed_played":"-2902091279908739145","potions_obtained":[{"floor":2,"key":"Venom Potion"},{"floor":4,"key":"champ:CounterPotion"},{"floor":7,"key":"Weak Potion"},{"floor":18,"key":"hexamod:SoulburnPotion"},{"floor":29,"key":"Doom Potion"},{"floor":31,"key":"CunningPotion"},{"floor":33,"key":"FearPotion"},{"floor":38,"key":"Swift Potion"},{"floor":45,"key":"EssenceOfSteel"}],"is_trial":false,"path_per_floor":["M","M","?","M","M","R","E","?","T","?","E","R","E","$","R","B",null,"M","?","$","?","M","E","R","?","T","$","M","E","T","M","R","B",null,"M","?","T","M","$","$","E","R","T","?","M","E","?","M","R","B",null],"character_chosen":"THE_SILENT","items_purchased":["Mummified Hand","Caltrops","Leg Sweep","Noxious Fumes","Bullet Time","Accuracy","Footwork","Caltrops"],"campfire_rested":2,"item_purchase_floors":[14,20,20,27,39,39,39,39],"current_hp_per_floor":[60,60,60,56,56,56,34,31,31,31,31,52,52,52,52,40,63,63,63,63,63,63,64,64,64,64,64,64,53,53,55,55,32,64,55,55,55,55,55,55,32,69,69,69,69,69,71,76,76,38],"gold":194,"neow_bonus":"BOSS_RELIC","is_daily":false,"chose_seed":false,"campfire_upgraded":3,"win_rate":0.0,"timestamp":1613777407,"path_taken":["M","M","?","M","M","R","E","?","T","?","E","R","E","?","R","BOSS","M","?","?","?","M","E","R","?","T","?","?","E","?","M","R","BOSS","M","?","?","?","?","$","E","R","T","?","?","E","?","M","R","BOSS"],"items_purchased_type":["Relic","Card","Card","Card","Card","Card","Card","Card"],"build_version":"2020-12-22","purchased_purges":1,"victory":true,"max_hp_per_floor":[70,70,70,70,70,70,70,70,70,70,70,70,70,70,70,70,70,70,70,70,70,70,72,72,72,72,72,72,72,72,74,74,74,74,74,74,74,74,74,74,74,74,74,74,74,74,74,76,76,76],"card_choices":[{"not_picked":["Sucker Punch","Quick Slash"],"picked":"Predator","floor":1},{"not_picked":["Deadly Poison","Flying Knee"],"picked":"Cloak And Dagger","floor":2},{"not_picked":["Deflect","Quick Slash"],"picked":"Backflip","floor":4},{"not_picked":["Blade Dance","ReplayTheSpireMod:Scrap Shanks"],"picked":"Corpse Explosion","floor":5},{"not_picked":["Heel Hook","Backflip"],"picked":"ReplayTheSpireMod:Tripwire","floor":7},{"not_picked":["Predator","Bane"],"picked":"Dash","floor":10},{"not_picked":["ReplayTheSpireMod:Exploit Weakness","Fluid Movement"],"picked":"Riddle With Holes","floor":10},{"not_picked":["Infinite Blades","Cloak And Dagger"],"picked":"Deadly Poison","floor":11},{"not_picked":["Backstab","Dagger Throw"],"picked":"Envenom","floor":13},{"not_picked":["ReplayTheSpireMod:From All Sides","Doppelganger"],"picked":"After Image","floor":16},{"not_picked":["Blade Dance","Dash"],"picked":"Replay:Poison Smokescreen","floor":18},{"not_picked":["Blade Dance","Tactician"],"picked":"Bouncing Flask+1","floor":22},{"not_picked":["Cloak And Dagger","Bane","Heel Hook"],"picked":"Singing Bowl","floor":23},{"not_picked":["Slice","Dagger Throw+1"],"picked":"Cloak And Dagger+1","floor":28},{"not_picked":["Quick Slash","Storm of Steel"],"picked":"Terror","floor":29},{"not_picked":["Flechettes","Quick Slash","Backstab+1"],"picked":"Singing Bowl","floor":31},{"not_picked":["Die Die Die","Adrenaline"],"picked":"ReplayTheSpireMod:Necrosis","floor":33},{"not_picked":["Backstab","Masterful Stab"],"picked":"Acrobatics","floor":35},{"not_picked":["ReplayTheSpireMod:Scrap Shanks","Skewer"],"picked":"Riddle With Holes","floor":38},{"not_picked":["ReplayTheSpireMod:The Works+1","Flying Knee"],"picked":"PiercingWail","floor":41},{"not_picked":["Toxin Wave+1","Deflect+1"],"picked":"Choke","floor":45},{"not_picked":["Hidden Blade+1","Blur"],"picked":"Noxious Fumes","floor":46},{"not_picked":["Underhanded Strike+1","Malaise"],"picked":"Dagger Throw+1","floor":47},{"not_picked":["Predator","Prepared","Fluid Movement+1"],"picked":"Singing Bowl","floor":48}],"player_experience":1073032,"relics_obtained":[{"floor":7,"key":"Lantern"},{"floor":9,"key":"Bottled Flame"},{"floor":10,"key":"Bronze Scales"},{"floor":11,"key":"Replay:Multitool"},{"floor":13,"key":"Singing Bowl"},{"floor":23,"key":"Replay:WaspNest"},{"floor":26,"key":"Akabeko"},{"floor":29,"key":"Regal Pillow"},{"floor":30,"key":"Gremlin Horn"},{"floor":32,"key":"The Courier"},{"floor":37,"key":"HornCleat"},{"floor":41,"key":"Boot"},{"floor":43,"key":"ReplayTheSpireMod:Shallot"},{"floor":46,"key":"Snack Pack"},{"floor":47,"key":"Lizard Tail"}],"event_choices":[{"damage_healed":0,"gold_gain":0,"cards_transformed":["Strike_G"],"player_choice":"Change","damage_taken":0,"max_hp_gain":0,"max_hp_loss":0,"event_name":"Living Wall","floor":3,"gold_loss":0,"cards_obtained":["Poisoned Stab"]},{"damage_healed":0,"gold_gain":0,"player_choice":"Success","damage_taken":3,"relics_obtained":["Calipers"],"max_hp_gain":0,"max_hp_loss":0,"event_name":"Scrap Ooze","floor":8,"gold_loss":0},{"damage_healed":0,"gold_gain":100,"player_choice":"Pray","damage_taken":0,"max_hp_gain":0,"max_hp_loss":0,"event_name":"Golden Shrine","floor":19,"gold_loss":0},{"damage_healed":0,"gold_gain":0,"player_choice":"Inject Mutagens","damage_taken":0,"relics_obtained":["MutagenicStrength"],"max_hp_gain":0,"max_hp_loss":0,"event_name":"Drug Dealer","floor":21,"gold_loss":0},{"cards_removed":["Deadly Poison"],"damage_healed":0,"gold_gain":0,"player_choice":"Removed Skill","damage_taken":0,"max_hp_gain":0,"max_hp_loss":0,"event_name":"Falling","floor":36,"gold_loss":0},{"damage_healed":0,"gold_gain":0,"player_choice":"Paid","damage_taken":0,"relics_obtained":["Red Mask"],"max_hp_gain":0,"max_hp_loss":0,"event_name":"Tomb of Lord Red Mask","floor":44,"gold_loss":44},{"damage_healed":0,"gold_gain":0,"player_choice":"Fight","damage_taken":0,"max_hp_gain":0,"max_hp_loss":0,"event_name":"Mysterious Sphere","floor":47,"gold_loss":0}],"is_beta":false,"boss_relics":[{"not_picked":["Velvet Choker","SlaversCollar"],"picked":"Astrolabe"},{"not_picked":["Tiny House","Honey Jar"],"picked":"HoveringKite"}],"items_purged_floors":[14],"is_endless":false,"potions_floor_spawned":[2,4,7,18,29,31,33,38,45],"ascension_level":8}}