{"host":"9slw7l0ws16384qq","time":1613763020,"event":{"mods":["A Penny For Your Troubles","BaseMod","Colored Map","Downfall","Evolution","Hubris","Minty Spire (QoL Compilation)","Replay The Spire","StS++","StSLib"],"gold_per_floor":[199,215,230,242,242,68,95,125,142,174,174,204,204,204,220,294,594,594,614,631,641,657,657,704,589,604,614,641,641,641,652,667,667,667,667],"floor_reached":33,"language":"FRA","playtime":1598,"items_purged":["Guardian:Defend_Guardian","Guardian:Strike_Guardian"],"score":506,"play_id":"5d0ceef7-ab25-471d-bdb7-5c3317725a61","local_time":"20210219203020","is_ascension_mode":true,"campfire_choices":[{"data":"Guardian:TwinSlam","floor":1.0,"key":"SMITH"},{"floor":11,"key":"REST"},{"floor":13,"key":"REST"},{"data":"Guardian:ChargeUp","floor":23,"key":"SMITH"}],"circlet_count":0,"master_deck":["AscendersBane","Guardian:TwinSlam+1","Guardian:Strike_Guardian","Guardian:Strike_Guardian","Guardian:Defend_Guardian","Guardian:Defend_Guardian","Guardian:Defend_Guardian","Guardian:CurlUp","Guardian:TwinSlam","Guardian:Orbwalk+1","Guardian:ChargeUp+1","CurseOfTheBell","Guardian:Gem_White","Guardian:Gem_Cyan","Guardian:ChargeUp+1","Guardian:RevengeProtocol","Guardian:TemporalStrike"],"relics":["EVO:Axolotl","Replay:Wanted Poster","Akabeko","BranchBurnRelic","MealTicket","Calling Bell","Replay:Rubber Ducky","Replay:WaspNest","Old Coin","ReplayFunnel","Sundial"],"acts_visited":["Exordium","TheCity"],"potions_floor_usage":[16,20,33,33],"damage_taken":[{"damage":3.0,"enemies":"Small Slimes","floor":2.0,"turns":3.0},{"damage":4.0,"enemies":"Jaw Worm","floor":3.0,"turns":3.0},{"damage":6.0,"enemies":"Cultist","floor":4.0,"turns":4.0},{"damage":2.0,"enemies":"downfall:FleeingMerchant","floor":6.0,"turns":4.0},{"damage":3,"enemies":"Blue Slaver","floor":9,"turns":3},{"damage":22,"enemies":"Replay:BlueRogue","floor":10,"turns":4},{"damage":18,"enemies":"Gremlin Nob","floor":12,"turns":4},{"damage":6,"enemies":"2 Fungi Beasts","floor":15,"turns":2},{"damage":31,"enemies":"IC_STATUS_ARCHETYPE","floor":16,"turns":9},{"damage":4,"enemies":"Spheric Guardian","floor":19,"turns":4},{"damage":17,"enemies":"downfall:LooterAlt2","floor":20,"turns":4},{"damage":16,"enemies":"Chosen and Byrds","floor":21,"turns":6},{"damage":20,"enemies":"Cultist and Chosen","floor":22,"turns":8},{"damage":0,"enemies":"downfall:FleeingMerchant","floor":25,"turns":4},{"damage":1,"enemies":"Sentry and Sphere","floor":26,"turns":6},{"damage":2,"enemies":"Snecko","floor":27,"turns":6},{"damage":6,"enemies":"Replay:Snechameleon","floor":28,"turns":7},{"damage":2,"enemies":"Shelled Parasite and Fungi","floor":31,"turns":5},{"damage":0,"enemies":"Sentry and Sphere","floor":32,"turns":6},{"damage":53,"enemies":"WA_ARCHETYPE_CALM","floor":33,"turns":8}],"seed_played":"-6581365819879226507","potions_obtained":[{"floor":3.0,"key":"ColorlessPotion"},{"floor":9,"key":"LiquidBronze"},{"floor":16,"key":"Regen Potion"},{"floor":19,"key":"GamblersBrew"},{"floor":20,"key":"Energy Potion"}],"is_trial":false,"path_per_floor":["R","M","M","M","?","$","T","?","M","E","R","E","R","?","M","B",null,"R_BF","M","M","M","M","R","T","$","M","M","E","?","?","M","M","B"],"character_chosen":"GUARDIAN","items_purchased":["Guardian:Orbwalk"],"campfire_rested":2,"item_purchase_floors":[6],"current_hp_per_floor":[65,62,58,52,52,50,50,27,24,2,23,17,38,62,61,30,62,72,68,51,35,15,15,15,44,43,41,35,35,35,33,33,0,0,0],"gold":667,"neow_bonus":"BOSS_RELIC","is_daily":false,"chose_seed":false,"campfire_upgraded":2,"win_rate":0.0,"timestamp":1613763020,"path_taken":["R","M","M","M","?","$","T","?","?","E","R","E","R","?","M","BOSS","R_BF","M","M","M","M","R","T","$","M","M","E","?","?","?","M","BOSS"],"items_purchased_type":["Card"],"build_version":"2020-12-22","purchased_purges":2,"victory":false,"max_hp_per_floor":[72,72,72,72,72,72,72,72,72,72,72,72,72,72,72,72,72,72,72,72,72,72,72,72,72,72,72,72,72,72,72,72,72,72,72],"card_choices":[{"not_picked":["Guardian:TemporalShield","Guardian:RollAttack","Guardian:Recover"],"picked":"SKIP","floor":2.0},{"not_picked":["Guardian:WalkerClaw","Guardian:Suspension","Guardian:Planning"],"picked":"SKIP","floor":3.0},{"not_picked":["Guardian:BronzeOrb","Guardian:Planning"],"picked":"Guardian:Gem_Cyan","floor":4.0},{"not_picked":["Guardian:VentSteam","Guardian:RollAttack","Guardian:Incinerate"],"picked":"SKIP","floor":6.0},{"not_picked":["Guardian:TemporalShield","Guardian:DecasProtection"],"picked":"Guardian:ChargeUp","floor":8},{"not_picked":["Guardian:TemporalStrike","Guardian:VentSteam"],"picked":"Guardian:Gem_White","floor":9},{"not_picked":["Guardian:TimeBomb","Guardian:SphericShield","Guardian:FuturePlans"],"picked":"SKIP","floor":10},{"not_picked":["Guardian:TemporalShield","Guardian:DonusPower"],"picked":"Guardian:Gem_Synthetic","floor":12},{"not_picked":["Guardian:CrystalBeam","Guardian:Incinerate","Guardian:Gem_Yellow"],"picked":"SKIP","floor":15},{"not_picked":["Guardian:WalkerClaw","Guardian:TemporalStrike","Guardian:Suspension"],"picked":"SKIP","floor":19},{"not_picked":["Guardian:PiercingHide","Guardian:Gem_Red"],"picked":"Guardian:Gem_White","floor":20},{"not_picked":["Guardian:RollAttack","Guardian:ShieldCharger+1"],"picked":"Guardian:Gem_Cyan","floor":21},{"not_picked":["Guardian:Gem_Green","Guardian:RollAttack","Guardian:Gem_Fragmented"],"picked":"SKIP","floor":22},{"not_picked":["Guardian:Planning","Guardian:ShieldCharger","Guardian:Gem_Purple"],"picked":"SKIP","floor":25},{"not_picked":["Guardian:WalkerClaw","Guardian:Incinerate","Guardian:CrystalBeam"],"picked":"SKIP","floor":26},{"not_picked":["Guardian:FastForward","Guardian:Gem_Fragmented","Guardian:Reroute"],"picked":"SKIP","floor":27},{"not_picked":["Guardian:FloatingOrbs","Guardian:Reroute"],"picked":"Guardian:ChargeUp","floor":28},{"not_picked":["Guardian:Gem_Green","Guardian:Planning","Guardian:ShieldCharger"],"picked":"SKIP","floor":31},{"not_picked":["Guardian:GuardianWhirl","Guardian:Repulse+1"],"picked":"Guardian:TemporalStrike","floor":32}],"player_experience":1715406,"relics_obtained":[{"floor":7.0,"key":"Akabeko"},{"floor":8,"key":"Dead Branch"},{"floor":10,"key":"Guardian:PickAxe"},{"floor":12,"key":"MealTicket"},{"floor":17,"key":"Replay:Rubber Ducky"},{"floor":17,"key":"Replay:WaspNest"},{"floor":17,"key":"Old Coin"},{"floor":24,"key":"ReplayFunnel"},{"floor":28,"key":"Sundial"}],"event_choices":[{"cards_removed":["Guardian:Strike_Guardian"],"damage_healed":0.0,"max_hp_gain":0.0,"max_hp_loss":0.0,"gold_gain":0.0,"event_name":"The Cleric","player_choice":"Card Removal","floor":5.0,"gold_loss":0.0,"damage_taken":0.0},{"damage_healed":24,"gold_gain":0,"player_choice":"Banana","damage_taken":0,"max_hp_gain":0,"max_hp_loss":0,"event_name":"Big Fish","floor":14,"gold_loss":0}],"is_beta":false,"boss_relics":[{"not_picked":["Snecko Eye","Cursed Key"],"picked":"Calling Bell"}],"items_purged_floors":[6,25],"is_endless":false,"potions_floor_spawned":[3,9,16,19,20,26,28,32],"killed_by":"WA_ARCHETYPE_CALM","ascension_level":16}}