{"host":"8kqih82z00stt9q9","time":1613770223,"event":{"mods":["BaseMod","Bestiary","Hermit","Marisa（F雨　魔理沙）","Minty Spire (QoL Compilation)","Reliquary","Replay The Spire","Robot Space Explorer","SOS（斯巴达之子）","StSLib","The Bug Knight","The Cursed","The Hierophant","【功能Mod】聪明的最终Boss","【遗物卡牌】REMEMod"],"gold_per_floor":[111,2,27,97,125,125,128,140,197,237,249,290,304,309,321,414,426,410,420,432,437,449,461,415,427,441,442,522,534,503,490,490],"floor_reached":31,"language":"ZHS","playtime":2068,"items_purged":[],"score":268,"play_id":"f1b53a9a-261b-4792-aff4-8bdd990d9d45","local_time":"20210220053023","is_ascension_mode":false,"campfire_choices":[{"floor":6.0,"key":"RECALL"},{"floor":8.0,"key":"REST"},{"floor":15.0,"key":"REST"},{"floor":25.0,"key":"REST"},{"floor":29.0,"key":"REST"}],"circlet_count":0,"master_deck":["hierophant:Strike_Hierophant","hierophant:Strike_Hierophant","hierophant:Strike_Hierophant","hierophant:Punish","hierophant:Defend_Hierophant","hierophant:Defend_Hierophant","hierophant:Defend_Hierophant","hierophant:ChurchCoffers","hierophant:AuricBeam","hierophant:CursedGold","hierophant:Doubloon","hierophant:Sermon","hierophant:Sermon","hierophant:Rebuild","hierophant:DisplayOfPower","hierophant:Martyrdom","hierophant:OrnateBuckler","hierophant:Glossolalia","hierophant:Rebuild","hierophant:Zeal","hierophant:Empathy","hierophant:Doubloon","hierophant:Refuge","hierophant:Cornucopia","hierophant:MorningPrayer","hierophant:PristineSoul+1","Iron Wave","hierophant:Levitation","hierophant:ThreeLashes+1","hierophant:AuricShield","hierophant:Doubloon","hierophant:ConvertCurrency+1","hierophant:Community"],"relics":["REME_ComplimentaryCards","SlaversCollar","Centennial Puzzle","MawBank","reliquary:Craggleroot","hierophant:DonationBoxRelic"],"acts_visited":["Exordium","TheCity"],"potions_floor_usage":[],"damage_taken":[{"damage":3.0,"enemies":"Cultist","floor":1.0,"turns":5.0},{"damage":0.0,"enemies":"Small Slimes","floor":3.0,"turns":3.0},{"damage":6.0,"enemies":"Jaw Worm","floor":5.0,"turns":4.0},{"damage":47.0,"enemies":"HollowMod:MossKnight","floor":7.0,"turns":18.0},{"damage":5.0,"enemies":"Large Slime","floor":10.0,"turns":5.0},{"damage":8.0,"enemies":"Exordium Thugs","floor":12.0,"turns":10.0},{"damage":0.0,"enemies":"Looter","floor":13.0,"turns":2.0},{"damage":6.0,"enemies":"Gremlin Gang","floor":14.0,"turns":5.0},{"damage":4.0,"enemies":"Fading Forest","floor":16.0,"turns":11.0},{"damage":11.0,"enemies":"Chosen","floor":18.0,"turns":5.0},{"damage":19.0,"enemies":"3 Byrds","floor":19.0,"turns":9.0},{"damage":7.0,"enemies":"Snecko","floor":21.0,"turns":4.0},{"damage":35.0,"enemies":"3 Cultists","floor":24.0,"turns":10.0},{"damage":17.0,"enemies":"Centurion and Healer","floor":26.0,"turns":9.0},{"damage":2.0,"enemies":"Snecko","floor":27.0,"turns":5.0},{"damage":3.0,"enemies":"Snake Plant","floor":30.0,"turns":4.0},{"damage":32,"enemies":"Cultist and Chosen","floor":31,"turns":5}],"seed_played":"623656060602887223","potions_obtained":[{"floor":3.0,"key":"EssenceOfSteel"},{"floor":7.0,"key":"EssenceOfSteel"},{"floor":10.0,"key":"LiquidBronze"},{"floor":13.0,"key":"SkillPotion"},{"floor":16.0,"key":"Adrenaline Potion"},{"floor":19.0,"key":"Weak Potion"},{"floor":24.0,"key":"DuplicationPotion"},{"floor":26.0,"key":"Explosive Potion"}],"is_trial":false,"path_per_floor":["M","$","M","?","M","R","E","R","T","M","?","M","M","M","R","B",null,"M","M","?","M","PTL","PTL","M","R","M","M","T","R","M","M"],"character_chosen":"HIEROPHANT","items_purchased":["hierophant:CursedGold","hierophant:Sermon"],"campfire_rested":4,"item_purchase_floors":[2,2],"current_hp_per_floor":[72,72,72,54,48,48,1,23,23,18,18,10,10,4,26,32,75,64,45,45,38,38,38,3,25,8,6,6,28,25,0,0],"gold":490,"neow_bonus":"BOSS_RELIC","is_daily":false,"chose_seed":false,"campfire_upgraded":0,"win_rate":0.0,"timestamp":1613770223,"path_taken":["M","?","M","?","M","R","E","R","T","M","?","M","?","M","R","BOSS","M","M","?","M","PTL","PTL","M","R","M","M","T","R","?","M"],"items_purchased_type":["Card","Card"],"build_version":"2020-12-22","purchased_purges":0,"victory":false,"max_hp_per_floor":[75,75,75,75,75,75,75,75,75,75,75,75,75,75,75,75,75,75,75,75,75,75,75,75,75,75,75,75,75,75,75,75],"card_choices":[{"not_picked":["hierophant:HammerAndAnvil","hierophant:OrnateBuckler"],"picked":"hierophant:AuricBeam","floor":1.0},{"not_picked":["hierophant:Mercenaries","hierophant:EyeForCoin"],"picked":"hierophant:Rebuild","floor":3.0},{"not_picked":["hierophant:SealAway","hierophant:SecretStash"],"picked":"hierophant:DisplayOfPower","floor":4.0},{"not_picked":["hierophant:Bribe","hierophant:ThreeLashes"],"picked":"hierophant:Martyrdom","floor":4.0},{"not_picked":["hierophant:AuricBeam","hierophant:Encroach"],"picked":"hierophant:OrnateBuckler","floor":5.0},{"not_picked":["hierophant:Doubloon","hierophant:DeathKnell"],"picked":"hierophant:Glossolalia","floor":7.0},{"not_picked":["hierophant:EyeForCoin","hierophant:RecallFunds"],"picked":"hierophant:Rebuild","floor":10.0},{"not_picked":["hierophant:Sermon","hierophant:FieryStrike"],"picked":"hierophant:Zeal","floor":12.0},{"not_picked":["hierophant:FieryStrike","hierophant:DisplayOfPower"],"picked":"hierophant:Empathy","floor":13.0},{"not_picked":["hierophant:Generosity","hierophant:ThreeLashes"],"picked":"hierophant:Refuge","floor":14.0},{"not_picked":["hierophant:DeathKnell","hierophant:DivineIntervention"],"picked":"hierophant:Cornucopia","floor":16.0},{"not_picked":["hierophant:Doubloon","hierophant:Anathema"],"picked":"hierophant:MorningPrayer","floor":18.0},{"not_picked":["hierophant:Martyrdom","hierophant:HolyVerse"],"picked":"hierophant:PristineSoul+1","floor":19.0},{"not_picked":["hierophant:DisplayOfPower+1","hierophant:FieryStrike"],"picked":"hierophant:Levitation","floor":21.0},{"not_picked":["hierophant:Purify","hierophant:OrnateBuckler"],"picked":"hierophant:ThreeLashes+1","floor":24.0},{"not_picked":["hierophant:SecretStash+1","hierophant:HammerAndAnvil"],"picked":"hierophant:AuricShield","floor":26.0},{"not_picked":["hierophant:FieryStrike","hierophant:AuricShield"],"picked":"hierophant:ConvertCurrency+1","floor":27.0},{"not_picked":["hierophant:Alms+1","hierophant:Glossolalia"],"picked":"hierophant:Community","floor":30.0}],"player_experience":18102,"relics_obtained":[{"floor":4.0,"key":"Centennial Puzzle"},{"floor":7.0,"key":"MawBank"},{"floor":28.0,"key":"hierophant:DonationBoxRelic"}],"event_choices":[{"cards_removed":["hierophant:Strike_Hierophant"],"damage_healed":0.0,"max_hp_gain":0.0,"max_hp_loss":0.0,"gold_gain":0.0,"event_name":"Bonfire Elementals","player_choice":"Offered Basic","floor":11.0,"gold_loss":0.0,"damage_taken":0.0},{"cards_removed":["hierophant:Defend_Hierophant"],"damage_healed":0.0,"max_hp_gain":0.0,"max_hp_loss":0.0,"gold_gain":0.0,"event_name":"NoteForYourself","player_choice":"Took Card","floor":20.0,"gold_loss":0.0,"damage_taken":0.0,"cards_obtained":["Iron Wave"]}],"is_beta":false,"boss_relics":[{"not_picked":["Coffee Dripper","Fusion Hammer"],"picked":"reliquary:Craggleroot"}],"items_purged_floors":[],"is_endless":false,"potions_floor_spawned":[3,7,10,13,14,16,19,24,26],"killed_by":"Cultist and Chosen","ascension_level":0}}