{"host":"50per11302020","time":1613773289,"event":{"mods":["AchievementEnabler","BaseMod","Colored Map","Minty Spire (QoL Compilation)","Relic Stats","StSLib"],"gold_per_floor":[20,34,34,50,60,60,89,89,171,171,171,187,222,240,240,343,343,355,372,34,34,34,67,67,95,95,114,129,149,159,84,84,184,184,198,135,148,148,158,158,83,101,101,151,167,167,54,83,83,83],"floor_reached":51,"language":"ENG","playtime":3459,"items_purged":["Dualcast","Zap","Electrodynamics","White Noise+1","Self Repair"],"score":973,"play_id":"123b9530-c6f5-4b26-8184-8ab40ac50e76","local_time":"20210219142129","is_ascension_mode":true,"campfire_choices":[{"data":"Gash","floor":6.0,"key":"SMITH"},{"floor":8.0,"key":"DIG"},{"floor":10.0,"key":"REST"},{"floor":15.0,"key":"DIG"},{"floor":24.0,"key":"REST"},{"floor":32.0,"key":"DIG"},{"floor":40.0,"key":"DIG"},{"floor":49,"key":"DIG"}],"circlet_count":0,"master_deck":["Defend_B","Defend_B","Gash+1","Reprogram+1","Hyperbeam+1"],"relics":["Cracked Core","Shovel","Pen Nib","Letter Opener","Toxic Egg 2","Vajra","Nuclear Battery","Membership Card","DataDisk","Tiny Chest","Centennial Puzzle","Whetstone","Boot","Singing Bowl","Fusion Hammer","White Beast Statue","Anchor","Pear","Ice Cream","Akabeko","Bag of Preparation"],"acts_visited":["Exordium","TheCity","TheBeyond"],"potions_floor_usage":[46,50,50,50],"damage_taken":[{"damage":1.0,"enemies":"Jaw Worm","floor":1.0,"turns":3.0},{"damage":1.0,"enemies":"Cultist","floor":2.0,"turns":4.0},{"damage":0.0,"enemies":"2 Louse","floor":4.0,"turns":2.0},{"damage":1.0,"enemies":"Exordium Thugs","floor":5.0,"turns":4.0},{"damage":17.0,"enemies":"Lagavulin","floor":7.0,"turns":8.0},{"damage":1.0,"enemies":"Exordium Wildlife","floor":12.0,"turns":3.0},{"damage":13.0,"enemies":"3 Sentries","floor":13.0,"turns":5.0},{"damage":2.0,"enemies":"2 Fungi Beasts","floor":14.0,"turns":3.0},{"damage":59.0,"enemies":"Hexaghost","floor":16.0,"turns":11.0},{"damage":20.0,"enemies":"2 Thieves","floor":18.0,"turns":3.0},{"damage":7.0,"enemies":"Shell Parasite","floor":19.0,"turns":10.0},{"damage":19.0,"enemies":"Book of Stabbing","floor":23.0,"turns":7.0},{"damage":0.0,"enemies":"Gremlin Leader","floor":25.0,"turns":4.0},{"damage":14.0,"enemies":"Snake Plant","floor":27.0,"turns":3.0},{"damage":12.0,"enemies":"Centurion and Healer","floor":28.0,"turns":2.0},{"damage":0.0,"enemies":"Sentry and Sphere","floor":29.0,"turns":3.0},{"damage":29.0,"enemies":"Shelled Parasite and Fungi","floor":30.0,"turns":5.0},{"damage":2.0,"enemies":"Champ","floor":33.0,"turns":17.0},{"damage":0.0,"enemies":"Orb Walker","floor":35.0,"turns":3.0},{"damage":0.0,"enemies":"3 Shapes","floor":37.0,"turns":2.0},{"damage":15.0,"enemies":"Writhing Mass","floor":39.0,"turns":6.0},{"damage":3.0,"enemies":"3 Darklings","floor":42.0,"turns":3.0},{"damage":0.0,"enemies":"Mind Bloom Boss Battle","floor":44.0,"turns":3.0},{"damage":23.0,"enemies":"Maw","floor":45.0,"turns":6.0},{"damage":0,"enemies":"Nemesis","floor":46,"turns":2},{"damage":0,"enemies":"Giant Head","floor":48,"turns":6},{"damage":1,"enemies":"Awakened One","floor":50,"turns":13}],"seed_played":"1970947644314702731","potions_obtained":[{"floor":7.0,"key":"Regen Potion"},{"floor":12.0,"key":"SkillPotion"},{"floor":13.0,"key":"Fire Potion"},{"floor":19.0,"key":"PowerPotion"},{"floor":25.0,"key":"Fire Potion"},{"floor":27.0,"key":"Regen Potion"},{"floor":30.0,"key":"SmokeBomb"},{"floor":37.0,"key":"Dexterity Potion"},{"floor":42.0,"key":"DistilledChaos"},{"floor":45.0,"key":"DuplicationPotion"},{"floor":48,"key":"LiquidMemories"}],"is_trial":false,"path_per_floor":["M","M","?","M","M","R","E","R","T","R","?","M","E","M","R","B",null,"M","M","$","?","?","E","R","E","T","M","M","M","M","$","R","B",null,"M","$","M","T","M","R","$","M","T","?","M","E","$","E","R","B",null],"character_chosen":"DEFECT","items_purchased":["Membership Card","DataDisk","Tiny Chest","AttackPotion","Block Potion"],"campfire_rested":2,"item_purchase_floors":[20,20,20,31,47],"current_hp_per_floor":[74,73,73,73,72,72,55,55,55,75,68,67,54,52,52,8,75,55,48,48,48,48,36,58,65,65,58,53,60,38,38,38,60,77,79,79,81,81,75,75,75,81,91,97,83,90,90,92,92,91],"gold":83,"neow_bonus":"REMOVE_TWO","is_daily":false,"chose_seed":false,"campfire_upgraded":1,"win_rate":0.0,"timestamp":1613773289,"path_taken":["M","M","?","M","?","R","E","R","T","R","?","M","E","M","R","BOSS","M","M","$","?","?","E","R","E","T","M","M","M","?","$","R","BOSS","M","$","M","?","M","R","$","M","T","?","M","E","$","E","R","BOSS"],"items_purchased_type":["Relic","Relic","Relic","Potion","Potion"],"build_version":"2020-12-18","purchased_purges":5,"victory":true,"max_hp_per_floor":[75,75,75,75,75,75,75,75,75,75,75,75,75,75,75,75,75,75,75,75,75,75,75,75,75,75,75,75,75,75,75,75,77,77,79,79,81,81,83,83,83,85,95,97,99,99,99,101,101,101],"relic_stats":{"Centennial Puzzle":[24],"Shovel":5,"Singing Bowl":16,"counters":[27,141],"Tiny Chest":1,"Pen Nib":[12],"Bag of Preparation":[0],"Letter Opener":[394],"Whetstone":["Hyperbeam"],"Boot":[0],"obtain_stats":[{"Ice Cream":44,"Pear":43,"Singing Bowl":32,"Vajra":15,"Pen Nib":8,"Bag of Preparation":49,"Letter Opener":9,"Whetstone":25,"Boot":26,"White Beast Statue":38,"Akabeko":48,"Nuclear Battery":17,"DataDisk":20,"Centennial Puzzle":23,"Anchor":40,"Shovel":7,"Tiny Chest":20,"Fusion Hammer":34,"Membership Card":20,"Toxic Egg 2":13,"Cracked Core":0},{"Ice Cream":23,"Pear":22,"Singing Bowl":17,"Vajra":8,"Pen Nib":5,"Bag of Preparation":26,"Letter Opener":5,"Whetstone":13,"Boot":13,"White Beast Statue":20,"Akabeko":26,"Nuclear Battery":9,"DataDisk":11,"Centennial Puzzle":12,"Anchor":21,"Shovel":5,"Tiny Chest":11,"Fusion Hammer":18,"Membership Card":11,"Toxic Egg 2":7,"Cracked Core":0},{"Ice Cream":114,"Pear":111,"Singing Bowl":80,"Vajra":32,"Pen Nib":21,"Bag of Preparation":128,"Letter Opener":21,"Whetstone":67,"Boot":67,"White Beast Statue":102,"Akabeko":128,"Nuclear Battery":43,"DataDisk":56,"Centennial Puzzle":63,"Anchor":108,"Shovel":21,"Tiny Chest":56,"Fusion Hammer":97,"Membership Card":56,"Toxic Egg 2":29,"Cracked Core":0}]},"card_choices":[{"not_picked":["Sweeping Beam","Rebound","Cold Snap"],"picked":"SKIP","floor":1.0},{"not_picked":["Ball Lightning","Cold Snap","Melter"],"picked":"SKIP","floor":2.0},{"not_picked":["Auto Shields","Sweeping Beam"],"picked":"Gash","floor":4.0},{"not_picked":["Undo","Force Field","Turbo"],"picked":"SKIP","floor":5.0},{"not_picked":["Compile Driver","Core Surge","Leap"],"picked":"SKIP","floor":7.0},{"not_picked":["Barrage","Conserve Battery","Hologram"],"picked":"SKIP","floor":12.0},{"not_picked":["BootSequence+1","Redo+1"],"picked":"Reprogram+1","floor":13.0},{"not_picked":["Force Field+1","Ball Lightning","Streamline"],"picked":"SKIP","floor":14.0},{"not_picked":["Multi-Cast+1","Reboot+1"],"picked":"Electrodynamics","floor":16.0},{"not_picked":["Coolheaded+1","Ball Lightning+1","Turbo+1"],"picked":"SKIP","floor":18.0},{"not_picked":["Streamline","Hologram+1","Compile Driver"],"picked":"SKIP","floor":19.0},{"not_picked":["Barrage","Sweeping Beam","Turbo+1"],"picked":"SKIP","floor":23.0},{"not_picked":["Double Energy+1","Auto Shields+1"],"picked":"Hyperbeam","floor":25.0},{"not_picked":["Conserve Battery+1","Cold Snap","Loop"],"picked":"SKIP","floor":27.0},{"not_picked":["Cold Snap","Steam+1","Skim+1"],"picked":"SKIP","floor":28.0},{"not_picked":["Reprogram+1","Static Discharge","Melter"],"picked":"SKIP","floor":29.0},{"not_picked":["Compile Driver","Hologram+1","Double Energy+1"],"picked":"SKIP","floor":30.0},{"not_picked":["Core Surge","All For One","Amplify+1"],"picked":"Singing Bowl","floor":33.0},{"not_picked":["Sweeping Beam","Compile Driver","Rebound+1"],"picked":"Singing Bowl","floor":35.0},{"not_picked":["Capacitor","Barrage","Turbo+1"],"picked":"Singing Bowl","floor":37.0},{"not_picked":["Redo+1","Stack+1","Rebound+1"],"picked":"Singing Bowl","floor":39.0},{"not_picked":["Go for the Eyes+1","Scrape","Streamline+1"],"picked":"Singing Bowl","floor":42.0},{"not_picked":["Redo+1","Genetic Algorithm+1","Loop+1"],"picked":"Singing Bowl","floor":44.0},{"not_picked":["Auto Shields+1","Rainbow+1","Conserve Battery+1"],"picked":"Singing Bowl","floor":45.0},{"not_picked":["Lockon","Reprogram+1","Capacitor+1"],"picked":"Singing Bowl","floor":48}],"player_experience":436071,"relics_obtained":[{"floor":7.0,"key":"Shovel"},{"floor":8.0,"key":"Pen Nib"},{"floor":9.0,"key":"Letter Opener"},{"floor":13.0,"key":"Toxic Egg 2"},{"floor":15.0,"key":"Vajra"},{"floor":23.0,"key":"Centennial Puzzle"},{"floor":25.0,"key":"Whetstone"},{"floor":26.0,"key":"Boot"},{"floor":32.0,"key":"Singing Bowl"},{"floor":38.0,"key":"White Beast Statue"},{"floor":40.0,"key":"Anchor"},{"floor":43.0,"key":"Pear"},{"floor":44.0,"key":"Ice Cream"},{"floor":48,"key":"Akabeko"},{"floor":49,"key":"Bag of Preparation"}],"event_choices":[{"cards_removed":["Strike_B"],"damage_healed":0.0,"max_hp_gain":0.0,"max_hp_loss":0.0,"gold_gain":0.0,"event_name":"Wheel of Change","player_choice":"Card Removal","floor":3.0,"gold_loss":0.0,"damage_taken":0.0},{"cards_removed":["Strike_B"],"damage_healed":0.0,"max_hp_gain":0.0,"max_hp_loss":0.0,"gold_gain":0.0,"event_name":"Golden Wing","player_choice":"Card Removal","floor":11.0,"gold_loss":0.0,"damage_taken":7.0},{"damage_healed":0.0,"max_hp_gain":0.0,"max_hp_loss":0.0,"gold_gain":0.0,"cards_transformed":["Defend_B","Defend_B"],"event_name":"Drug Dealer","player_choice":"Became Test Subject","floor":21.0,"gold_loss":0.0,"damage_taken":0.0,"cards_obtained":["Self Repair","White Noise"]},{"damage_healed":0.0,"max_hp_gain":0.0,"max_hp_loss":0.0,"gold_gain":0.0,"event_name":"NoteForYourself","player_choice":"Ignored","floor":22.0,"gold_loss":0.0,"damage_taken":0.0},{"damage_healed":0.0,"max_hp_gain":0.0,"max_hp_loss":0.0,"gold_gain":0.0,"event_name":"MindBloom","player_choice":"Fight","floor":44.0,"gold_loss":0.0,"damage_taken":0.0}],"is_beta":true,"boss_relics":[{"not_picked":["Snecko Eye","Runic Dome"],"picked":"Nuclear Battery"},{"not_picked":["Sozu","Cursed Key"],"picked":"Fusion Hammer"}],"items_purged_floors":[20,31,36,41,47],"is_endless":false,"potions_floor_spawned":[7,12,13,19,25,27,30,37,39,42,44,45,46,48],"ascension_level":1}}