{"host":"st1kg310ms6sytc5","time":1613737189,"event":{"mods":["ATMod(°¢èªMod)","Act Like it!","BaseMod","Bossed Relics","CapriCore","Gensokyo","Minty Spire (QoL Compilation)","StSLib","SuperFastMode","Wide Potions","Yakumo Yukari mod","¡¾ÒÅÎï¿¨ÅÆ¡¿REMEMod"],"gold_per_floor":[133,151,5,23,23,55,55,391,414,483,483,483,523,585,585,771,771,806,837,366,393,396,396],"floor_reached":22,"language":"ZHS","playtime":744,"items_purged":["AT_purpleEX"],"score":462,"play_id":"5c878ee5-5eae-46dd-8129-29db82650e42","local_time":"20210219201949","is_ascension_mode":true,"campfire_choices":[{"data":"AT_DivineConfetti","floor":12.0,"key":"SMITH"},{"data":"Umbrella_purple","floor":15.0,"key":"SMITH"}],"circlet_count":0,"master_deck":["AscendersBane","AT_purpleEX","AT_purpleEX","AT_purpleEX","Defend_purpleEX","Defend_purpleEX","Defend_purpleEX","Defend_purpleEX","Observe_purple_1","Observe_purple_2","AT_DivineConfetti+1","Bloodletting","Worldmountain_purple","Umbrella_purple+1","Anti_communist_purple","WangLiang_LineAndCurveDreams_purple"],"relics":["Boundary_crack","Memoryfragments_purpleEX","AT_ATBox","REME_ComplimentaryCards","NeowsBlessing","ClockworkSouvenir","PreservedInsect","Dream Catcher","Golden Idol","Old Coin","AT_SunfireAegis","Anchor","REME_ArchaeologicalTools","Ancient Tea Set","Pandora\u0027s Box","Medical Kit","Sundial"],"acts_visited":["Exordium","TheCity"],"potions_floor_usage":[],"damage_taken":[{"damage":0.0,"enemies":"Jaw Worm","floor":1.0,"turns":2.0},{"damage":0.0,"enemies":"2 Louse","floor":2.0,"turns":2.0},{"damage":0.0,"enemies":"Small Slimes","floor":4.0,"turns":1.0},{"damage":27.0,"enemies":"3 Sentries","floor":6.0,"turns":3.0},{"damage":8.0,"enemies":"Lagavulin","floor":8.0,"turns":4.0},{"damage":12.0,"enemies":"Gremlin Nob","floor":10.0,"turns":3.0},{"damage":0.0,"enemies":"Blue Slaver","floor":13.0,"turns":1.0},{"damage":10.0,"enemies":"3 Sentries","floor":14.0,"turns":3.0},{"damage":0.0,"enemies":"Slime Boss","floor":16.0,"turns":5.0},{"damage":16,"enemies":"2 Thieves","floor":18,"turns":3},{"damage":0,"enemies":"3 Byrds","floor":19,"turns":2},{"damage":24,"enemies":"Snake Plant","floor":21,"turns":5},{"damage":11,"enemies":"Centurion and Healer","floor":22,"turns":2}],"seed_played":"-5743110166399754752","potions_obtained":[{"floor":2.0,"key":"SteroidPotion"},{"floor":8.0,"key":"REME_GoldPotion"},{"floor":10.0,"key":"GamblersBrew"},{"floor":14.0,"key":"SpeedPotion"},{"floor":16.0,"key":"Ancient Potion"}],"is_trial":false,"path_per_floor":["M","M","$","M","?","E","?","E","T","E","T","R","M","E","R","B",null,"M","M","$","M","M"],"character_chosen":"Youkari","items_purchased":["ClockworkSouvenir","Medical Kit","Sundial"],"campfire_rested":0,"item_purchase_floors":[3,20,20],"current_hp_per_floor":[64,65,65,66,54,28,28,21,21,10,10,10,11,2,2,4,50,36,38,38,17,6,6],"gold":396,"neow_bonus":"THREE_ENEMY_KILL","is_daily":false,"chose_seed":false,"campfire_upgraded":2,"win_rate":0.0,"timestamp":1613737189,"path_taken":["M","M","$","M","?","E","?","E","T","E","?","R","M","E","R","BOSS","M","M","$","M","M"],"items_purchased_type":["Relic","Relic","Relic"],"build_version":"2020-12-22","purchased_purges":1,"victory":false,"max_hp_per_floor":[70,70,70,70,70,70,65,65,65,65,65,65,65,65,65,65,65,65,65,65,65,65,65],"card_choices":[{"not_picked":["Charmbait_purple","Boundary_DreamRealityDamnation_purple"],"picked":"Worldmountain_purple","floor":1.0},{"not_picked":["Shallow_ocean_purpleEX","MetroBOOM_purple","Charmbait_purple"],"picked":"SKIP","floor":2.0},{"not_picked":["Boundary_DynamicStaticEquilibrium_purple","RuleDissolution_purple"],"picked":"Umbrella_purple","floor":4.0},{"not_picked":["PurpleNeedle_purple","Line_surface_state_purple","Fancifulhole_purple"],"picked":"SKIP","floor":6.0},{"not_picked":["Mirror_FormAndEmptin_purple","Extrememeaning_purpleEX"],"picked":"Anti_communist_purple","floor":8.0},{"not_picked":["EighthInstrument_OneDividesIntoTwo_purple","Mirror_WaveAndshot_purple","MeetDecomposer_purple"],"picked":"SKIP","floor":10.0},{"not_picked":["SfantasyHide_purple","AdvanceAttack_purple","Charmbait_purple"],"picked":"SKIP","floor":13.0},{"not_picked":["SharpContractionReality_purple","Realm_recovery_purpleEX","Bait_HighSpeedFlying_purple"],"picked":"SKIP","floor":14.0},{"not_picked":["UniverseChoice_purple","ContainerChange_purple"],"picked":"WangLiang_LineAndCurveDreams_purple","floor":16.0},{"not_picked":["WingOfChimera_purple","Realm_recovery_purpleEX","SharpContractionReality_purple"],"picked":"SKIP","floor":18},{"not_picked":["WingOfChimera_purple","Realm_recovery_purpleEX","SharpContractionReality_purple"],"picked":"SKIP","floor":18},{"not_picked":["ExistenceContinue_purple","SharpContractionReality_purple","Charmbait_purple"],"picked":"SKIP","floor":19},{"not_picked":["AdvanceAttack_purple","Line_surface_state_purple","WasteWire_Metro_purple"],"picked":"SKIP","floor":21}],"player_experience":1439124,"relics_obtained":[{"floor":6.0,"key":"Dream Catcher"},{"floor":8.0,"key":"Old Coin"},{"floor":9.0,"key":"AT_SunfireAegis"},{"floor":10.0,"key":"Anchor"},{"floor":11.0,"key":"REME_ArchaeologicalTools"},{"floor":14.0,"key":"Ancient Tea Set"}],"event_choices":[{"damage_healed":0.0,"max_hp_gain":0.0,"max_hp_loss":0.0,"gold_gain":0.0,"event_name":"Scrap Ooze","player_choice":"Success","floor":5.0,"gold_loss":0.0,"damage_taken":12.0,"relics_obtained":["PreservedInsect"]},{"damage_healed":0.0,"max_hp_gain":0.0,"max_hp_loss":5.0,"gold_gain":0.0,"event_name":"Golden Idol","player_choice":"Lose Max HP","floor":7.0,"gold_loss":0.0,"damage_taken":0.0,"relics_obtained":["Golden Idol"]}],"is_beta":false,"boss_relics":[{"not_picked":["Snecko Eye","REME_DuelDisc"],"picked":"Pandora\u0027s Box"}],"items_purged_floors":[20],"is_endless":false,"potions_floor_spawned":[2,8,10,14,16,21],"killed_by":"Centurion and Healer","ascension_level":12}}