{"host":"cijhj3091wf4aho3","time":1613713833,"event":{"mods":["BaseMod","Colored Map","Colored Powertips","Downfall","Friendly Minions","GifTheSpireLib","Highlight Path","Minty Spire (QoL Compilation)","Permanent Neow","Random Character Button","Relic Sorter","Relic Stats","StSLib","everything is the same but u backflip on backflip","slay the spire mod where everything is the same but ironclad has a cowboy hat"],"gold_per_floor":[99,116,132,144,144,156,156,66,66,100,85,117,117,2,19,120,120,120,134,148,161,177,210,210,238,338,338,356,116,131,164,182,285,285,85,104,122,122,140,173,196,224,237,87,97,143,157,157,168,168],"floor_reached":51,"language":"ENG","playtime":3932,"items_purged":["downfall:Malfunctioning","bronze:Strike","bronze:Strike","bronze:Strike+1"],"score":1398,"play_id":"9fb175cd-2c59-45be-9100-ee4be25a174c","local_time":"20210218215033","is_ascension_mode":true,"campfire_choices":[{"data":"bronze:Goto","floor":1.0,"key":"SMITH"},{"floor":9.0,"key":"REST"},{"data":"bronze:TinkerersToolbox","floor":13.0,"key":"SMITH"},{"data":"bronze:Format","floor":18.0,"key":"SMITH"},{"floor":35,"key":"RECALL"}],"circlet_count":0,"master_deck":["bronze:Strike+1","bronze:Defend","bronze:Defend","bronze:Defend+1","bronze:Defend","bronze:Replicate","bronze:Goto+1","bronze:Virus","bronze:Format+1","bronze:InfiniteBeams","bronze:TinkerersToolbox+1","CurseOfTheBell"],"relics":["bronze:BronzeCore","Ornamental Fan","Mummified Hand","Oddly Smooth Stone","Black Star","Omamori","Pantograph","bronze:Mallet","Bottled Flame","Incense Burner","Frozen Egg 2","Lee\u0027s Waffle","Unceasing Top","Kunai","Art of War","Busted Crown","downfall:HeartBlessingGreen","downfall:HeartBlessingBlue","Thread and Needle","Lantern","Blood Vial","Toxic Egg 2","Guardian:GemstoneGun","Gambling Chip","downfall:ExtraCursedBell","bronze:BronzeIdol","Shuriken","Ginger"],"acts_visited":["Exordium","TheCity","TheBeyond"],"potions_floor_usage":[],"damage_taken":[{"damage":0.0,"enemies":"Cultist","floor":2.0,"turns":3.0},{"damage":2.0,"enemies":"Jaw Worm","floor":3.0,"turns":3.0},{"damage":1.0,"enemies":"2 Louse","floor":4.0,"turns":3.0},{"damage":26.0,"enemies":"Exordium Thugs","floor":6.0,"turns":4.0},{"damage":0.0,"enemies":"downfall:FleeingMerchant","floor":8.0,"turns":4.0},{"damage":0.0,"enemies":"Gremlin Nob","floor":10.0,"turns":3.0},{"damage":0.0,"enemies":"downfall:FleeingMerchant","floor":11.0,"turns":4.0},{"damage":0.0,"enemies":"Lagavulin","floor":12.0,"turns":4.0},{"damage":0.0,"enemies":"downfall:FleeingMerchant","floor":14.0,"turns":4.0},{"damage":0.0,"enemies":"Large Slime","floor":15.0,"turns":5.0},{"damage":0.0,"enemies":"DF_ARCHETYPE_STREAMLINE","floor":16.0,"turns":5.0},{"damage":0.0,"enemies":"Spheric Guardian","floor":19.0,"turns":3.0},{"damage":0.0,"enemies":"3 Byrds","floor":20.0,"turns":4.0},{"damage":8.0,"enemies":"3 Cultists","floor":21.0,"turns":6.0},{"damage":0.0,"enemies":"Snake Plant","floor":22.0,"turns":6.0},{"damage":12.0,"enemies":"Book of Stabbing","floor":23.0,"turns":5.0},{"damage":18.0,"enemies":"Gremlin Leader","floor":25.0,"turns":5.0},{"damage":0.0,"enemies":"Colosseum Nobs","floor":26.0,"turns":5.0},{"damage":0.0,"enemies":"Centurion and Healer","floor":28.0,"turns":5.0},{"damage":9.0,"enemies":"downfall:FleeingMerchant","floor":29.0,"turns":3.0},{"damage":6.0,"enemies":"Shelled Parasite and Fungi","floor":30.0,"turns":3.0},{"damage":17.0,"enemies":"Slavers","floor":31.0,"turns":8.0},{"damage":7.0,"enemies":"Snake Plant","floor":32.0,"turns":6.0},{"damage":0,"enemies":"SI_MIRROR_ARCHETYPE","floor":33,"turns":7},{"damage":0,"enemies":"3 Darklings","floor":36,"turns":2},{"damage":0,"enemies":"Orb Walker","floor":37,"turns":2},{"damage":11,"enemies":"Writhing Mass","floor":39,"turns":9},{"damage":0,"enemies":"Giant Head","floor":40,"turns":4},{"damage":0,"enemies":"Nemesis","floor":42,"turns":5},{"damage":14,"enemies":"Maw","floor":43,"turns":4},{"damage":0,"enemies":"3 Darklings","floor":45,"turns":2},{"damage":0,"enemies":"2 Orb Walkers","floor":46,"turns":3},{"damage":0,"enemies":"Transient","floor":47,"turns":5},{"damage":0,"enemies":"Writhing Mass","floor":49,"turns":2},{"damage":12,"enemies":"IC_BLOCK_ARCHETYPE","floor":50,"turns":5}],"seed_played":"619444297479915900","potions_obtained":[{"floor":3.0,"key":"Energy Potion"},{"floor":6.0,"key":"Block Potion"},{"floor":10.0,"key":"Energy Potion"},{"floor":19.0,"key":"Fruit Juice"},{"floor":20.0,"key":"SkillPotion"},{"floor":26.0,"key":"DuplicationPotion"},{"floor":28.0,"key":"Guardian:BlockOnCardUsePotion"},{"floor":30.0,"key":"EntropicBrew"}],"is_trial":false,"path_per_floor":["R","M","M","M","?","M","T","$","R","E","$","E","R","$","M","B",null,"R","M","M","M","M","E","T","E","?","?","M","$","M","E","M","B",null,"R","M","M","$","M","E","T","E","M","$","M","?","M","?","M","B",null],"character_chosen":"THE_AUTOMATON","items_purchased":["Lee\u0027s Waffle","Unceasing Top"],"campfire_rested":1,"item_purchase_floors":[29,29],"current_hp_per_floor":[49,49,47,46,46,20,20,20,41,41,41,41,41,41,41,41,63,63,68,68,60,60,48,48,30,30,30,30,82,76,59,52,77,81,91,91,91,91,80,80,80,82,70,70,72,74,76,76,78,80],"gold":168,"neow_bonus":"THREE_RARE_CARDS","is_daily":false,"chose_seed":false,"campfire_upgraded":3,"win_rate":0.0,"timestamp":1613713833,"path_taken":["R","M","M","?","?","M","T","$","R","E","$","E","R","?","M","BOSS","R","M","M","M","M","E","T","E","?","?","M","$","M","E","M","BOSS","R","M","M","$","M","E","T","E","M","$","M","?","M","?","M","BOSS"],"items_purchased_type":["Relic","Relic"],"build_version":"2020-12-22","purchased_purges":4,"victory":true,"max_hp_per_floor":[70,70,70,70,70,70,70,70,70,70,70,70,70,70,70,70,70,70,75,75,75,75,75,75,75,75,75,75,82,82,82,82,82,82,92,92,92,92,92,92,92,92,92,92,92,92,92,92,92,92],"relic_stats":{"Lee\u0027s Waffle":61,"counters":[35,151],"Ginger":[6],"Blood Vial":14,"Busted Crown":20,"Ornamental Fan":[964],"Mummified Hand":[28],"Shuriken":[18],"Pantograph":37,"Gambling Chip":[5],"Black Star":5,"Art of War":[0],"Kunai":[137],"obtain_stats":[{"Lantern":40,"bronze:BronzeCore":0,"downfall:HeartBlessingGreen":35,"Incense Burner":26,"bronze:Mallet":25,"Ginger":48,"Blood Vial":41,"Mummified Hand":10,"downfall:HeartBlessingBlue":35,"Pantograph":23,"Gambling Chip":46,"Kunai":31,"Toxic Egg 2":42,"downfall:ExtraCursedBell":48,"Lee\u0027s Waffle":29,"Guardian:GemstoneGun":42,"Oddly Smooth Stone":12,"Thread and Needle":40,"Omamori":23,"Frozen Egg 2":26,"bronze:BronzeIdol":48,"Bottled Flame":25,"Busted Crown":34,"Ornamental Fan":7,"Shuriken":48,"Black Star":17,"Art of War":31,"Unceasing Top":29},{"Lantern":28,"bronze:BronzeCore":0,"downfall:HeartBlessingGreen":24,"Incense Burner":18,"bronze:Mallet":17,"Ginger":33,"Blood Vial":28,"Mummified Hand":6,"downfall:HeartBlessingBlue":24,"Pantograph":16,"Gambling Chip":32,"Kunai":22,"Toxic Egg 2":29,"downfall:ExtraCursedBell":33,"Lee\u0027s Waffle":20,"Guardian:GemstoneGun":29,"Oddly Smooth Stone":8,"Thread and Needle":28,"Omamori":16,"Frozen Egg 2":18,"bronze:BronzeIdol":33,"Bottled Flame":17,"Busted Crown":24,"Ornamental Fan":4,"Shuriken":33,"Black Star":11,"Art of War":22,"Unceasing Top":20},{"Lantern":125,"bronze:BronzeCore":0,"downfall:HeartBlessingGreen":108,"Incense Burner":76,"bronze:Mallet":71,"Ginger":144,"Blood Vial":125,"Mummified Hand":20,"downfall:HeartBlessingBlue":108,"Pantograph":66,"Gambling Chip":139,"Kunai":95,"Toxic Egg 2":130,"downfall:ExtraCursedBell":144,"Lee\u0027s Waffle":84,"Guardian:GemstoneGun":130,"Oddly Smooth Stone":28,"Thread and Needle":125,"Omamori":66,"Frozen Egg 2":76,"bronze:BronzeIdol":144,"Bottled Flame":71,"Busted Crown":108,"Ornamental Fan":13,"Shuriken":144,"Black Star":42,"Art of War":95,"Unceasing Top":84}],"Unceasing Top":[61]},"card_choices":[{"not_picked":["bronze:Assembly","bronze:Verify"],"picked":"bronze:Virus","floor":0.0},{"not_picked":["bronze:Branch","bronze:BugBarrage","bronze:Deprecate"],"picked":"SKIP","floor":2.0},{"not_picked":["bronze:Invalidate","bronze:Overheat","bronze:DelayedSlice"],"picked":"SKIP","floor":3.0},{"not_picked":["bronze:Invalidate","bronze:Refactor","bronze:Fortify"],"picked":"SKIP","floor":4.0},{"not_picked":["bronze:DarkDash","bronze:DigitalCarnage","bronze:OilSpill"],"picked":"SKIP","floor":6.0},{"not_picked":["bronze:Return","bronze:Deprecate"],"picked":"bronze:Format","floor":8.0},{"not_picked":["bronze:Overheat","bronze:AlphaBuild","bronze:Separator"],"picked":"SKIP","floor":10.0},{"not_picked":["bronze:Constructor","bronze:Branch"],"picked":"bronze:InfiniteBeams","floor":11.0},{"not_picked":["bronze:Branch","bronze:WhirlingStrike"],"picked":"bronze:TinkerersToolbox","floor":12.0},{"not_picked":["bronze:Iterate","bronze:Invalidate","bronze:TinkerersToolbox"],"picked":"SKIP","floor":14.0},{"not_picked":["bronze:BitShift","bronze:WhirlingStrike","bronze:Overheat"],"picked":"SKIP","floor":15.0},{"not_picked":["bronze:ForLoop","bronze:CloningBeam","bronze:Iterate"],"picked":"SKIP","floor":19.0},{"not_picked":["bronze:CutThrough","bronze:ClassDefault","bronze:Allocate+1"],"picked":"SKIP","floor":20.0},{"not_picked":["bronze:Boost+1","bronze:BuggyMess","bronze:Iterate+1"],"picked":"SKIP","floor":21.0},{"not_picked":["bronze:OilSpill","bronze:BitShift","bronze:BuggyMess+1"],"picked":"SKIP","floor":22.0},{"not_picked":["bronze:WhirlingStrike","bronze:DelayedGuard+1","bronze:MaxOutput"],"picked":"SKIP","floor":23.0},{"not_picked":["bronze:Backtrace","bronze:DelayedGuard","bronze:Iterate+1"],"picked":"SKIP","floor":25.0},{"not_picked":["bronze:MaxOutput+1","bronze:ClassDefault+1","bronze:DelayedGuard"],"picked":"SKIP","floor":28.0},{"not_picked":["bronze:DelayedGuard","bronze:Overload+1","bronze:Library+1"],"picked":"SKIP","floor":29.0},{"not_picked":["bronze:FollowUp","bronze:BuggyMess","bronze:DelayedSlice+1"],"picked":"SKIP","floor":30.0},{"not_picked":["bronze:Deprecate","bronze:Return+1","bronze:Branch"],"picked":"SKIP","floor":31.0},{"not_picked":["bronze:Constructor","bronze:CutThrough","bronze:Deprecate"],"picked":"SKIP","floor":32.0},{"not_picked":["bronze:Iterate"],"picked":"SKIP","floor":36},{"not_picked":["bronze:Shield+1"],"picked":"SKIP","floor":37},{"not_picked":["bronze:DelayedGuard"],"picked":"SKIP","floor":39},{"not_picked":["bronze:Overload"],"picked":"SKIP","floor":40},{"not_picked":["bronze:InfiniteLoop"],"picked":"SKIP","floor":42},{"not_picked":["bronze:Allocate+1"],"picked":"SKIP","floor":43},{"not_picked":["bronze:Fortify+1"],"picked":"SKIP","floor":45},{"not_picked":["bronze:Frontload+1"],"picked":"SKIP","floor":47},{"not_picked":["bronze:OilSpill+1"],"picked":"SKIP","floor":49}],"player_experience":600465,"relics_obtained":[{"floor":7.0,"key":"Ornamental Fan"},{"floor":10.0,"key":"Mummified Hand"},{"floor":12.0,"key":"Oddly Smooth Stone"},{"floor":23.0,"key":"Omamori"},{"floor":23.0,"key":"Pantograph"},{"floor":25.0,"key":"bronze:Mallet"},{"floor":25.0,"key":"Bottled Flame"},{"floor":26.0,"key":"Incense Burner"},{"floor":26.0,"key":"Frozen Egg 2"},{"floor":31.0,"key":"Kunai"},{"floor":31.0,"key":"Art of War"},{"floor":40,"key":"Thread and Needle"},{"floor":40,"key":"Lantern"},{"floor":41,"key":"Blood Vial"},{"floor":42,"key":"Toxic Egg 2"},{"floor":42,"key":"Guardian:GemstoneGun"},{"floor":46,"key":"Gambling Chip"},{"floor":48,"key":"bronze:BronzeIdol"},{"floor":48,"key":"Shuriken"},{"floor":48,"key":"Ginger"}],"event_choices":[{"damage_healed":0,"gold_gain":0,"player_choice":"Fight","damage_taken":0,"max_hp_gain":0,"max_hp_loss":0,"event_name":"Mysterious Sphere","floor":46,"gold_loss":0}],"is_beta":false,"boss_relics":[{"not_picked":["Cursed Key","Tiny House"],"picked":"Black Star"},{"not_picked":["Fusion Hammer","SlaversCollar"],"picked":"Busted Crown"}],"items_purged_floors":[8,14,29,44],"is_endless":false,"potions_floor_spawned":[3,6,10,12,16,19,20,26,28,30,39,42,47],"ascension_level":5}}