{"host":"h7xtspmc2x3i8s2i","time":1613697136,"event":{"mods":["2.2 Compatiblity","AchievementEnabler","Act Like it!","AlwaysNeverKeys","Aspiration","Astrologer","BaseMod","Bestiary","Better Altar","Better Match","Better Note","Better Sensory Stone","Better Skull","Better Third Choice","Better Vampires","Better-Laid Plans","Colored Map","Colored Powertips","Conjunction","Curses Come First","Defuse TimeMaze Blight","Dio Mod","Disable Question Mark Monsters","Dota2Spire","Downfall","EXCEPTION","Emptier Cage","Energized Spire","Evolution","Friendly Minions","GifTheSpireLib","Gold Saver","Gremlin Skip","Halation","Hubris","Hyrulean Relics","Jedi Mod","Key Reminder","Marked Mod","Minty Spire (QoL Compilation)","Permanent Neow","Potion Indicator Mod","Quick Restart","Random Character Button","Random Character Mod","Rare Cards Sparkle","Relic Filter","Relic Stats","Reliquary","Replay The Spire","SacredBarkPlus","Shop Mod","Smile Girya","Somnambulant","Spicy Shops","Spikes Relics","Spire Birthday Party","StSLib","Steal the Spire","Stuff the Spire","SuperFastMode","The Awakened One except there are too many feathers","The Blue Laboratory","The Cursed","The Death Knight","The Edgeheg","The Problem Sleuth","The Runesmith","The Wild Card","Trackpad","Transform Curses","Uncapped","Unceasing Turn Reminder","Virulent Crown","Wide Potions","everything is the same but u backflip on backflip","slay the spire mod where everything is the same but ironclad has a cowboy hat"],"gold_per_floor":[1471,1481,1481,1500,235,263,263,281,281,281,0,0,10,44,44,145,145,161,161,181,181,42,72,72,98,98,98,118,152,171,93,93,194,194,205,215,265,73,73,107,182,212,292,312,328,328,328,339,339,339,339,339,29,55,55],"floor_reached":56,"language":"ENG","playtime":2057,"items_purged":["Strike_R"],"score":2023,"play_id":"a5733bcd-4121-4323-ac73-aa5447619c0f","local_time":"20210218201216","is_ascension_mode":true,"campfire_choices":[{"floor":7,"key":"REST"},{"floor":10,"key":"REST"},{"floor":12,"key":"RECALL"},{"data":"Absolvement","floor":15,"key":"SMITH"},{"data":"Havoc","floor":24,"key":"SMITH"},{"data":"Havoc","floor":27,"key":"SMITH"},{"data":"hubris:SharpeningStone","floor":32,"key":"SMITH"},{"data":"Havoc","floor":49,"key":"SMITH"},{"data":"Magnetism","floor":52,"key":"SMITH"}],"circlet_count":0,"master_deck":["Bash","Thunderclap","StuffTheSpire:Incineration","Absolvement+1","Havoc+1","jedi:suffering","jedi:suffering","ReplayTheSpireMod:Uncanny Aura","jedi:cleanse","StuffTheSpire:Incineration","StuffTheSpire:RockThrow","jedi:controlledanger","Defy Death","Impervious","Fire Breathing","Dropkick","Power Through","Uppercut","Havoc+1","Juggernaut","hubris:SharpeningStone+1","jedi:controlledanger","jedi:MakeshiftSword","ReplayTheSpireMod:Strike From Hell","Warcry","ReplayTheSpireMod:Muscle Training","StuffTheSpire:RockThrow+1","StuffTheSpire:Slingshot","Fire Breathing","jedi:fear","Exhume","Cleave","jedi:MakeshiftSword","Armaments","Infernal Blade","Disarm","Run Through","jedi:collectorstrike","Body Slam","Havoc+1","Magnetism+1","ReplayTheSpireMod:Private Reserves","Discovery","Havoc+1","Havoc+1"],"relics":["Burning Blood","EVO:Axolotl","zeldaRelics:GreenHat","MerchantsRug","Happy Flower","Replay:Mystery Machine","Counterbalance","GolemAmulet","hubris:CrystalStatue","Dota2Spire:Dagon","Mummified Hand","OrangePellets","reliquary:JackalopeAntler","trackpad:FieryHotPepper","hubris:CuriousFeather","theSleuth:ElfEgg","ReplayTheSpireMod:ShopPack","Akabeko","theSleuth:Tectrixcalibur","trackpad:IceCube","reliquary:Firecrackers","hubris:Reverence","halation:PapillonHeart","hubris:AstralHammer","halation:PenCase"],"acts_visited":["Exordium","TheCity","TheBeyond","TheEnding"],"potions_floor_usage":[6,8,28,29,44,55,55],"damage_taken":[{"damage":8,"enemies":"2 Louse","floor":1,"turns":4},{"damage":0,"enemies":"Small Slimes","floor":2,"turns":3},{"damage":8,"enemies":"Jaw Worm","floor":4,"turns":4},{"damage":50,"enemies":"Lagavulin","floor":6,"turns":7},{"damage":20,"enemies":"Gremlin Gang","floor":8,"turns":3},{"damage":0,"enemies":"3 Sentries","floor":14,"turns":3},{"damage":0,"enemies":"Slime Boss","floor":16,"turns":4},{"damage":7,"enemies":"Shell Parasite","floor":18,"turns":2},{"damage":0,"enemies":"3 Byrds","floor":20,"turns":2},{"damage":0,"enemies":"Replay:Snechameleon","floor":23,"turns":2},{"damage":0,"enemies":"Book of Stabbing","floor":25,"turns":2},{"damage":0,"enemies":"Snake Plant","floor":28,"turns":2},{"damage":1,"enemies":"Gremlin Leader","floor":29,"turns":2},{"damage":0,"enemies":"Shelled Parasite and Fungi","floor":30,"turns":2},{"damage":1,"enemies":"Pondfish","floor":33,"turns":4},{"damage":0,"enemies":"3 Darklings","floor":35,"turns":1},{"damage":24,"enemies":"3 Shapes","floor":36,"turns":1},{"damage":0,"enemies":"2 Orb Walkers","floor":37,"turns":2},{"damage":1,"enemies":"Giant Head","floor":40,"turns":3},{"damage":0,"enemies":"Nemesis","floor":42,"turns":3},{"damage":0,"enemies":"Maw","floor":44,"turns":2},{"damage":0,"enemies":"Jaw Worm Horde","floor":45,"turns":1},{"damage":0,"enemies":"3 Darklings","floor":48,"turns":2},{"damage":1,"enemies":"Replay:Hell Engine","floor":50,"turns":3},{"damage":1,"enemies":"Shield and Spear","floor":54,"turns":2},{"damage":32,"enemies":"The Heart","floor":55,"turns":5}],"seed_played":"514289113019675235","potions_obtained":[{"floor":1,"key":"hexamod:SoulburnPotion"},{"floor":2,"key":"Cursed Concoction"},{"floor":6,"key":"DeathKnight:RimePotion"},{"floor":8,"key":"blueLaboratory:RememoryPotion"},{"floor":25,"key":"blueLaboratory:FruitPunch"},{"floor":28,"key":"PowerPotion"},{"floor":29,"key":"SpeedPotion"},{"floor":37,"key":"blueLaboratory:RememoryPotion"},{"floor":42,"key":"blueLaboratory:EmptyBottle"},{"floor":45,"key":"Reflective Coating"},{"floor":54,"key":"Conjunction:LightningMarble"}],"is_trial":false,"path_per_floor":["M","M","?","M","$","E","R","M","T","R","$","R","$","E","R","B",null,"M","?","M","?","$","E","R","E","T","R","M","E","M","$","R","B",null,"M","M","?","$","?","E","T","E","T","M","M","?","?","M","R","B",null,"R","$","E","B",null],"character_chosen":"IRONCLAD","items_purchased":["MerchantsRug","Absolvement","Havoc","jedi:suffering","Happy Flower","Replay:Mystery Machine","ReplayTheSpireMod:Uncanny Aura","jedi:cleanse","Counterbalance","jedi:controlledanger","Defy Death","Orrery","jedi:MakeshiftSword","OrangePellets","Fire Breathing","jedi:fear","ReplayTheSpireMod:ShopPack","Havoc","Akabeko","hubris:AstralHammer"],"campfire_rested":2,"item_purchase_floors":[5,5,5,5,5,5,5,5,5,11,11,11,22,22,31,31,38,38,38,53],"current_hp_per_floor":[79,82,83,82,83,40,67,54,55,83,84,85,86,93,94,96,97,97,98,100,101,102,103,104,105,106,107,110,111,112,113,114,115,116,117,100,107,108,109,115,116,123,124,126,127,128,123,124,128,129,130,134,135,136,111],"gold":55,"neow_bonus":"NOSTALGIA","is_daily":false,"chose_seed":false,"campfire_upgraded":6,"win_rate":0.0,"timestamp":1613697136,"path_taken":["M","M","?","M","$","E","R","M","T","R","$","R","$","E","R","BOSS","M","?","M","?","$","E","R","E","T","R","M","E","?","?","R","BOSS","M","M","?","$","?","E","?","E","T","M","?","?","?","M","R","BOSS","R","$","E","BOSS"],"items_purchased_type":["Relic","Card","Card","Card","Relic","Relic","Card","Card","Relic","Card","Card","Relic","Card","Relic","Card","Card","Relic","Card","Relic","Relic"],"build_version":"2020-12-22","purchased_purges":1,"victory":true,"max_hp_per_floor":[81,82,83,84,85,86,87,88,89,90,91,92,93,94,95,96,97,98,99,100,101,102,103,104,105,106,107,110,111,112,113,114,115,116,117,118,119,120,121,122,123,124,125,126,127,128,123,124,128,129,130,134,135,136,137],"relic_stats":{"OrangePellets":[20],"Happy Flower":[20],"counters":[26,71],"Mummified Hand":[102],"obtain_stats":[{"halation:PapillonHeart":47,"hubris:CrystalStatue":9,"trackpad:IceCube":40,"reliquary:Firecrackers":42,"theSleuth:ElfEgg":37,"EVO:Axolotl":0,"Replay:Mystery Machine":5,"Burning Blood":0,"hubris:Backtick":17,"theSleuth:Tectrixcalibur":39,"trackpad:FieryHotPepper":25,"Mummified Hand":17,"hubris:AstralHammer":53,"hubris:CuriousFeather":26,"zeldaRelics:GreenHat":0,"MerchantsRug":5,"halation:OrihimeAndHikoboshiSamaAndTears":29,"Happy Flower":5,"aspiration:Nostalgia":0,"Counterbalance":5,"Dota2Spire:Dagon":14,"Akabeko":38,"keyreminder:keyreminder":12,"reliquary:JackalopeAntler":23,"OrangePellets":22,"Orrery":11,"halation:PenCase":54,"Pandora\u0027s Box":34,"GolemAmulet":6,"ReplayTheSpireMod:ShopPack":38,"hubris:Reverence":43},{"halation:PapillonHeart":22,"hubris:CrystalStatue":5,"trackpad:IceCube":19,"reliquary:Firecrackers":20,"theSleuth:ElfEgg":18,"EVO:Axolotl":0,"Replay:Mystery Machine":3,"Burning Blood":0,"hubris:Backtick":7,"theSleuth:Tectrixcalibur":18,"trackpad:FieryHotPepper":11,"Mummified Hand":7,"hubris:AstralHammer":24,"hubris:CuriousFeather":11,"zeldaRelics:GreenHat":0,"MerchantsRug":3,"halation:OrihimeAndHikoboshiSamaAndTears":13,"Happy Flower":3,"aspiration:Nostalgia":0,"Counterbalance":3,"Dota2Spire:Dagon":6,"Akabeko":18,"keyreminder:keyreminder":5,"reliquary:JackalopeAntler":10,"OrangePellets":9,"Orrery":5,"halation:PenCase":25,"Pandora\u0027s Box":15,"GolemAmulet":4,"ReplayTheSpireMod:ShopPack":18,"hubris:Reverence":20},{"halation:PapillonHeart":59,"hubris:CrystalStatue":21,"trackpad:IceCube":53,"reliquary:Firecrackers":56,"theSleuth:ElfEgg":50,"EVO:Axolotl":0,"Replay:Mystery Machine":11,"Burning Blood":0,"hubris:Backtick":28,"theSleuth:Tectrixcalibur":50,"trackpad:FieryHotPepper":36,"Mummified Hand":28,"hubris:AstralHammer":64,"hubris:CuriousFeather":36,"zeldaRelics:GreenHat":0,"MerchantsRug":11,"halation:OrihimeAndHikoboshiSamaAndTears":40,"Happy Flower":11,"aspiration:Nostalgia":0,"Counterbalance":11,"Dota2Spire:Dagon":24,"Akabeko":50,"keyreminder:keyreminder":21,"reliquary:JackalopeAntler":34,"OrangePellets":32,"Orrery":21,"halation:PenCase":66,"Pandora\u0027s Box":46,"GolemAmulet":18,"ReplayTheSpireMod:ShopPack":50,"hubris:Reverence":56}],"Burning Blood":75},"card_choices":[{"not_picked":["Massacre","Life Link"],"picked":"Thunderclap","floor":1},{"not_picked":["Thunderclap","jedi:fear"],"picked":"StuffTheSpire:Incineration","floor":2},{"not_picked":["Battle Trance","Headbutt","StuffTheSpire:RockThrow"],"picked":"SKIP","floor":4},{"not_picked":["ReplayTheSpireMod:Limb From Limb","Flex"],"picked":"StuffTheSpire:Incineration","floor":6},{"not_picked":["Flex","Body Slam"],"picked":"StuffTheSpire:RockThrow","floor":8},{"not_picked":["Headbutt","Replay:Undeath\u0027s Touch"],"picked":"Impervious","floor":11},{"not_picked":["Spot Weakness","StuffTheSpire:Slingshot"],"picked":"Fire Breathing","floor":11},{"not_picked":["Dual Wield","Absolvement"],"picked":"Dropkick","floor":11},{"not_picked":["Wild Strike","Second Wind"],"picked":"Power Through","floor":11},{"not_picked":["Heavy Blade","Iron Wave"],"picked":"Uppercut","floor":11},{"not_picked":["StuffTheSpire:Incineration","Flex"],"picked":"Havoc","floor":14},{"not_picked":["jedi:harder","Impervious"],"picked":"Juggernaut","floor":16},{"not_picked":["Cleave+1","ReplayReversal","Bloodletting"],"picked":"SKIP","floor":18},{"not_picked":["True Grit","jedi:hate+1"],"picked":"hubris:SharpeningStone","floor":20},{"not_picked":["jedi:fear+1","True Grit"],"picked":"ReplayTheSpireMod:Strike From Hell","floor":23},{"not_picked":["Heavy Blade","Shockwave"],"picked":"Warcry","floor":25},{"not_picked":["Rage","Spot Weakness"],"picked":"ReplayTheSpireMod:Muscle Training","floor":28},{"not_picked":["ReplayTheSpireMod:LeadingStrike","Thunderclap"],"picked":"StuffTheSpire:RockThrow+1","floor":29},{"not_picked":["Replay:Undeath\u0027s Touch","Twin Strike"],"picked":"StuffTheSpire:Slingshot","floor":30},{"not_picked":["jedi:bloodyhammer","Berserk"],"picked":"Exhume","floor":33},{"not_picked":["Clash+1","Clothesline","Searing Blow"],"picked":"SKIP","floor":35},{"not_picked":["Run Through","ReplayTheSpireMod:Muscle Training"],"picked":"jedi:collectorstrike","floor":36},{"not_picked":["Warcry+1","jedi:fear"],"picked":"Havoc","floor":37},{"not_picked":["Thinking Ahead","Metamorphosis"],"picked":"Magnetism","floor":38},{"not_picked":["Replay:Sssssssssshield","Crow Ritual"],"picked":"ReplayTheSpireMod:Private Reserves","floor":38},{"not_picked":["Chrysalis","Replay:Sssssssssstrike"],"picked":"Discovery","floor":38},{"not_picked":["StuffTheSpire:RockThrow","True Grit+1"],"picked":"jedi:collectorstrike","floor":40},{"not_picked":["Sword Boomerang+1","jedi:fear"],"picked":"jedi:collectorstrike","floor":42},{"not_picked":["Demon Form","Cleave+1"],"picked":"jedi:collectorstrike","floor":44},{"not_picked":["StuffTheSpire:RockThrow","Perfected Strike+1"],"picked":"jedi:collectorstrike","floor":45},{"not_picked":["jedi:collectorstrike","Iron Wave"],"picked":"Havoc+1","floor":48},{"not_picked":["Clash","Power Through","Cleave"],"picked":"SKIP","floor":54}],"player_experience":405775,"relics_obtained":[{"floor":6,"key":"GolemAmulet"},{"floor":9,"key":"hubris:CrystalStatue"},{"floor":14,"key":"Dota2Spire:Dagon"},{"floor":23,"key":"reliquary:JackalopeAntler"},{"floor":25,"key":"trackpad:FieryHotPepper"},{"floor":26,"key":"hubris:CuriousFeather"},{"floor":29,"key":"halation:OrihimeAndHikoboshiSamaAndTears"},{"floor":37,"key":"theSleuth:ElfEgg"},{"floor":40,"key":"trackpad:IceCube"},{"floor":42,"key":"reliquary:Firecrackers"},{"floor":43,"key":"hubris:Reverence"},{"floor":54,"key":"halation:PenCase"}],"event_choices":[{"damage_healed":0,"gold_gain":0,"player_choice":"Copied","damage_taken":0,"max_hp_gain":0,"max_hp_loss":0,"event_name":"Duplicator","floor":21,"gold_loss":0,"cards_obtained":["jedi:controlledanger"]},{"damage_healed":0,"gold_gain":0,"player_choice":"Fight","damage_taken":0,"max_hp_gain":0,"max_hp_loss":0,"event_name":"Mysterious Sphere","floor":37,"gold_loss":0}],"is_beta":false,"boss_relics":[{"not_picked":["Runic Dome","Runic Pyramid"],"picked":"hubris:Backtick"},{"not_picked":["halation:PinkAlligatorPlush","hubris:Stopwatch"],"picked":"Pandora\u0027s Box"}],"items_purged_floors":[5],"is_endless":false,"potions_floor_spawned":[1,2,6,8,25,28,29,37,42,45,54],"ascension_level":3}}