{"host":"47ceihhszt3bzrh1","time":1613696399,"event":{"mods":["BaseMod","Colored Map","Downfall","Minty Spire (QoL Compilation)","Permanent Neow","Quick Restart","StSLib"],"gold_per_floor":[114,36,36,46,46,46,46,80,134,148,182,182,182,36,36,137,137,152,164,89,89,106,136,136,136,136,165,179,199,210,242,242,344,394,412,67,0,17,17,47,57,84,107,107,117,137,169,169,169,169,169,169,24,58,58,58],"floor_reached":55,"language":"ENG","playtime":3438,"items_purged":["Strike_G","Defend_G"],"score":942,"play_id":"7e6aee29-7c45-4911-8f6b-38b31e6fd5e0","local_time":"20210218195959","is_ascension_mode":true,"campfire_choices":[{"data":"Skewer","floor":6.0,"key":"SMITH"},{"data":"Footwork","floor":15.0,"key":"SMITH"},{"data":"After Image","floor":24.0,"key":"SMITH"},{"data":"Catalyst","floor":32,"key":"SMITH"},{"data":"Noxious Fumes","floor":44,"key":"SMITH"},{"floor":49,"key":"RECALL"},{"data":"Leg Sweep","floor":52,"key":"SMITH"}],"circlet_count":0,"master_deck":["Defend_G","Defend_G","Defend_G","Survivor","Neutralize+1","Skewer+1","Footwork+1","Deadly Poison","Poisoned Stab","Quick Slash","Poisoned Stab","Leg Sweep+1","After Image+1","Acrobatics","Catalyst+1","Bane","Quick Slash","Backflip","Prepared","Backflip","Blade Dance+1","Noxious Fumes+1","After Image+1","Deadly Poison","Bane+1","Deflect+1","Calculated Gamble+1","Heel Hook+1","Sucker Punch+1","Noxious Fumes","Predator"],"relics":["Sozu","Omamori","PreservedInsect","Bag of Preparation","Letter Opener","Busted Crown","Bird Faced Urn","Pear","Eternal Feather","Centennial Puzzle","Tiny House","DollysMirror","Red Mask","Meat on the Bone","Lantern","Happy Flower","Pantograph","Ice Cream","Mercury Hourglass"],"acts_visited":["Exordium","TheCity","TheBeyond","TheEnding"],"potions_floor_usage":[],"damage_taken":[{"damage":1.0,"enemies":"Jaw Worm","floor":1.0,"turns":4.0},{"damage":0.0,"enemies":"Small Slimes","floor":4.0,"turns":2.0},{"damage":34.0,"enemies":"3 Sentries","floor":8.0,"turns":10.0},{"damage":0.0,"enemies":"2 Louse","floor":10.0,"turns":3.0},{"damage":6.0,"enemies":"Lagavulin","floor":11.0,"turns":5.0},{"damage":4.0,"enemies":"The Guardian","floor":16.0,"turns":9.0},{"damage":2.0,"enemies":"Chosen","floor":18.0,"turns":4.0},{"damage":0.0,"enemies":"3 Byrds","floor":19.0,"turns":7.0},{"damage":4.0,"enemies":"Shelled Parasite and Fungi","floor":22.0,"turns":5.0},{"damage":0.0,"enemies":"Gremlin Leader","floor":23.0,"turns":6.0},{"damage":0.0,"enemies":"Book of Stabbing","floor":27.0,"turns":5.0},{"damage":0.0,"enemies":"Centurion and Healer","floor":28.0,"turns":4.0},{"damage":0.0,"enemies":"Snecko","floor":29.0,"turns":4.0},{"damage":1,"enemies":"Chosen and Byrds","floor":30,"turns":5},{"damage":17,"enemies":"Slavers","floor":31,"turns":4},{"damage":27,"enemies":"Collector","floor":33,"turns":7},{"damage":0,"enemies":"3 Darklings","floor":35,"turns":8},{"damage":0,"enemies":"Orb Walker","floor":38,"turns":4},{"damage":0,"enemies":"Reptomancer","floor":40,"turns":6},{"damage":12,"enemies":"Spire Growth","floor":41,"turns":4},{"damage":11,"enemies":"Giant Head","floor":42,"turns":6},{"damage":0,"enemies":"Maw","floor":45,"turns":7},{"damage":0,"enemies":"Transient","floor":46,"turns":5},{"damage":2,"enemies":"Reptomancer","floor":47,"turns":6},{"damage":31,"enemies":"Donu and Deca","floor":50,"turns":10},{"damage":34,"enemies":"Shield and Spear","floor":54,"turns":7},{"damage":100,"enemies":"The Heart","floor":55,"turns":9}],"seed_played":"-391785858645434925","potions_obtained":[],"is_trial":false,"path_per_floor":["M","$","?","M","$","R","?","E","T","M","E","T","?","$","R","B",null,"M","M","?","?","M","E","R","?","T","E","M","M","M","E","R","B",null,"M","$","?","M","?","E","M","E","T","R","M","M","E","?","R","B",null,"R","$","E","B"],"character_chosen":"THE_SILENT","items_purchased":["Footwork","Leg Sweep","Noxious Fumes","DollysMirror","Deadly Poison","Noxious Fumes","Predator"],"campfire_rested":0,"item_purchase_floors":[2,14,36,36,36,53,53],"current_hp_per_floor":[69,69,62,62,62,62,62,28,28,28,22,22,22,22,22,18,70,68,68,68,68,64,64,64,64,74,78,80,80,79,65,77,53,85,85,85,85,85,95,95,83,80,80,95,95,95,95,95,95,64,95,95,95,63,0,0],"gold":58,"neow_bonus":"BOSS_RELIC","is_daily":false,"chose_seed":false,"campfire_upgraded":6,"win_rate":0.0,"timestamp":1613696399,"path_taken":["M","$","?","M","$","R","?","E","T","M","E","?","?","$","R","BOSS","M","M","?","?","M","E","R","?","T","E","M","M","?","E","R","BOSS","M","$","?","M","?","E","M","E","T","R","M","?","E","?","R","BOSS","R","$","E","BOSS"],"items_purchased_type":["Card","Card","Card","Relic","Card","Card","Card"],"build_version":"2020-12-22","purchased_purges":2,"victory":false,"max_hp_per_floor":[70,70,70,70,70,70,70,70,70,70,70,70,70,70,70,70,70,70,70,70,70,70,70,70,70,80,80,80,80,80,80,80,80,85,85,85,85,85,95,95,95,95,95,95,95,95,95,95,95,95,95,95,95,95,95,95],"card_choices":[{"not_picked":["Endless Agony","Reflex"],"picked":"Skewer","floor":1.0},{"not_picked":["Backstab","Deflect"],"picked":"Deadly Poison","floor":4.0},{"not_picked":["Calculated Gamble","Endless Agony"],"picked":"Poisoned Stab","floor":8.0},{"not_picked":["Underhanded Strike","Acrobatics"],"picked":"Quick Slash","floor":10.0},{"not_picked":["Dodge and Roll","Night Terror"],"picked":"Poisoned Stab","floor":11.0},{"not_picked":["Unload","A Thousand Cuts"],"picked":"After Image","floor":16.0},{"not_picked":[],"picked":"Acrobatics","floor":18.0},{"not_picked":["Outmaneuver"],"picked":"SKIP","floor":19.0},{"not_picked":["Bane"],"picked":"SKIP","floor":22.0},{"not_picked":[],"picked":"Quick Slash","floor":23.0},{"not_picked":["Skewer"],"picked":"SKIP","floor":27.0},{"not_picked":[],"picked":"Backflip","floor":28.0},{"not_picked":["All Out Attack"],"picked":"SKIP","floor":29.0},{"not_picked":[],"picked":"Prepared","floor":30},{"not_picked":[],"picked":"Backflip","floor":31},{"not_picked":[],"picked":"Blade Dance+1","floor":35},{"not_picked":[],"picked":"Bane+1","floor":38},{"not_picked":[],"picked":"Deflect+1","floor":40},{"not_picked":[],"picked":"Dodge and Roll+1","floor":41},{"not_picked":[],"picked":"Calculated Gamble+1","floor":42},{"not_picked":[],"picked":"Heel Hook+1","floor":45},{"not_picked":["Backstab"],"picked":"SKIP","floor":46},{"not_picked":[],"picked":"Sucker Punch+1","floor":47},{"not_picked":["Calculated Gamble+1"],"picked":"SKIP","floor":54}],"player_experience":13624,"relics_obtained":[{"floor":8.0,"key":"PreservedInsect"},{"floor":11.0,"key":"Bag of Preparation"},{"floor":12.0,"key":"Letter Opener"},{"floor":23.0,"key":"Bird Faced Urn"},{"floor":26.0,"key":"Pear"},{"floor":27.0,"key":"Eternal Feather"},{"floor":31,"key":"Centennial Puzzle"},{"floor":40,"key":"Meat on the Bone"},{"floor":42,"key":"Lantern"},{"floor":43,"key":"Happy Flower"},{"floor":47,"key":"Pantograph"},{"floor":54,"key":"Mercury Hourglass"}],"event_choices":[{"cards_removed":["Strike_G"],"damage_healed":0.0,"max_hp_gain":0.0,"max_hp_loss":0.0,"gold_gain":0.0,"event_name":"Golden Wing","player_choice":"Card Removal","floor":3.0,"gold_loss":0.0,"damage_taken":7.0},{"damage_healed":0.0,"max_hp_gain":0.0,"max_hp_loss":0.0,"gold_gain":0.0,"event_name":"Dead Adventurer","player_choice":"Searched \u00272\u0027 times","floor":7.0,"gold_loss":0.0,"damage_taken":0.0,"relics_obtained":["Omamori"]},{"damage_healed":0.0,"max_hp_gain":0.0,"max_hp_loss":0.0,"gold_gain":0.0,"event_name":"Shining Light","player_choice":"Ignored","floor":13.0,"gold_loss":0.0,"damage_taken":0.0},{"cards_removed":["Strike_G"],"damage_healed":0.0,"max_hp_gain":0.0,"max_hp_loss":0.0,"gold_gain":0.0,"event_name":"Beggar","player_choice":"Gave Gold","floor":20.0,"gold_loss":75.0,"damage_taken":0.0},{"damage_healed":0.0,"max_hp_gain":0.0,"max_hp_loss":0.0,"gold_gain":0.0,"cards_transformed":["Strike_G","Defend_G"],"event_name":"Drug Dealer","player_choice":"Became Test Subject","floor":21.0,"gold_loss":0.0,"damage_taken":0.0,"cards_obtained":["Catalyst","Bane"]},{"damage_healed":0.0,"max_hp_gain":0.0,"max_hp_loss":0.0,"gold_gain":0.0,"cards_transformed":["Strike_G"],"event_name":"Transmorgrifier","player_choice":"Transformed","floor":25.0,"gold_loss":0.0,"damage_taken":0.0,"cards_obtained":["Doppelganger"]},{"damage_healed":0,"gold_gain":0,"player_choice":"Paid","damage_taken":0,"relics_obtained":["Red Mask"],"max_hp_gain":0,"max_hp_loss":0,"event_name":"Tomb of Lord Red Mask","floor":37,"gold_loss":67},{"cards_removed":["Doppelganger"],"damage_healed":0,"gold_gain":0,"player_choice":"Offered Rare","damage_taken":0,"max_hp_gain":10,"max_hp_loss":0,"event_name":"Bonfire Elementals","floor":39,"gold_loss":0},{"cards_removed":["Dodge and Roll"],"damage_healed":0,"gold_gain":0,"player_choice":"Gave Card","damage_taken":0,"relics_obtained":["Ice Cream"],"max_hp_gain":0,"max_hp_loss":0,"event_name":"WeMeetAgain","floor":48,"gold_loss":0}],"is_beta":false,"boss_relics":[{"not_picked":["Snecko Eye","Coffee Dripper"],"picked":"Busted Crown"},{"not_picked":["Fusion Hammer","SlaversCollar"],"picked":"Tiny House"}],"items_purged_floors":[14,36],"is_endless":false,"potions_floor_spawned":[1,8,11,27,29,30,33,40,41,45,46,54],"killed_by":"The Heart","ascension_level":1}}