{"host":"8rqsnaeml9gxb0kp","time":1613720864,"event":{"mods":["AchievementEnabler","BaseMod","Colored Powertips","Dark Map","Minty Spire (QoL Compilation)","Rare Cards Sparkle","Relic Stats","StSLib","slay the spire mod where everything is the same but ironclad has a cowboy hat"],"gold_per_floor":[118,131,81,100,112,112,146,156,224,224,224,32,42,52,52,155,155,166,166,166,166,44,44,75,75,75,106,121,153,0,20,20,121,121,137,150,160,160,160,160,177,189,212,212,247,247,266,27,27,27,27],"floor_reached":50,"language":"ENG","playtime":2226,"items_purged":["Shame"],"score":808,"play_id":"0f15ac49-56ec-4f77-8b23-565f36d5d159","local_time":"20210218234744","is_ascension_mode":true,"campfire_choices":[{"data":"Poisoned Stab","floor":6,"key":"SMITH"},{"floor":10,"key":"REST"},{"data":"Blade Dance","floor":15,"key":"SMITH"},{"floor":23,"key":"REST"},{"data":"Adrenaline","floor":25,"key":"SMITH"},{"floor":32,"key":"REST"},{"floor":40,"key":"REST"},{"floor":44,"key":"REST"},{"floor":46,"key":"REST"},{"floor":49,"key":"REST"}],"circlet_count":0,"master_deck":["Strike_G","Strike_G","Strike_G","Defend_G","Defend_G","Defend_G","Defend_G","Defend_G","Survivor","Neutralize","PiercingWail","Dagger Spray","Poisoned Stab+1","Blade Dance+1","Finisher","Caltrops","Dash","Dagger Spray","Slice","Adrenaline+1","Deflect+1","Accuracy","Venomology","Terror+1","Backstab","Venomology","Predator+1","Storm of Steel","Cloak And Dagger+1","Outmaneuver+1","Dash+1","Blade Dance+1","Dodge and Roll+1","Riddle With Holes+1"],"relics":["Ring of the Snake","Pocketwatch","Vajra","The Courier","Orichalcum","Empty Cage","Ginger","Happy Flower","Bird Faced Urn","Paper Crane","Tiny Chest","Blood Vial","WristBlade","Strawberry","Centennial Puzzle","Turnip","Pantograph"],"acts_visited":["Exordium","TheCity","TheBeyond"],"potions_floor_usage":[5,16,23,24,27,27,28,29,31,31,33,33,33,33,33,36,36,37,42,47,47,47,50,50,50],"damage_taken":[{"damage":0,"enemies":"Jaw Worm","floor":1,"turns":5},{"damage":3,"enemies":"Small Slimes","floor":2,"turns":5},{"damage":4,"enemies":"Cultist","floor":4,"turns":6},{"damage":6,"enemies":"Gremlin Gang","floor":5,"turns":4},{"damage":19,"enemies":"Lagavulin","floor":7,"turns":7},{"damage":1,"enemies":"Red Slaver","floor":8,"turns":3},{"damage":1,"enemies":"Exordium Thugs","floor":13,"turns":3},{"damage":1,"enemies":"Looter","floor":14,"turns":3},{"damage":28,"enemies":"Slime Boss","floor":16,"turns":4},{"damage":0,"enemies":"3 Byrds","floor":18,"turns":4},{"damage":19,"enemies":"Book of Stabbing","floor":24,"turns":5},{"damage":31,"enemies":"Gremlin Leader","floor":27,"turns":7},{"damage":8,"enemies":"2 Thieves","floor":28,"turns":4},{"damage":0,"enemies":"Book of Stabbing","floor":29,"turns":2},{"damage":0,"enemies":"Chosen and Byrds","floor":31,"turns":4},{"damage":13,"enemies":"Champ","floor":33,"turns":8},{"damage":4,"enemies":"Orb Walker","floor":35,"turns":2},{"damage":6,"enemies":"3 Darklings","floor":36,"turns":6},{"damage":33,"enemies":"Writhing Mass","floor":37,"turns":5},{"damage":18,"enemies":"Spire Growth","floor":41,"turns":3},{"damage":12,"enemies":"4 Shapes","floor":42,"turns":3},{"damage":50,"enemies":"Giant Head","floor":45,"turns":7},{"damage":47,"enemies":"Maw","floor":47,"turns":5},{"damage":123,"enemies":"Time Eater","floor":50,"turns":10}],"seed_played":"-5243960753309520767","potions_obtained":[{"floor":2,"key":"SkillPotion"},{"floor":5,"key":"Fruit Juice"},{"floor":13,"key":"Ancient Potion"},{"floor":14,"key":"SteroidPotion"},{"floor":16,"key":"PowerPotion"},{"floor":24,"key":"DistilledChaos"},{"floor":27,"key":"FearPotion"},{"floor":28,"key":"Energy Potion"},{"floor":31,"key":"Fire Potion"},{"floor":35,"key":"FairyPotion"},{"floor":37,"key":"Block Potion"},{"floor":42,"key":"FearPotion"},{"floor":47,"key":"Energy Potion"}],"is_trial":false,"path_per_floor":["M","M","?","M","M","R","E","M","T","R","?","$","M","M","R","B",null,"M","?","?","?","$","R","E","R","T","E","M","E","?","M","R","B",null,"M","M","M","?","T","R","M","M","T","R","E","R","M","$","R","B"],"character_chosen":"THE_SILENT","items_purchased":["Dash","Orichalcum","Dagger Spray","Accuracy","Pantograph","Weak Potion"],"campfire_rested":7,"item_purchase_floors":[12,12,12,22,48,48],"current_hp_per_floor":[63,60,60,56,50,50,31,30,30,50,50,50,49,48,48,20,55,55,43,43,43,43,71,52,52,52,25,21,23,23,29,52,45,69,69,69,42,42,49,74,60,54,54,79,35,60,17,17,42,0,0],"gold":27,"neow_bonus":"ONE_RARE_RELIC","is_daily":false,"chose_seed":false,"campfire_upgraded":3,"win_rate":0.0,"timestamp":1613720864,"path_taken":["M","M","?","M","M","R","E","M","T","R","?","$","M","M","R","BOSS","M","?","?","?","$","R","E","R","T","E","M","E","?","?","R","BOSS","M","M","M","?","?","R","M","?","T","R","E","R","M","?","R","BOSS"],"items_purchased_type":["Card","Relic","Card","Card","Relic","Potion"],"build_version":"2020-12-22","purchased_purges":1,"victory":false,"max_hp_per_floor":[70,70,67,67,67,67,67,67,67,67,67,67,67,67,67,67,67,67,72,72,72,72,77,77,77,77,77,77,77,77,77,77,77,77,77,77,77,77,84,84,84,84,84,84,84,84,84,84,84,84,84],"relic_stats":{"Happy Flower":[23],"counters":[24,115],"Ginger":[16],"Orichalcum":[132],"Blood Vial":20,"Centennial Puzzle":[9],"Bird Faced Urn":[44],"Pantograph":25,"Tiny Chest":1,"Turnip":[3],"obtain_stats":[{"Happy Flower":21,"Vajra":7,"The Courier":9,"Ginger":20,"Orichalcum":12,"Paper Crane":26,"Empty Cage":17,"Blood Vial":29,"Centennial Puzzle":43,"WristBlade":34,"Bird Faced Urn":24,"Strawberry":39,"Pantograph":48,"Tiny Chest":27,"Turnip":45,"Ring of the Snake":0,"Pocketwatch":0},{"Happy Flower":10,"Vajra":5,"The Courier":6,"Ginger":10,"Orichalcum":6,"Paper Crane":11,"Empty Cage":9,"Blood Vial":14,"Centennial Puzzle":21,"WristBlade":16,"Bird Faced Urn":11,"Strawberry":19,"Pantograph":23,"Tiny Chest":12,"Turnip":22,"Ring of the Snake":0,"Pocketwatch":0},{"Happy Flower":44,"Vajra":27,"The Courier":30,"Ginger":44,"Orichalcum":30,"Paper Crane":49,"Empty Cage":40,"Blood Vial":62,"Centennial Puzzle":93,"WristBlade":74,"Bird Faced Urn":49,"Strawberry":87,"Pantograph":105,"Tiny Chest":56,"Turnip":100,"Ring of the Snake":0,"Pocketwatch":0}],"Ring of the Snake":[48],"Pocketwatch":[129]},"card_choices":[{"not_picked":["Backflip","Expertise"],"picked":"PiercingWail","floor":1},{"not_picked":["Leg Sweep","Endless Agony"],"picked":"Dagger Spray","floor":2},{"not_picked":["Tactician","Flechettes"],"picked":"Poisoned Stab","floor":4},{"not_picked":["Backflip","Tactician"],"picked":"Blade Dance","floor":5},{"not_picked":["Terror","Leg Sweep"],"picked":"Finisher","floor":7},{"not_picked":["Crippling Poison","Deflect"],"picked":"Caltrops","floor":8},{"not_picked":["Reflex","Bouncing Flask"],"picked":"Slice","floor":13},{"not_picked":["Grand Finale","Expertise","Outmaneuver"],"picked":"SKIP","floor":14},{"not_picked":["A Thousand Cuts","Corpse Explosion"],"picked":"Adrenaline","floor":16},{"not_picked":["Deadly Poison","Dodge and Roll"],"picked":"Deflect+1","floor":18},{"not_picked":["Deadly Poison","Reflex+1"],"picked":"Venomology","floor":24},{"not_picked":["Unload","Footwork"],"picked":"Terror+1","floor":27},{"not_picked":["Underhanded Strike","Flying Knee"],"picked":"Backstab","floor":28},{"not_picked":["Dodge and Roll","Deflect"],"picked":"Venomology","floor":29},{"not_picked":["Setup","Backflip"],"picked":"Predator+1","floor":31},{"not_picked":["A Thousand Cuts","After Image"],"picked":"Storm of Steel","floor":33},{"not_picked":["Sucker Punch","Acrobatics+1"],"picked":"Cloak And Dagger+1","floor":35},{"not_picked":["Well Laid Plans+1","Caltrops"],"picked":"Outmaneuver+1","floor":36},{"not_picked":["Deadly Poison+1","Flying Knee"],"picked":"Dash+1","floor":37},{"not_picked":["Sucker Punch","Catalyst","Deadly Poison+1"],"picked":"SKIP","floor":41},{"not_picked":["Outmaneuver","Riddle With Holes","Dagger Spray"],"picked":"SKIP","floor":42},{"not_picked":["Dagger Throw+1","Distraction+1"],"picked":"Dodge and Roll+1","floor":45},{"not_picked":["Acrobatics+1","Quick Slash+1"],"picked":"Riddle With Holes+1","floor":47}],"player_experience":289548,"relics_obtained":[{"floor":7,"key":"Vajra"},{"floor":9,"key":"The Courier"},{"floor":24,"key":"Bird Faced Urn"},{"floor":26,"key":"Paper Crane"},{"floor":27,"key":"Tiny Chest"},{"floor":29,"key":"Blood Vial"},{"floor":39,"key":"Strawberry"},{"floor":43,"key":"Centennial Puzzle"},{"floor":45,"key":"Turnip"}],"event_choices":[{"cards_removed":["Parasite"],"damage_healed":0,"gold_gain":0,"player_choice":"Card Removal","damage_taken":0,"max_hp_gain":0,"max_hp_loss":0,"event_name":"The Cleric","floor":3,"gold_loss":50},{"damage_healed":0,"gold_gain":0,"player_choice":"Ignored","damage_taken":0,"max_hp_gain":0,"max_hp_loss":0,"event_name":"Golden Wing","floor":11,"gold_loss":0},{"damage_healed":0,"gold_gain":0,"player_choice":"Shed Blood","damage_taken":17,"max_hp_gain":5,"max_hp_loss":0,"event_name":"Forgotten Altar","floor":19,"gold_loss":0},{"damage_healed":0,"gold_gain":0,"player_choice":"Stole Relic","damage_taken":0,"relics_obtained":["Ginger"],"max_hp_gain":0,"max_hp_loss":0,"event_name":"Addict","floor":20,"gold_loss":0,"cards_obtained":["Shame"]},{"damage_healed":0,"gold_gain":0,"player_choice":"Opened","damage_taken":0,"relics_obtained":["Happy Flower"],"max_hp_gain":0,"max_hp_loss":0,"event_name":"The Mausoleum","floor":21,"gold_loss":0},{"damage_healed":0,"gold_gain":0,"player_choice":"Paid Fearfully","damage_taken":0,"max_hp_gain":0,"max_hp_loss":0,"event_name":"Masked Bandits","floor":30,"gold_loss":153},{"damage_healed":0,"gold_gain":0,"player_choice":"Copied","damage_taken":0,"max_hp_gain":0,"max_hp_loss":0,"event_name":"Duplicator","floor":38,"gold_loss":0,"cards_obtained":["Blade Dance"]}],"is_beta":false,"boss_relics":[{"not_picked":["Busted Crown","Fusion Hammer"],"picked":"Empty Cage"},{"not_picked":["Coffee Dripper","Pandora\u0027s Box"],"picked":"WristBlade"}],"items_purged_floors":[22],"is_endless":false,"potions_floor_spawned":[2,5,13,14,16,24,27,28,31,35,37,42,47],"killed_by":"Time Eater","ascension_level":9}}