{"host":"2l5k2wp87eek7qja","time":1613767375,"event":{"mods":["BaseMod","Colored Map","Minty Spire (QoL Compilation)","Relic Stats"],"gold_per_floor":[18,30,44,59,59,59,72,101,127,160,172,172,184,184,184,279,279,294,7,20,20,40,67,67,87,87,87,118,118,145,160,160,232,232,246,257,257,277,0,0,25,36,36,56,84,84,84,94,94,94,94,94],"floor_reached":51,"language":"ENG","playtime":1996,"items_purged":[],"score":1502,"play_id":"18b9efc3-c12f-4c0a-9915-42d19dd5764f","local_time":"20210219224255","is_ascension_mode":true,"campfire_choices":[{"data":"Die Die Die","floor":6.0,"key":"SMITH"},{"data":"Catalyst","floor":12.0,"key":"SMITH"},{"data":"Catalyst","floor":15.0,"key":"SMITH"},{"data":"Footwork","floor":24.0,"key":"SMITH"},{"data":"Deadly Poison","floor":27.0,"key":"SMITH"},{"data":"Crippling Poison","floor":29.0,"key":"SMITH"},{"data":"Catalyst","floor":32.0,"key":"SMITH"},{"data":"After Image","floor":40,"key":"SMITH"},{"floor":47,"key":"RECALL"},{"data":"Noxious Fumes","floor":49,"key":"SMITH"}],"circlet_count":0,"master_deck":["AscendersBane","Strike_G","Strike_G","Strike_G","Strike_G","Strike_G","Defend_G","Defend_G","Defend_G","Defend_G","Defend_G","Survivor","Neutralize","Die Die Die+1","Masterful Stab","Catalyst+1","Backflip","Catalyst+1","Bouncing Flask","Crippling Poison+1","Footwork+1","Adrenaline","Die Die Die","Leg Sweep","Deadly Poison+1","Footwork","Catalyst+1","After Image+1","Crippling Poison+1","Acrobatics","Backflip","Noxious Fumes+1"],"relics":["Ring of the Snake","Bag of Marbles","Blood Vial","Art of War","Bloody Idol","SlaversCollar","Eternal Feather","Orichalcum","HornCleat","Pear","Centennial Puzzle","Philosopher\u0027s Stone","Red Mask","Molten Egg 2","Girya"],"acts_visited":["Exordium","TheCity","TheBeyond"],"potions_floor_usage":[35,50],"damage_taken":[{"damage":0.0,"enemies":"2 Louse","floor":1.0,"turns":3.0},{"damage":0.0,"enemies":"Cultist","floor":2.0,"turns":3.0},{"damage":6.0,"enemies":"Jaw Worm","floor":3.0,"turns":6.0},{"damage":0.0,"enemies":"3 Louse","floor":4.0,"turns":2.0},{"damage":2.0,"enemies":"Gremlin Gang","floor":7.0,"turns":3.0},{"damage":0.0,"enemies":"Lagavulin","floor":8.0,"turns":3.0},{"damage":9.0,"enemies":"3 Sentries","floor":10.0,"turns":5.0},{"damage":3.0,"enemies":"Looter","floor":11.0,"turns":4.0},{"damage":1.0,"enemies":"Blue Slaver","floor":13.0,"turns":3.0},{"damage":21.0,"enemies":"Hexaghost","floor":16.0,"turns":7.0},{"damage":3.0,"enemies":"3 Byrds","floor":18.0,"turns":4.0},{"damage":2.0,"enemies":"Shell Parasite","floor":20.0,"turns":2.0},{"damage":0.0,"enemies":"Sentry and Sphere","floor":22.0,"turns":3.0},{"damage":16.0,"enemies":"Slavers","floor":23.0,"turns":4.0},{"damage":12.0,"enemies":"Centurion and Healer","floor":25.0,"turns":7.0},{"damage":35.0,"enemies":"Gremlin Leader","floor":28.0,"turns":6.0},{"damage":28.0,"enemies":"Slavers","floor":30.0,"turns":3.0},{"damage":7.0,"enemies":"Snecko","floor":31.0,"turns":5.0},{"damage":12,"enemies":"Champ","floor":33,"turns":10},{"damage":8,"enemies":"3 Darklings","floor":35,"turns":2},{"damage":0,"enemies":"3 Shapes","floor":36,"turns":3},{"damage":2,"enemies":"Maw","floor":38,"turns":6},{"damage":0,"enemies":"Transient","floor":42,"turns":6},{"damage":9,"enemies":"4 Shapes","floor":44,"turns":3},{"damage":4,"enemies":"Reptomancer","floor":45,"turns":4},{"damage":12,"enemies":"Spire Growth","floor":48,"turns":4},{"damage":49,"enemies":"Donu and Deca","floor":50,"turns":6},{"damage":23,"enemies":"Awakened One","floor":51,"turns":3}],"seed_played":"1711322759920223150","potions_obtained":[{"floor":3.0,"key":"Block Potion"},{"floor":4.0,"key":"BlessingOfTheForge"},{"floor":11.0,"key":"SpeedPotion"},{"floor":16.0,"key":"ColorlessPotion"},{"floor":18.0,"key":"SneckoOil"},{"floor":22.0,"key":"Weak Potion"},{"floor":28.0,"key":"Poison Potion"},{"floor":31.0,"key":"LiquidBronze"},{"floor":33,"key":"SkillPotion"},{"floor":36,"key":"SkillPotion"},{"floor":38,"key":"BlessingOfTheForge"}],"is_trial":false,"path_per_floor":["M","M","M","M","?","R","M","E","T","E","M","R","M","?","R","B",null,"M","$","M","?","M","E","R","M","T","R","E","R","E","M","R","B",null,"M","M","?","M","?","R","T","M","T","M","E","?","R","M","R","B","B"],"character_chosen":"THE_SILENT","items_purchased":["Eternal Feather"],"campfire_rested":0,"item_purchase_floors":[19],"current_hp_per_floor":[59,59,53,53,53,53,51,51,51,44,43,43,44,44,44,25,51,50,50,50,50,57,48,60,53,53,60,40,55,34,34,49,44,64,63,70,70,70,70,70,70,70,70,66,69,66,66,59,66,17,0,0],"gold":94,"neow_bonus":"THREE_RARE_CARDS","is_daily":false,"chose_seed":false,"campfire_upgraded":9,"win_rate":0.0,"timestamp":1613767375,"path_taken":["M","M","M","M","?","R","M","E","T","E","M","R","?","?","R","BOSS","M","$","M","?","M","E","R","M","T","R","E","R","E","M","R","BOSS","M","M","?","?","?","R","?","M","T","M","E","?","R","M","R","BOSS","BOSS"],"items_purchased_type":["Relic"],"build_version":"2020-12-22","purchased_purges":0,"victory":false,"max_hp_per_floor":[66,66,66,66,66,66,66,66,66,66,66,66,66,60,60,60,60,60,60,60,60,60,60,60,60,60,60,70,70,70,70,70,70,70,70,70,70,70,70,70,70,70,70,70,70,66,66,66,66,66,66,66],"relic_stats":{"Blood Vial":30,"Centennial Puzzle":[27],"counters":[28,120],"Bloody Idol":62,"Eternal Feather":56,"Art of War":[21],"Orichalcum":[96],"obtain_stats":[{"Girya":45,"Pear":28,"Golden Idol":14,"Eternal Feather":19,"Orichalcum":23,"Blood Vial":9,"SlaversCollar":17,"Centennial Puzzle":30,"HornCleat":26,"Bloody Idol":21,"Philosopher\u0027s Stone":34,"Molten Egg 2":43,"Bag of Marbles":8,"Art of War":10,"Red Mask":39,"Ring of the Snake":0},{"Girya":25,"Pear":16,"Golden Idol":9,"Eternal Feather":11,"Orichalcum":14,"Blood Vial":6,"SlaversCollar":10,"Centennial Puzzle":17,"HornCleat":15,"Bloody Idol":12,"Philosopher\u0027s Stone":19,"Molten Egg 2":23,"Bag of Marbles":6,"Art of War":7,"Red Mask":22,"Ring of the Snake":0},{"Girya":107,"Pear":65,"Golden Idol":32,"Eternal Feather":43,"Orichalcum":52,"Blood Vial":20,"SlaversCollar":39,"Centennial Puzzle":68,"HornCleat":59,"Bloody Idol":45,"Philosopher\u0027s Stone":83,"Molten Egg 2":100,"Bag of Marbles":20,"Art of War":25,"Red Mask":94,"Ring of the Snake":0}],"Ring of the Snake":[56]},"card_choices":[{"not_picked":["Phantasmal Killer","Burst"],"picked":"Die Die Die","floor":0.0},{"not_picked":["Dagger Throw","Well Laid Plans"],"picked":"Masterful Stab","floor":1.0},{"not_picked":["Bane","Riddle With Holes"],"picked":"Catalyst","floor":2.0},{"not_picked":["Masterful Stab","Dodge and Roll"],"picked":"Backflip","floor":3.0},{"not_picked":["Deadly Poison","Acrobatics"],"picked":"Catalyst","floor":4.0},{"not_picked":["Bane","Cloak And Dagger"],"picked":"Bouncing Flask","floor":7.0},{"not_picked":["Predator","Dagger Throw"],"picked":"Crippling Poison","floor":8.0},{"not_picked":["Dodge and Roll","Choke"],"picked":"Footwork","floor":10.0},{"not_picked":["Caltrops","Escape Plan"],"picked":"Adrenaline","floor":11.0},{"not_picked":["Acrobatics","Outmaneuver","Slice"],"picked":"SKIP","floor":13.0},{"not_picked":["Doppelganger","Tools of the Trade"],"picked":"Die Die Die","floor":16.0},{"not_picked":["Poisoned Stab","Bane","Predator"],"picked":"SKIP","floor":18.0},{"not_picked":["Dagger Spray","Quick Slash+1","Underhanded Strike"],"picked":"SKIP","floor":20.0},{"not_picked":["Acrobatics","Quick Slash+1"],"picked":"Leg Sweep","floor":22.0},{"not_picked":["PiercingWail","Underhanded Strike"],"picked":"Deadly Poison","floor":23.0},{"not_picked":["Setup","Bane","Doppelganger"],"picked":"SKIP","floor":25.0},{"not_picked":["A Thousand Cuts","Outmaneuver+1","Underhanded Strike"],"picked":"SKIP","floor":28.0},{"not_picked":["Escape Plan","Sucker Punch"],"picked":"Footwork","floor":30.0},{"not_picked":["Quick Slash+1","Leg Sweep"],"picked":"Catalyst","floor":31.0},{"not_picked":["Glass Knife","A Thousand Cuts"],"picked":"After Image","floor":33},{"not_picked":["Caltrops","Underhanded Strike","Dagger Throw"],"picked":"SKIP","floor":35},{"not_picked":["Acrobatics","Underhanded Strike"],"picked":"Crippling Poison+1","floor":36},{"not_picked":["Distraction","Sucker Punch"],"picked":"Acrobatics","floor":38},{"not_picked":["Backstab","Dodge and Roll"],"picked":"Backflip","floor":42},{"not_picked":["Bane+1","Dagger Throw+1","Flying Knee+1"],"picked":"SKIP","floor":44},{"not_picked":["Underhanded Strike+1","Slice+1"],"picked":"Noxious Fumes","floor":45},{"not_picked":["Blade Dance","Eviscerate+1","Crippling Poison+1"],"picked":"SKIP","floor":48}],"player_experience":815474,"relics_obtained":[{"floor":8.0,"key":"Bag of Marbles"},{"floor":9.0,"key":"Blood Vial"},{"floor":10.0,"key":"Art of War"},{"floor":23.0,"key":"Orichalcum"},{"floor":26.0,"key":"HornCleat"},{"floor":28.0,"key":"Pear"},{"floor":30.0,"key":"Centennial Puzzle"},{"floor":43,"key":"Molten Egg 2"},{"floor":45,"key":"Girya"}],"event_choices":[{"damage_healed":0.0,"max_hp_gain":0.0,"max_hp_loss":0.0,"gold_gain":0.0,"event_name":"Lab","player_choice":"Got Potions","floor":5.0,"gold_loss":0.0,"damage_taken":0.0},{"damage_healed":0.0,"max_hp_gain":0.0,"max_hp_loss":6.0,"gold_gain":0.0,"event_name":"Golden Idol","player_choice":"Lose Max HP","floor":14.0,"gold_loss":0.0,"damage_taken":0.0,"relics_obtained":["Golden Idol"]},{"damage_healed":0.0,"max_hp_gain":0.0,"max_hp_loss":0.0,"gold_gain":0.0,"event_name":"Forgotten Altar","player_choice":"Gave Idol","floor":21.0,"relics_lost":["Golden Idol"],"gold_loss":0.0,"damage_taken":0.0,"relics_obtained":["Bloody Idol"]},{"damage_healed":0,"gold_gain":0,"player_choice":"0 cards matched","damage_taken":0,"max_hp_gain":0,"max_hp_loss":0,"event_name":"Match and Keep!","floor":37,"gold_loss":0,"cards_obtained":[]},{"damage_healed":0,"gold_gain":0,"player_choice":"Paid","damage_taken":0,"relics_obtained":["Red Mask"],"max_hp_gain":0,"max_hp_loss":0,"event_name":"Tomb of Lord Red Mask","floor":39,"gold_loss":277},{"damage_healed":0,"gold_gain":0,"player_choice":"Max HP","damage_taken":0,"max_hp_gain":0,"max_hp_loss":4,"event_name":"Winding Halls","floor":46,"gold_loss":0}],"is_beta":false,"boss_relics":[{"not_picked":["Fusion Hammer","Busted Crown"],"picked":"SlaversCollar"},{"not_picked":["Snecko Eye","Runic Dome"],"picked":"Philosopher\u0027s Stone"}],"items_purged_floors":[],"is_endless":false,"potions_floor_spawned":[3,4,11,16,18,22,28,31,33,36,38,44],"killed_by":"Awakened One","ascension_level":20}}