{"host":"sxnl403xm2xmiyj1","time":1613753558,"event":{"mods":["BaseMod","Colored Map","Keyboard Shortcuts","Koishi","Minty Spire (QoL Compilation)","Quick Restart","StSLib","SuperFastMode"],"gold_per_floor":[114,130,150,150,203,237,237,272,272,286,306,306,350,373,373,472,472,496,511,536,557,17,57,70,70,121,121,121,121,140,153,153,251,551,575,300,300,318,318,351,351,35,35,35,55,102,135,135,135,135,135,135,13,47,47,47],"floor_reached":55,"language":"KOR","playtime":1681,"items_purged":["Koishi:BasicStrike","Koishi:HauntingSlash"],"score":1486,"play_id":"a4b64a01-fc64-499e-ad04-cd5149f0f683","local_time":"20210220015238","is_ascension_mode":true,"campfire_choices":[{"data":"Koishi:ParalyzingFear","floor":7.0,"key":"SMITH"},{"floor":12.0,"key":"REST"},{"data":"Koishi:BramblyRoseGarden","floor":15.0,"key":"SMITH"},{"data":"Koishi:Untouchable","floor":25.0,"key":"SMITH"},{"data":"Koishi:Untouchable","floor":27.0,"key":"SMITH"},{"data":"Koishi:FreudianInstinct","floor":29.0,"key":"SMITH"},{"data":"Koishi:MentalBreakdown","floor":32.0,"key":"SMITH"},{"data":"Koishi:FidgetySnatcher","floor":41.0,"key":"SMITH"},{"floor":44.0,"key":"RECALL"},{"data":"Koishi:FreudianInstinct","floor":49,"key":"SMITH"},{"data":"Koishi:FreudianInstinct","floor":52,"key":"SMITH"}],"circlet_count":0,"master_deck":["AscendersBane","Koishi:BasicDefend","Koishi:BasicDefend","Koishi:BasicDefend","Koishi:BasicDefend","Trip","Koishi:BloodcurdlingScream","Koishi:SubterraneanRose","Koishi:ParalyzingFear+1","Koishi:RorschachInDanmaku","Koishi:SubterraneanRose","Koishi:TraumaticStroke","Koishi:ApparitionsStalkTheNight","Koishi:FreudianInstinct+1","Koishi:BramblyRoseGarden+1","Koishi:RuptureMind","Koishi:StingingMind+1","Koishi:JumpScare+1","Koishi:SpiritedAway+1","Koishi:SubconsciousSweep+1","Koishi:FreudianInstinct+1","Koishi:TremblingHands","Koishi:SprinkleStarAndHeart","Koishi:FidgetySnatcher+1","Koishi:UnconsciousUprising","Koishi:SubterraneanRose","Koishi:MassHysteria","Koishi:Untouchable+1","Koishi:CatchAndRose","Koishi:Untouchable+1","Koishi:JumpScare","Koishi:MentalBreakdown+1","Koishi:LastRemote+1","Koishi:RuptureMind","CurseOfTheBell","Koishi:SubterraneanRose+1","Koishi:BramblyRoseGarden","Koishi:TremblingHands","Koishi:CatchAndRose","Koishi:UnseenTerror+1","Koishi:Prune+1","Koishi:FreudianInstinct+1","Koishi:RorschachInDanmaku","Koishi:IdleWhim","Koishi:TraumaticStroke+1","Koishi:FreudianInstinct","Koishi:LastRemote","Koishi:JumpScare"],"relics":["Koishi:ImaginaryFriend","Golden Idol","Anchor","Happy Flower","Bird Faced Urn","Letter Opener","Bag of Preparation","Astrolabe","TungstenRod","Orrery","Mummified Hand","Akabeko","Calling Bell","Tiny Chest","Pantograph","Old Coin","Eternal Feather","Membership Card","Lantern","Centennial Puzzle","Pocketwatch","Unceasing Top","Strawberry"],"acts_visited":["Exordium","TheCity","TheBeyond","TheEnding"],"potions_floor_usage":[47,47],"damage_taken":[{"damage":1.0,"enemies":"Small Slimes","floor":1.0,"turns":4.0},{"damage":4.0,"enemies":"Jaw Worm","floor":2.0,"turns":3.0},{"damage":0.0,"enemies":"Cultist","floor":3.0,"turns":3.0},{"damage":12.0,"enemies":"Gremlin Nob","floor":6.0,"turns":4.0},{"damage":15.0,"enemies":"3 Sentries","floor":8.0,"turns":7.0},{"damage":1.0,"enemies":"3 Louse","floor":10.0,"turns":5.0},{"damage":0.0,"enemies":"Exordium Thugs","floor":11.0,"turns":6.0},{"damage":16.0,"enemies":"Lagavulin","floor":13.0,"turns":10.0},{"damage":0.0,"enemies":"Blue Slaver","floor":14.0,"turns":3.0},{"damage":10.0,"enemies":"Hexaghost","floor":16.0,"turns":9.0},{"damage":31.0,"enemies":"2 Thieves","floor":18.0,"turns":5.0},{"damage":5.0,"enemies":"Spheric Guardian","floor":19.0,"turns":4.0},{"damage":6.0,"enemies":"3 Cultists","floor":20.0,"turns":5.0},{"damage":13.0,"enemies":"Snake Plant","floor":21.0,"turns":4.0},{"damage":0.0,"enemies":"Book of Stabbing","floor":23.0,"turns":5.0},{"damage":16.0,"enemies":"Centurion and Healer","floor":24.0,"turns":6.0},{"damage":0.0,"enemies":"Cultist and Chosen","floor":30.0,"turns":8.0},{"damage":11.0,"enemies":"Snake Plant","floor":31.0,"turns":4.0},{"damage":0.0,"enemies":"Automaton","floor":33.0,"turns":11.0},{"damage":0.0,"enemies":"Orb Walker","floor":35.0,"turns":5.0},{"damage":0.0,"enemies":"3 Darklings","floor":38.0,"turns":4.0},{"damage":21.0,"enemies":"Reptomancer","floor":40.0,"turns":10.0},{"damage":0.0,"enemies":"Sphere and 2 Shapes","floor":45.0,"turns":4.0},{"damage":39,"enemies":"Giant Head","floor":47,"turns":11},{"damage":8,"enemies":"Donu and Deca","floor":50,"turns":11},{"damage":1,"enemies":"Shield and Spear","floor":54,"turns":7},{"damage":70,"enemies":"The Heart","floor":55,"turns":11}],"seed_played":"7257602572376424795","potions_obtained":[{"floor":2.0,"key":"SkillPotion"},{"floor":3.0,"key":"LiquidBronze"},{"floor":11.0,"key":"Regen Potion"},{"floor":13.0,"key":"SteroidPotion"},{"floor":16.0,"key":"Energy Potion"},{"floor":19.0,"key":"PowerPotion"},{"floor":24.0,"key":"Swift Potion"},{"floor":30.0,"key":"EntropicBrew"}],"is_trial":false,"path_per_floor":["M","M","M","?","T","E","R","E","T","M","M","R","E","M","R","B",null,"M","M","M","M","$","E","M","R","T","R","?","R","M","M","R","B",null,"M","$","?","M","?","E","R","$","T","R","M","T","E","T","R","B",null,"R","$","E","B"],"character_chosen":"KOISHI","items_purchased":["Koishi:FidgetySnatcher","TungstenRod","Orrery","Koishi:BramblyRoseGarden","Koishi:TremblingHands","Koishi:CatchAndRose","Membership Card","Koishi:FreudianInstinct","Lantern","Koishi:RorschachInDanmaku","PowerPotion","Koishi:FreudianInstinct","Koishi:LastRemote"],"campfire_rested":1,"item_purchase_floors":[22,22,22,36,36,36,42,42,42,42,42,53,53],"current_hp_per_floor":[51,48,49,30,30,19,19,5,5,4,5,22,23,26,26,21,48,29,26,29,27,27,38,39,39,39,39,39,39,57,54,54,57,57,57,57,57,57,57,50,57,57,57,57,57,57,29,29,56,57,57,57,57,64,0,0],"gold":47,"neow_bonus":"RANDOM_COLORLESS","is_daily":false,"chose_seed":false,"campfire_upgraded":9,"win_rate":0.0,"timestamp":1613753558,"path_taken":["M","M","M","?","?","E","R","E","T","M","M","R","E","M","R","BOSS","M","M","M","?","$","E","M","R","T","R","?","R","M","M","R","BOSS","M","$","?","M","?","E","R","?","T","R","M","?","E","?","R","BOSS","R","$","E","BOSS"],"items_purchased_type":["Card","Relic","Relic","Card","Card","Card","Relic","Card","Relic","Card","Potion","Card","Card"],"build_version":"2020-12-22","purchased_purges":2,"victory":false,"max_hp_per_floor":[57,57,57,57,57,57,57,57,57,57,57,57,57,57,57,57,57,57,57,57,57,57,57,57,57,57,57,57,57,57,57,57,57,57,57,57,57,57,57,57,57,57,57,57,57,57,57,57,57,57,57,57,57,64,64,64],"card_choices":[{"not_picked":["Dramatic Entrance","Dark Shackles"],"picked":"Trip","floor":0.0},{"not_picked":["Koishi:Whimsy","Koishi:LastRemote"],"picked":"Koishi:BloodcurdlingScream","floor":1.0},{"not_picked":["Koishi:PhantomStrike","Koishi:FleetingPhantom"],"picked":"Koishi:SubterraneanRose","floor":2.0},{"not_picked":["Koishi:VengefulSpirit","Koishi:EmbryosDream"],"picked":"Koishi:ParalyzingFear","floor":3.0},{"not_picked":["Koishi:VengefulSpirit","Koishi:Prune"],"picked":"Koishi:RorschachInDanmaku","floor":6.0},{"not_picked":["Koishi:SubconsciousSweep","Koishi:VengefulSpirit"],"picked":"Koishi:SubterraneanRose","floor":8.0},{"not_picked":["Koishi:MindNumbingTerror","Koishi:FormlessExistence"],"picked":"Koishi:TraumaticStroke","floor":10.0},{"not_picked":["Koishi:Prune","Koishi:GeneticsOfTheUnconscious"],"picked":"Koishi:ApparitionsStalkTheNight","floor":11.0},{"not_picked":["Koishi:SubterraneanRose","Koishi:Prune"],"picked":"Koishi:FreudianInstinct","floor":13.0},{"not_picked":["Koishi:SubterraneanRose","Koishi:LastRemote"],"picked":"Koishi:BramblyRoseGarden","floor":14.0},{"not_picked":["Koishi:ConditionedTeleport","Koishi:PerfectMindControl"],"picked":"Koishi:RuptureMind","floor":16.0},{"not_picked":["Koishi:RacingHeart","Koishi:SpiritedAway"],"picked":"Koishi:SubconsciousSweep+1","floor":18.0},{"not_picked":["Koishi:EmbryosDream","Koishi:PhantomStrike"],"picked":"Koishi:FreudianInstinct","floor":19.0},{"not_picked":["Koishi:Catatonia","Koishi:CatchAndRose"],"picked":"Koishi:TremblingHands","floor":20.0},{"not_picked":["Koishi:PhantomBarrier","Koishi:RacingHeart"],"picked":"Koishi:SprinkleStarAndHeart","floor":21.0},{"not_picked":["Koishi:FormlessExistence","Koishi:UnansweredLove"],"picked":"Koishi:UnconsciousUprising","floor":22.0},{"not_picked":["Koishi:PhantomBarrier","Koishi:Jaunt"],"picked":"Koishi:SubterraneanRose","floor":22.0},{"not_picked":["Koishi:LastRemote","Koishi:UnansweredLove"],"picked":"Koishi:MassHysteria","floor":22.0},{"not_picked":["Koishi:StingingMind","Koishi:Catatonia"],"picked":"Koishi:Untouchable","floor":22.0},{"not_picked":["Koishi:GeneticsOfTheUnconscious","Koishi:EmbryosDream"],"picked":"Koishi:CatchAndRose","floor":22.0},{"not_picked":["Koishi:BloodcurdlingScream+1","Koishi:FleetingPhantom+1"],"picked":"Koishi:Untouchable","floor":23.0},{"not_picked":["Koishi:CatchAndRose","Koishi:Prune"],"picked":"Koishi:JumpScare","floor":24.0},{"not_picked":["Koishi:UnconsciousUprising","Koishi:Prune"],"picked":"Koishi:MentalBreakdown","floor":30.0},{"not_picked":["Koishi:SpiritedAway","Koishi:UnconsciousUrges+1"],"picked":"Koishi:LastRemote+1","floor":31.0},{"not_picked":["Koishi:FadingMemory","Koishi:ConditionedTeleport"],"picked":"Koishi:RuptureMind","floor":33.0},{"not_picked":["Koishi:FleetingPhantom","Koishi:PhantomBarrier"],"picked":"Koishi:SubterraneanRose+1","floor":35.0},{"not_picked":["Koishi:Catatonia+1","Koishi:UnconsciousUprising"],"picked":"Koishi:UnseenTerror+1","floor":38.0},{"not_picked":["Koishi:BloodcurdlingScream","Koishi:Bloodlust"],"picked":"Koishi:Prune+1","floor":40.0},{"not_picked":["Koishi:Prune","Koishi:JumpScare"],"picked":"Koishi:IdleWhim","floor":45.0},{"not_picked":["Koishi:SilentAndRestless","Koishi:SpiritedAway"],"picked":"Koishi:TraumaticStroke+1","floor":47},{"not_picked":["Koishi:StrangeCloudFist+1","Koishi:PhantomBarrier"],"picked":"Koishi:JumpScare","floor":54}],"player_experience":273242,"relics_obtained":[{"floor":5.0,"key":"Anchor"},{"floor":6.0,"key":"Happy Flower"},{"floor":8.0,"key":"Bird Faced Urn"},{"floor":9.0,"key":"Letter Opener"},{"floor":13.0,"key":"Bag of Preparation"},{"floor":23.0,"key":"Mummified Hand"},{"floor":26.0,"key":"Akabeko"},{"floor":34.0,"key":"Tiny Chest"},{"floor":34.0,"key":"Pantograph"},{"floor":34.0,"key":"Old Coin"},{"floor":40.0,"key":"Eternal Feather"},{"floor":46.0,"key":"Centennial Puzzle"},{"floor":47,"key":"Pocketwatch"},{"floor":48,"key":"Unceasing Top"},{"floor":54,"key":"Strawberry"}],"event_choices":[{"damage_healed":0.0,"max_hp_gain":0.0,"max_hp_loss":0.0,"gold_gain":0.0,"event_name":"Golden Idol","player_choice":"Take Damage","floor":4.0,"gold_loss":0.0,"damage_taken":19.0,"relics_obtained":["Golden Idol"]},{"damage_healed":0.0,"max_hp_gain":0.0,"max_hp_loss":0.0,"gold_gain":0.0,"event_name":"N\u0027loth","player_choice":"Ignored","floor":28.0,"gold_loss":0.0,"damage_taken":0.0},{"damage_healed":0.0,"max_hp_gain":0.0,"max_hp_loss":0.0,"gold_gain":0.0,"event_name":"Tomb of Lord Red Mask","player_choice":"Ignored","floor":37.0,"gold_loss":0.0,"damage_taken":0.0},{"cards_removed":["Koishi:Provoke"],"damage_healed":0.0,"max_hp_gain":0.0,"max_hp_loss":0.0,"gold_gain":0.0,"event_name":"Falling","player_choice":"Removed Skill","floor":39.0,"gold_loss":0.0,"damage_taken":0.0}],"is_beta":false,"boss_relics":[{"not_picked":["Fusion Hammer","Pandora\u0027s Box"],"picked":"Astrolabe"},{"not_picked":["Velvet Choker","Runic Dome"],"picked":"Calling Bell"}],"items_purged_floors":[36,53],"is_endless":false,"potions_floor_spawned":[2,3,11,13,14,16,19,24,30,31,35,45],"killed_by":"The Heart","ascension_level":15}}