{"host":"x8sop9v6zw8yitbt","time":1613694322,"event":{"mods":["BaseMod","Best Route Mod","Block Reminder","Challenge The Spire","Colored Powertips","Custom Start","Dark Map","DeckTracker","Minty Spire (QoL Compilation)","Permanent Neow","Quick Restart","Rare Cards Sparkle","Reliquary","Spicy Shops","Spikes Relics","StSLib","Virulent Crown"],"gold_per_floor":[109,109,127,18,86,117,128,156,156,156,2,2,2,18,18,118,118,129,129,129,129,148,148,179,199,250,95,110,71,71,100,100,195,195,206,206,206,217,234,234,79,79,129,129,157,167,195,195,195,195],"floor_reached":51,"language":"ENG","playtime":1746,"items_purged":["Strike_G","Defend_G"],"score":915,"play_id":"d5ea9323-149c-4d83-8608-0a2451d58257","local_time":"20210218192522","is_ascension_mode":true,"campfire_choices":[{"data":"Neutralize","floor":10,"key":"SMITH"},{"data":"Cloak And Dagger","floor":12,"key":"SMITH"},{"data":"Infinite Blades","floor":15,"key":"SMITH"},{"data":"Envenom","floor":23,"key":"SMITH"},{"data":"Terror","floor":30,"key":"SMITH"},{"data":"Footwork","floor":32,"key":"SMITH"},{"data":"Dodge and Roll","floor":40,"key":"SMITH"},{"data":"PiercingWail","floor":42,"key":"SMITH"},{"data":"Infinite Blades","floor":44,"key":"SMITH"},{"data":"Survivor","floor":49,"key":"SMITH"}],"circlet_count":0,"master_deck":["Strike_G+1","Strike_G+1","Strike_G","Defend_G","Defend_G","Defend_G","Defend_G","Survivor+1","Neutralize+1","Infinite Blades+1","Footwork+1","Cloak And Dagger+1","PiercingWail+1","Envenom+1","Terror+1","Escape Plan+1","Dodge and Roll+1","Footwork+1","Infinite Blades+1","Cloak And Dagger+1","Accuracy+1"],"relics":["Ring of the Snake","reliquary:Firecrackers","Regal Pillow","reliquary:ExpiredCoupon","SnailShell","WristBlade","Happy Flower","reliquary:KillPill","Singing Bowl","reliquary:WeakTea","Sling","Lantern","reliquary:RedPaperclip","TwistedFunnel","MealTicket","Juzu Bracelet","Molten Egg 2"],"acts_visited":["Exordium","TheCity","TheBeyond"],"potions_floor_usage":[24,31,50,50],"damage_taken":[{"damage":0,"enemies":"Small Slimes","floor":1,"turns":3},{"damage":0,"enemies":"Cultist","floor":3,"turns":2},{"damage":14,"enemies":"3 Sentries","floor":6,"turns":10},{"damage":0,"enemies":"2 Louse","floor":7,"turns":2},{"damage":19,"enemies":"Lagavulin","floor":8,"turns":8},{"damage":2,"enemies":"Exordium Wildlife","floor":14,"turns":4},{"damage":14,"enemies":"Hexaghost","floor":16,"turns":16},{"damage":0,"enemies":"Chosen","floor":18,"turns":3},{"damage":0,"enemies":"3 Byrds","floor":22,"turns":4},{"damage":0,"enemies":"Slavers","floor":24,"turns":4},{"damage":0,"enemies":"Snecko","floor":25,"turns":3},{"damage":0,"enemies":"Shelled Parasite and Fungi","floor":28,"turns":4},{"damage":0,"enemies":"Book of Stabbing","floor":31,"turns":4},{"damage":0,"enemies":"Champ","floor":33,"turns":10},{"damage":0,"enemies":"3 Shapes","floor":35,"turns":5},{"damage":0,"enemies":"Orb Walker","floor":38,"turns":3},{"damage":6,"enemies":"Sphere and 2 Shapes","floor":39,"turns":5},{"damage":7,"enemies":"Nemesis","floor":45,"turns":5},{"damage":0,"enemies":"3 Darklings","floor":46,"turns":3},{"damage":0,"enemies":"Giant Head","floor":47,"turns":6},{"damage":15,"enemies":"Donu and Deca","floor":50,"turns":7}],"seed_played":"9117583163331495467","potions_obtained":[{"floor":1,"key":"Energy Potion"},{"floor":3,"key":"EssenceOfSteel"},{"floor":7,"key":"DistilledChaos"},{"floor":14,"key":"Energy Potion"},{"floor":24,"key":"PowerPotion"},{"floor":25,"key":"Block Potion"},{"floor":39,"key":"Dexterity Potion"}],"is_trial":false,"path_per_floor":["M","?","M","$","T","E","M","E","T","R","$","R","?","M","R","B",null,"M","?","?","T","M","R","E","M","T","$","M","$","R","E","R","B",null,"M","?","?","M","M","R","$","R","T","R","E","M","E","?","R","B",null],"character_chosen":"THE_SILENT","items_purchased":["Infinite Blades","Cloak And Dagger","Sling","Footwork","TwistedFunnel"],"campfire_rested":0,"item_purchase_floors":[4,11,27,29,41],"current_hp_per_floor":[70,70,70,70,70,56,56,37,37,37,37,37,37,35,35,21,70,70,70,70,70,70,70,70,70,70,70,72,72,72,74,74,76,76,76,76,76,76,72,72,72,72,72,72,67,69,69,69,69,54],"gold":195,"neow_bonus":"RANDOM_COMMON_RELIC","is_daily":false,"chose_seed":false,"campfire_upgraded":10,"win_rate":0.0,"timestamp":1613694322,"path_taken":["M","?","M","$","?","E","?","E","T","R","$","R","?","?","R","BOSS","M","?","?","?","M","R","E","M","T","?","?","$","R","E","R","BOSS","M","?","?","M","M","R","$","R","T","R","E","M","E","?","R","BOSS"],"items_purchased_type":["Card","Card","Relic","Card","Relic"],"build_version":"2020-12-22","purchased_purges":2,"victory":true,"max_hp_per_floor":[70,70,70,70,70,70,70,70,70,70,70,70,70,70,70,70,70,70,70,70,70,70,70,70,70,70,70,72,72,72,74,74,76,76,76,76,76,76,78,78,78,78,78,78,80,82,82,78,78,78],"card_choices":[{"not_picked":["Outmaneuver","Deadly Poison","Underhanded Strike"],"picked":"SKIP","floor":3},{"not_picked":["Pace","Dodge and Roll"],"picked":"Footwork","floor":6},{"not_picked":["Backflip","Poisoned Stab","Underhanded Strike"],"picked":"SKIP","floor":7},{"not_picked":["Riddle With Holes","Bane","Distraction"],"picked":"SKIP","floor":8},{"not_picked":["Deadly Poison","Catalyst"],"picked":"PiercingWail","floor":14},{"not_picked":["Night Terror","Adrenaline"],"picked":"Envenom","floor":16},{"not_picked":["Pace","Predator+1"],"picked":"Terror","floor":18},{"not_picked":["Expertise","Deadly Poison","Flying Knee"],"picked":"SKIP","floor":22},{"not_picked":["Riddle With Holes","Flechettes"],"picked":"Escape Plan+1","floor":24},{"not_picked":["Slice","Quick Slash"],"picked":"Dodge and Roll","floor":25},{"not_picked":["Pace","Poisoned Stab","Underhanded Strike"],"picked":"Singing Bowl","floor":28},{"not_picked":["Dagger Spray","Acrobatics","Underhanded Strike"],"picked":"Singing Bowl","floor":31},{"not_picked":["Venomology","Corpse Explosion","Doppelganger"],"picked":"Singing Bowl","floor":33},{"not_picked":["Crippling Poison+1","Slice"],"picked":"Infinite Blades","floor":35},{"not_picked":["Masterful Stab","Endless Agony"],"picked":"Cloak And Dagger+1","floor":38},{"not_picked":["Terror+1","Dagger Throw","Deflect"],"picked":"Singing Bowl","floor":39},{"not_picked":["Bouncing Flask+1","Sucker Punch","Caltrops"],"picked":"Singing Bowl","floor":45},{"not_picked":["Acrobatics+1","PiercingWail","Predator+1"],"picked":"Singing Bowl","floor":46},{"not_picked":["Bouncing Flask+1","Infinite Blades"],"picked":"Accuracy+1","floor":47}],"player_experience":902494,"relics_obtained":[{"floor":5,"key":"reliquary:Firecrackers"},{"floor":6,"key":"Regal Pillow"},{"floor":8,"key":"reliquary:ExpiredCoupon"},{"floor":9,"key":"SnailShell"},{"floor":21,"key":"reliquary:KillPill"},{"floor":24,"key":"Singing Bowl"},{"floor":26,"key":"reliquary:WeakTea"},{"floor":31,"key":"Lantern"},{"floor":43,"key":"MealTicket"},{"floor":45,"key":"Juzu Bracelet"},{"floor":47,"key":"Molten Egg 2"}],"event_choices":[{"damage_healed":0,"gold_gain":0,"player_choice":"Gave Potion","damage_taken":0,"relics_obtained":["Ninja Scroll"],"max_hp_gain":0,"max_hp_loss":0,"event_name":"WeMeetAgain","floor":2,"gold_loss":0},{"damage_healed":0,"gold_gain":0,"player_choice":"Forge","damage_taken":0,"max_hp_gain":0,"max_hp_loss":0,"event_name":"Accursed Blacksmith","floor":13,"gold_loss":0,"cards_upgraded":["Footwork"]},{"damage_healed":0,"gold_gain":0,"player_choice":"Opened","damage_taken":0,"relics_obtained":["Happy Flower"],"max_hp_gain":0,"max_hp_loss":0,"event_name":"The Mausoleum","floor":19,"gold_loss":0},{"damage_healed":0,"gold_gain":0,"player_choice":"Ignored","damage_taken":0,"max_hp_gain":0,"max_hp_loss":0,"event_name":"Ghosts","floor":20,"gold_loss":0},{"cards_removed":["Strike_G"],"damage_healed":0,"gold_gain":0,"player_choice":"Removed Attack","damage_taken":0,"max_hp_gain":0,"max_hp_loss":0,"event_name":"Falling","floor":36,"gold_loss":0},{"damage_healed":0,"gold_gain":0,"player_choice":"Bought 0 Potions","damage_taken":0,"max_hp_gain":0,"max_hp_loss":0,"event_name":"The Woman in Blue","floor":37,"gold_loss":0},{"damage_healed":0,"gold_gain":0,"player_choice":"Max HP","damage_taken":0,"max_hp_gain":0,"max_hp_loss":4,"event_name":"Winding Halls","floor":48,"gold_loss":0}],"is_beta":false,"boss_relics":[{"not_picked":["Cursed Key","Empty Cage"],"picked":"WristBlade"},{"not_picked":["Astrolabe","SacredBark"],"picked":"reliquary:RedPaperclip"}],"items_purged_floors":[4,11],"is_endless":false,"potions_floor_spawned":[1,3,7,14,24,25,28,39,47],"ascension_level":1}}