{"host":"r9v0g0iwbsx9dzwu","time":1613724865,"event":{"mods":["ATMod(°¢èªMod)","Act Like it!","Arknights","Aspiration","BaseMod","Minty Spire (QoL Compilation)","MostiFishMod","Reliquary","Replay The Spire","RumiaBox-Â¶Ã×æ«µÄÉñÃØºÐ×Ó","StSLib","TestMod","[IsaacMod]ÒÔÈö¼âËþ","¡¾ÒÅÎï¿¨ÅÆ¡¿REMEMod"],"gold_per_floor":[118,128,147,162,9,43,43,68,140,158,198,198,229,154,154,249,249,263,87,2,2,21,21,53,53,53,53,81,92,128,128,128,226,226,236,236,1235,1254,969,999,999,1028,1028,1028,1061,1098,1098,1126,1126,1190,1190,1190,795,846,1150],"floor_reached":56,"language":"ZHS","playtime":2057,"items_purged":["ats:Strike C","ats:Strike S","ats:Armor Crushing Shot","ats:Curse Doll+1"],"score":1735,"play_id":"567e6401-8441-4b82-af1a-a29f642fd542","local_time":"20210219165425","is_ascension_mode":true,"campfire_choices":[{"data":"ats:Overload","floor":7.0,"key":"SMITH"},{"data":"ats:Emotion Absorption","floor":12.0,"key":"SMITH"},{"data":"Skim","floor":15.0,"key":"SMITH"},{"data":"AT_IchimonjiDouble","floor":23.0,"key":"SMITH"},{"data":"1","floor":27.0,"key":"LIFT"},{"data":"2","floor":32,"key":"LIFT"},{"data":"3","floor":41,"key":"LIFT"},{"floor":44,"key":"RECALL"},{"floor":49,"key":"REST"},{"floor":52,"key":"REST"}],"circlet_count":0,"master_deck":["Skim+1","AT_IchimonjiDouble+1","ats:Overload+1","ats:Overload+1","ats:Song Of Battle+1","ats:Fractured Body+1","ats:Echo Reverb+1","ats:Ambush+1","ats:Disruption Kick+1","ats:Hook Shot+1","ats:Hook Shot+1","ats:Wolf Pack+1","ats:Wolf Pack+1","ats:Phantom+1","ats:Hook Shot+1"],"relics":["AT_ATBox","DaveBox","testmod-TestBox","HushsDoor","REME_ComplimentaryCards","GuppysTail","Medical Kit","RhineSuit","Baka2","BrkXgEgg","ats:Originium","Ccalipers","Replay:Rubber Ducky","DeathBook","Pondfish Scales","Thread and Needle","Sozu","SatanicBible","SumBook","Replay:Bottled Eggs","Girya","Divine Protection","reliquary:Firecrackers","MutagenicStrength","GreenFoldingFan","BelialBook","AT_BellDemon","CeramicFish","SteamSale","reliquary:Stiletto","Meat on the Bone","Damocles","testmod-BalancedPeriapt","Ancient Tea Set","SalivaCoin","Gremlin Food","Replay:Mystery Machine","RhineSuit","ats:Hidden Killer","testmod-LifeArmor","Lantern","Replay:Bandana","Boot","reliquary:BallBearing","Replay:Ringing Soul","ats:Attack","ReplayFunnel","Pear","Bottled Tornado"],"acts_visited":["Exordium","TheCity","TheBeyond","TheEnding"],"potions_floor_usage":[55,55],"damage_taken":[{"damage":0.0,"enemies":"Jaw Worm","floor":1.0,"turns":2.0},{"damage":0.0,"enemies":"Cultist","floor":2.0,"turns":2.0},{"damage":0.0,"enemies":"Small Slimes","floor":3.0,"turns":1.0},{"damage":9.0,"enemies":"Gremlin Gang","floor":4.0,"turns":2.0},{"damage":8.0,"enemies":"Gremlin Nob","floor":6.0,"turns":3.0},{"damage":0.0,"enemies":"Lagavulin","floor":8.0,"turns":3.0},{"damage":0.0,"enemies":"2 Fungi Beasts","floor":10.0,"turns":1.0},{"damage":7.0,"enemies":"3 Sentries","floor":13.0,"turns":3.0},{"damage":26.0,"enemies":"Slime Boss","floor":16.0,"turns":5.0},{"damage":0.0,"enemies":"3 Byrds","floor":18.0,"turns":4.0},{"damage":0.0,"enemies":"Chosen","floor":22.0,"turns":3.0},{"damage":3.0,"enemies":"Slavers","floor":24.0,"turns":2.0},{"damage":0.0,"enemies":"Snake Plant","floor":25.0,"turns":2.0},{"damage":0.0,"enemies":"Book of Stabbing","floor":28.0,"turns":2.0},{"damage":0,"enemies":"Chosen and Byrds","floor":29,"turns":3},{"damage":0,"enemies":"Gremlin Leader","floor":30,"turns":3},{"damage":0,"enemies":"Collector","floor":33,"turns":3},{"damage":0,"enemies":"3 Darklings","floor":35,"turns":2},{"damage":0,"enemies":"Orb Walker","floor":38,"turns":1},{"damage":0,"enemies":"Reptomancer","floor":40,"turns":3},{"damage":0,"enemies":"R_Hoarder","floor":42,"turns":4},{"damage":0,"enemies":"Reptomancer","floor":45,"turns":3},{"damage":0,"enemies":"Sphere and 2 Shapes","floor":46,"turns":3},{"damage":0,"enemies":"R_Hoarder","floor":48,"turns":1},{"damage":0,"enemies":"Time Eater","floor":50,"turns":3},{"damage":0,"enemies":"Shield and Spear","floor":54,"turns":3},{"damage":0,"enemies":"Delirium","floor":55,"turns":5}],"seed_played":"1169223129923784464","potions_obtained":[{"floor":1.0,"key":"testmod-TestPotion"},{"floor":3.0,"key":"Fire Potion"},{"floor":8.0,"key":"SpeedPotion"},{"floor":13.0,"key":"GamblersBrew"}],"is_trial":false,"path_per_floor":["M","M","M","M","$","E","R","E","T","M","?","R","E","$","R","B",null,"M","$","?","$","M","R","E","M","T","R","E","M","E","?","R","B",null,"M","?","?","M","$","E","R","E","T","R","E","M","?","E","R","B",null,"R","$","E","B",null],"character_chosen":"DOCTOR_CLASS","items_purchased":["BrkXgEgg","SatanicBible","ats:Disruption Kick+1","BelialBook","ats:Wolf Pack","SteamSale","reliquary:Stiletto","ats:Wolf Pack+1","reliquary:BallBearing","Replay:Ringing Soul","ats:Attack"],"campfire_rested":2,"item_purchase_floors":[5,17,19,34,34,39,39,39,53,53,53],"current_hp_per_floor":[72,72,72,63,63,55,55,55,55,55,40,40,33,33,33,37,57,57,57,57,57,57,57,54,54,54,54,54,54,54,54,54,54,43,43,28,28,38,38,43,43,43,43,43,43,43,43,43,43,43,43,43,43,48,48],"gold":1150,"neow_bonus":"BOSS_RELIC","is_daily":false,"chose_seed":false,"campfire_upgraded":4,"win_rate":0.0,"timestamp":1613724865,"path_taken":["M","M","M","M","$","E","R","E","T","M","?","R","E","$","R","BOSS","M","$","?","?","M","R","E","M","T","R","E","M","E","?","R","BOSS","M","?","?","M","?","E","R","E","T","R","E","M","?","E","R","BOSS","R","$","E","BOSS"],"items_purchased_type":["Relic","Relic","Card","Relic","Card","Relic","Relic","Card","Relic","Relic","Relic"],"build_version":"2020-12-22","purchased_purges":4,"victory":true,"max_hp_per_floor":[72,72,72,72,72,72,72,72,72,72,72,72,72,72,72,72,57,57,57,57,57,57,57,57,57,57,57,57,57,57,57,57,57,43,43,43,43,43,43,43,43,43,43,43,43,43,43,43,43,43,43,43,43,48,48],"card_choices":[{"not_picked":["ats:Flexible Camouflage","ats:Spore Proliferation"],"picked":"ats:Overload","floor":1.0},{"not_picked":["ats:Shell Defense","ats:Very Hot Blade","ats:Guardian Obelisk"],"picked":"SKIP","floor":2.0},{"not_picked":["ats:Composite Medical Shells","ats:Volcano","ats:Poison Spread"],"picked":"SKIP","floor":3.0},{"not_picked":["ats:Ignite","ats:Shell Defense","ats:Guard Mode"],"picked":"SKIP","floor":4.0},{"not_picked":["ats:Healing Strengthening","ats:Leaping Hammer","ats:Assault Order"],"picked":"SKIP","floor":6.0},{"not_picked":["ats:Flame Of Heaven","ats:Soul Rend+1","ats:Directed Diagnosis"],"picked":"SKIP","floor":8.0},{"not_picked":["ats:Absolute Focus","ats:Charging Defense"],"picked":"ats:Song Of Battle","floor":10.0},{"not_picked":["ats:Thermite Blade","ats:Revitalization","ats:Steam Pump"],"picked":"SKIP","floor":13.0},{"not_picked":["ats:Ambush+1","ats:Durian+1"],"picked":"ats:Fractured Body+1","floor":16.0},{"not_picked":["ats:Guard Mode","ats:Poison Spread","ats:Healing Drone"],"picked":"SKIP","floor":18.0},{"not_picked":["ats:Blood Oath+1","ats:Support Order+1","ats:Charging Defense"],"picked":"SKIP","floor":22.0},{"not_picked":["ats:Red Shift","ats:Composite Medical Shells","ats:Echo Reverb+1"],"picked":"SKIP","floor":24.0},{"not_picked":["ats:Consecutive Shot Auto","ats:Leaping Hammer"],"picked":"ats:Hook Shot","floor":25.0},{"not_picked":["ats:Closed Bolt Burst Fire","ats:Hammer On+1"],"picked":"ats:Hook Shot","floor":28},{"not_picked":["ats:Very Hot Blade+1","ats:Cat Scratch","ats:Automatic Cover"],"picked":"SKIP","floor":29},{"not_picked":["ats:Ambush+1","ats:Apocalypse","ats:Flame Of Heaven"],"picked":"SKIP","floor":30},{"not_picked":["ats:Defend Order+1","ats:Ignite","ats:Shell Defense"],"picked":"SKIP","floor":35},{"not_picked":["ats:Ignite","ats:Closed Bolt Burst Fire","ats:Curse Doll+1"],"picked":"SKIP","floor":38},{"not_picked":["ats:Beaten Up","ats:Ignite","ats:Part Time Job"],"picked":"SKIP","floor":40},{"not_picked":["ats:Beaten Up+1","ats:Shadow Assault+1","ats:Flexible Camouflage"],"picked":"SKIP","floor":42},{"not_picked":["ats:Absolute Focus","ats:Composite Medical Shells","ats:Sword Rain"],"picked":"SKIP","floor":45},{"not_picked":["ats:Shell Defense+1","ats:Powerful Strike+1"],"picked":"ats:Phantom","floor":46},{"not_picked":["ats:Flexible Camouflage","ats:Ignite"],"picked":"ats:Hook Shot+1","floor":46},{"not_picked":["ats:Guard Mode","ats:Encircling Forest+1","ats:Powerful Strike"],"picked":"SKIP","floor":46},{"not_picked":["ats:Flexible Camouflage+1","ats:Cat Scratch","ats:Powerful Strike+1"],"picked":"SKIP","floor":46},{"not_picked":["ats:Guardian Obelisk","ats:Apocalypse+1","ats:Beaten Up+1"],"picked":"SKIP","floor":48},{"not_picked":["ats:Literary Storm+1","ats:Counter Healing Mode","ats:Poison Spread+1"],"picked":"SKIP","floor":48},{"not_picked":["ats:Thorns","ats:Roar Of Ursus+1","ats:Blood Oath+1"],"picked":"SKIP","floor":48},{"not_picked":["ats:Ignite+1","ats:Closed Bolt Burst Fire","ats:Neurotoxin"],"picked":"SKIP","floor":48},{"not_picked":["ats:Shell Defense","ats:Powerful Strike","ats:Apocalypse"],"picked":"SKIP","floor":54}],"player_experience":72270,"relics_obtained":[{"floor":1.0,"key":"Baka"},{"floor":2.0,"key":"Baka2"},{"floor":6.0,"key":"ats:Originium"},{"floor":6.0,"key":"Ccalipers"},{"floor":8.0,"key":"ats:Originium"},{"floor":8.0,"key":"Replay:Rubber Ducky"},{"floor":9.0,"key":"DeathBook"},{"floor":10.0,"key":"Pondfish Scales"},{"floor":13.0,"key":"ats:Originium"},{"floor":13.0,"key":"Thread and Needle"},{"floor":24.0,"key":"ats:Originium"},{"floor":24.0,"key":"Replay:Bottled Eggs"},{"floor":26.0,"key":"Girya"},{"floor":28,"key":"Divine Protection"},{"floor":30,"key":"reliquary:Firecrackers"},{"floor":38,"key":"CeramicFish"},{"floor":40,"key":"Meat on the Bone"},{"floor":40,"key":"Damocles"},{"floor":42,"key":"testmod-BalancedPeriapt"},{"floor":42,"key":"Ancient Tea Set"},{"floor":42,"key":"SalivaCoin"},{"floor":45,"key":"Diplopia"},{"floor":45,"key":"Gremlin Food"},{"floor":45,"key":"Replay:Mystery Machine"},{"floor":46,"key":"ats:Hidden Killer"},{"floor":46,"key":"testmod-LifeArmor"},{"floor":48,"key":"Lantern"},{"floor":48,"key":"Replay:Bandana"},{"floor":48,"key":"Boot"},{"floor":54,"key":"ReplayFunnel"},{"floor":54,"key":"Pear"},{"floor":54,"key":"Bottled Tornado"}],"event_choices":[{"damage_healed":0.0,"max_hp_gain":0.0,"max_hp_loss":0.0,"gold_gain":0.0,"event_name":"Addict","player_choice":"Obtained Relic","floor":20.0,"gold_loss":85.0,"damage_taken":0.0,"relics_obtained":["SumBook"]},{"damage_healed":0,"gold_gain":0,"player_choice":"Inject Mutagens","damage_taken":0,"relics_obtained":["MutagenicStrength"],"max_hp_gain":0,"max_hp_loss":0,"event_name":"Drug Dealer","floor":31,"gold_loss":0},{"damage_healed":0,"gold_gain":999,"player_choice":"Sell","damage_taken":0,"max_hp_gain":0,"max_hp_loss":0,"event_name":"¶÷ÂåË¹µÄÅÌ×Ó","floor":37,"relics_lost":["testmod-Temperance"],"gold_loss":0},{"damage_healed":0,"gold_gain":0,"player_choice":"Upgraded","damage_taken":0,"max_hp_gain":0,"max_hp_loss":0,"event_name":"Upgrade Shrine","floor":47,"gold_loss":0,"cards_upgraded":["ats:Phantom"]}],"is_beta":false,"boss_relics":[{"not_picked":["ExusiaiGun","REME_DuelDisc"],"picked":"Sozu"},{"not_picked":[]},{"not_picked":["testmod-Nine","aspiration:RitualDagger"],"picked":"GreenFoldingFan"},{"not_picked":[]}],"items_purged_floors":[14,17,19,53],"is_endless":false,"potions_floor_spawned":[1,3,8,13,16,24,25,28,29,30,40,45,46,54],"ascension_level":3}}