{"host":"7cp3z5w0tcrrm8ys","time":1613705087,"event":{"mods":["AchievementEnabler","BaseMod","DeckTracker","Minty Spire (QoL Compilation)","StSLib","SuperFastMode"],"gold_per_floor":[118,118,130,130,155,155,230,8,53,53,53,103,124,144,144,144,144],"floor_reached":16,"language":"KOR","playtime":287,"items_purged":[],"score":180,"play_id":"9fbbfdf6-0491-4815-bb06-28822c422ef1","local_time":"20210219122447","is_ascension_mode":true,"campfire_choices":[{"data":"Bash","floor":6,"key":"SMITH"},{"data":"Clothesline","floor":10,"key":"SMITH"},{"data":"Blood for Blood","floor":15,"key":"SMITH"}],"circlet_count":0,"master_deck":["AscendersBane","Strike_R","Strike_R","Strike_R","Strike_R","Strike_R","Defend_R","Defend_R","Defend_R","Defend_R","Bash+1","Rampage","Clothesline+1","Dropkick","Blood for Blood+1","Blood for Blood"],"relics":["Burning Blood","Happy Flower","Paper Frog","Golden Idol","MealTicket","Akabeko"],"acts_visited":["Exordium"],"potions_floor_usage":[16,16],"damage_taken":[{"damage":7,"enemies":"Cultist","floor":1,"turns":4},{"damage":5,"enemies":"Small Slimes","floor":3,"turns":3},{"damage":7,"enemies":"Jaw Worm","floor":5,"turns":3},{"damage":6,"enemies":"Looter","floor":13,"turns":3},{"damage":4,"enemies":"3 Louse","floor":14,"turns":4},{"damage":56,"enemies":"Slime Boss","floor":16,"turns":9}],"seed_played":"-2553894157593530290","potions_obtained":[{"floor":1,"key":"LiquidBronze"}],"is_trial":false,"path_per_floor":["M","?","M","?","M","R","?","$","T","R","$","?","M","M","R","B"],"character_chosen":"IRONCLAD","items_purchased":["MealTicket","Explosive Potion"],"campfire_rested":0,"item_purchase_floors":[8,8],"current_hp_per_floor":[67,49,50,50,49,49,38,38,38,38,53,47,47,49,49,0,0],"gold":144,"neow_bonus":"RANDOM_COMMON_RELIC","is_daily":false,"chose_seed":false,"campfire_upgraded":3,"win_rate":0.0,"timestamp":1613705087,"path_taken":["M","?","M","?","M","R","?","$","T","R","?","?","M","M","R","BOSS"],"items_purchased_type":["Relic","Potion"],"build_version":"2020-12-22","purchased_purges":0,"victory":false,"max_hp_per_floor":[75,75,75,68,68,68,68,68,68,68,68,68,68,68,68,68,68],"card_choices":[{"not_picked":["Havoc","Spot Weakness"],"picked":"Rampage","floor":1},{"not_picked":["Spot Weakness","Sword Boomerang"],"picked":"Clothesline","floor":3},{"not_picked":["Clothesline","Uppercut"],"picked":"Dropkick","floor":5},{"not_picked":["Twin Strike","Brutality"],"picked":"Blood for Blood","floor":13},{"not_picked":["Sword Boomerang","Thunderclap"],"picked":"Blood for Blood","floor":14}],"player_experience":821258,"relics_obtained":[{"floor":9,"key":"Akabeko"}],"event_choices":[{"damage_healed":0,"gold_gain":0,"player_choice":"Success","damage_taken":18,"relics_obtained":["Paper Frog"],"max_hp_gain":0,"max_hp_loss":0,"event_name":"Scrap Ooze","floor":2,"gold_loss":0},{"damage_healed":0,"gold_gain":0,"player_choice":"Lose Max HP","damage_taken":0,"relics_obtained":["Golden Idol"],"max_hp_gain":0,"max_hp_loss":7,"event_name":"Golden Idol","floor":4,"gold_loss":0},{"damage_healed":0,"gold_gain":75,"player_choice":"Gather Gold","damage_taken":11,"max_hp_gain":0,"max_hp_loss":0,"event_name":"World of Goop","floor":7,"gold_loss":0},{"damage_healed":0,"gold_gain":50,"player_choice":"Touch","damage_taken":6,"max_hp_gain":0,"max_hp_loss":0,"event_name":"FaceTrader","floor":12,"gold_loss":0}],"is_beta":false,"boss_relics":[],"items_purged_floors":[],"is_endless":false,"potions_floor_spawned":[1,13],"killed_by":"Slime Boss","ascension_level":20}}