{"host":"sav7uxregyirlf69","time":1613703929,"event":{"mods":["AchievementEnabler","BaseMod","Colored Map","DeckTracker","Keyboard Shortcuts","Minty Spire (QoL Compilation)","READ ME - Guardian Mod","StSLib","SuperFastMode"],"gold_per_floor":[110,127,141,56,56,87,87,105,105,123,123,139,139,153,153,153,153],"floor_reached":16,"language":"KOR","playtime":242,"items_purged":[],"score":208,"play_id":"70488531-33b1-4fa9-9b62-5f3018a95930","local_time":"20210219120529","is_ascension_mode":true,"campfire_choices":[{"data":"Blade Dance","floor":7,"key":"SMITH"},{"floor":11,"key":"REST"},{"data":"Neutralize","floor":13,"key":"SMITH"},{"data":"Accuracy","floor":15,"key":"SMITH"}],"circlet_count":0,"master_deck":["AscendersBane","Strike_G","Strike_G","Strike_G","Strike_G","Strike_G","Defend_G","Defend_G","Defend_G","Defend_G","Defend_G","Survivor","Neutralize+1","Heel Hook","Blade Dance+1","Finisher","Accuracy+1","Tactician","Backflip"],"relics":["Ring of the Snake","NeowsBlessing","Torii","Ginger"],"acts_visited":["Exordium"],"potions_floor_usage":[6,8,16],"damage_taken":[{"damage":0,"enemies":"2 Louse","floor":1,"turns":1},{"damage":0,"enemies":"Jaw Worm","floor":2,"turns":1},{"damage":0,"enemies":"Cultist","floor":3,"turns":1},{"damage":39,"enemies":"3 Sentries","floor":6,"turns":11},{"damage":17,"enemies":"2 Fungi Beasts","floor":8,"turns":5},{"damage":8,"enemies":"Lots of Slimes","floor":10,"turns":4},{"damage":2,"enemies":"Exordium Thugs","floor":12,"turns":3},{"damage":2,"enemies":"Exordium Wildlife","floor":14,"turns":5},{"damage":22,"enemies":"Hexaghost","floor":16,"turns":7}],"seed_played":"2814343009225099844","potions_obtained":[{"floor":1,"key":"Dexterity Potion"},{"floor":3,"key":"Regen Potion"},{"floor":8,"key":"Swift Potion"}],"is_trial":false,"path_per_floor":["M","M","M","$","?","E","R","M","T","M","R","M","R","M","R","B"],"character_chosen":"THE_SILENT","items_purchased":["Accuracy"],"campfire_rested":1,"item_purchase_floors":[4],"current_hp_per_floor":[59,59,59,59,59,20,20,15,15,7,26,24,24,22,22,0,0],"gold":153,"neow_bonus":"THREE_ENEMY_KILL","is_daily":false,"chose_seed":false,"campfire_upgraded":3,"win_rate":0.0,"timestamp":1613703929,"path_taken":["M","M","M","$","?","E","R","M","T","M","R","M","R","M","R","BOSS"],"items_purchased_type":["Card"],"build_version":"2020-12-22","purchased_purges":0,"victory":false,"max_hp_per_floor":[66,66,66,66,66,66,66,66,66,66,66,66,66,66,66,66,66],"card_choices":[{"not_picked":["Blur","Finisher"],"picked":"Heel Hook","floor":1},{"not_picked":["Endless Agony","Crippling Poison"],"picked":"Blade Dance","floor":2},{"not_picked":["Underhanded Strike","Blade Dance"],"picked":"Finisher","floor":3},{"not_picked":["Concentrate","Backflip"],"picked":"Tactician","floor":6},{"not_picked":["Catalyst","Dash","PiercingWail"],"picked":"SKIP","floor":8},{"not_picked":["Bane","Predator","Outmaneuver"],"picked":"SKIP","floor":10},{"not_picked":["Dash","Choke"],"picked":"Backflip","floor":14}],"player_experience":1614881,"relics_obtained":[{"floor":6,"key":"Torii"},{"floor":9,"key":"Ginger"}],"event_choices":[{"damage_healed":0,"gold_gain":0,"player_choice":"Leave","damage_taken":0,"max_hp_gain":0,"max_hp_loss":0,"event_name":"The Cleric","floor":5,"gold_loss":0}],"is_beta":false,"boss_relics":[],"items_purged_floors":[],"is_endless":false,"potions_floor_spawned":[1,3,8],"killed_by":"Hexaghost","ascension_level":20}}