{"host":"7s2d9a8gejctdvjm","time":1613699572,"event":{"mods":["BaseMod","Downfall","Hermit","Marisa????????","Minty Spire (QoL Compilation)","StSLib","The Servant 0.9.4"],"gold_per_floor":[110,125,125,125,135,135,165,165,192,192,142,64,78,106,106,106,106],"floor_reached":16,"language":"ENG","playtime":857,"items_purged":[],"score":108,"play_id":"3d804a92-7af9-45e5-b99c-0fca842f4bb7","local_time":"20210218175252","is_ascension_mode":false,"campfire_choices":[{"data":"hermit:WideOpen","floor":6,"key":"SMITH"},{"data":"hermit:Manifest","floor":8,"key":"SMITH"},{"data":"hermit:FlashPowder","floor":10,"key":"SMITH"},{"data":"hermit:FatalDesire","floor":15,"key":"SMITH"}],"circlet_count":0,"master_deck":["hermit:Strike_Hermit","hermit:Strike_Hermit","hermit:Strike_Hermit","hermit:Defend_Hermit","hermit:Defend_Hermit","hermit:Defend_Hermit","hermit:Defend_Hermit","hermit:Snapshot","hermit:Covet","hermit:WideOpen+1","hermit:Quickdraw","hermit:Manifest+1","hermit:FlashPowder+1","hermit:Determination","hermit:FatalDesire+1"],"relics":["hermit:Momento","NeowsBlessing","hermit:RyeStalk","Oddly Smooth Stone","Regal Pillow","Bottled Lightning"],"acts_visited":["Exordium"],"potions_floor_usage":[14,16],"damage_taken":[{"damage":0,"enemies":"Cultist","floor":1,"turns":1},{"damage":0,"enemies":"2 Louse","floor":2,"turns":1},{"damage":0,"enemies":"Jaw Worm","floor":5,"turns":1},{"damage":37,"enemies":"3 Sentries","floor":7,"turns":12},{"damage":0,"enemies":"2 Fungi Beasts","floor":13,"turns":4},{"damage":10,"enemies":"Lagavulin","floor":14,"turns":6},{"damage":22,"enemies":"Hexaghost","floor":16,"turns":14}],"seed_played":"-767629345879814073","potions_obtained":[{"floor":5,"key":"Fire Potion"},{"floor":7,"key":"PowerPotion"},{"floor":13,"key":"GamblersBrew"}],"is_trial":false,"path_per_floor":["M","M","?","?","M","R","E","R","T","R","?","$","M","E","R","B"],"character_chosen":"HERMIT","items_purchased":["hermit:Determination"],"campfire_rested":0,"item_purchase_floors":[12],"current_hp_per_floor":[75,75,68,68,68,68,31,31,31,31,31,31,31,21,21,0,0],"gold":106,"neow_bonus":"THREE_ENEMY_KILL","is_daily":false,"chose_seed":false,"campfire_upgraded":4,"win_rate":0.0,"timestamp":1613699572,"path_taken":["M","?","?","?","M","R","E","R","T","R","?","$","M","E","R","BOSS"],"items_purchased_type":["Card"],"build_version":"2020-12-22","purchased_purges":0,"victory":false,"max_hp_per_floor":[75,75,75,75,75,75,75,75,75,75,75,75,75,75,75,75,75],"card_choices":[{"not_picked":["hermit:SprayPray","hermit:Feint"],"picked":"hermit:WideOpen","floor":1},{"not_picked":["hermit:Snipe","hermit:HighCaliber"],"picked":"hermit:Quickdraw","floor":2},{"not_picked":["hermit:Brawl","hermit:ShadowCloak"],"picked":"hermit:Manifest","floor":5},{"not_picked":["hermit:HoleUp","hermit:EternalForm"],"picked":"hermit:FlashPowder","floor":7},{"not_picked":["hermit:Gestalt","hermit:Spite","hermit:TakeAim"],"picked":"SKIP","floor":13},{"not_picked":["hermit:Misfire","hermit:Ricochet"],"picked":"hermit:FatalDesire","floor":14}],"player_experience":54410,"relics_obtained":[{"floor":7,"key":"Oddly Smooth Stone"},{"floor":9,"key":"Regal Pillow"},{"floor":14,"key":"Bottled Lightning"}],"event_choices":[{"damage_healed":0,"gold_gain":0,"player_choice":"Success","damage_taken":7,"relics_obtained":["hermit:RyeStalk"],"max_hp_gain":0,"max_hp_loss":0,"event_name":"Scrap Ooze","floor":3,"gold_loss":0},{"damage_healed":0,"gold_gain":0,"player_choice":"Ignored","damage_taken":0,"max_hp_gain":0,"max_hp_loss":0,"event_name":"Liars Game","floor":4,"gold_loss":0},{"cards_removed":["hermit:Strike_Hermit"],"damage_healed":0,"gold_gain":0,"player_choice":"Card Removal","damage_taken":0,"max_hp_gain":0,"max_hp_loss":0,"event_name":"The Cleric","floor":11,"gold_loss":50}],"is_beta":false,"boss_relics":[],"items_purged_floors":[],"is_endless":false,"potions_floor_spawned":[5,7,13],"killed_by":"Hexaghost","ascension_level":0}}