{"host":"flm17o2q7bfjyna6","time":1613764776,"event":{"mods":["2.2 Compatiblity","Act Like it!","BaseMod","Better Altar","Better Match","Better Note","Better Sensory Stone","Better Skull","Better Third Choice","Better Vampires","Colored Map","Colored Powertips","DeckTracker","Downfall","Fox Events","Minty Spire (QoL Compilation)","Quick Restart","Replay The Spire","Reworked Bosses","Spicy Shops","StSLib","TheSwordswoman","Wandering Minibosses"],"gold_per_floor":[99,117,117,129,1,331,331,331,361,381,17,17,17,36,56,161,161,161,177,177,177,177,177,226,244,269,279,303,314,31,46,58,161,161,161,180,199,199,28,41,41,56,56,91,91,15,15,32,49,49],"floor_reached":51,"language":"ENG","playtime":3186,"items_purged":["champ:Strike","Regret"],"score":774,"play_id":"93c3323f-b90e-4753-884b-fb4a8bf1efb8","local_time":"20210219145936","is_ascension_mode":false,"campfire_choices":[{"data":"champ:Taunt","floor":1,"key":"SMITH"},{"data":"champ:Encircle","floor":12,"key":"SMITH"},{"data":"champ:CheapShot","floor":18,"key":"SMITH"},{"data":"champ:Duel","floor":23,"key":"SMITH"},{"data":"champ:GutPunch","floor":35,"key":"SMITH"},{"floor":45,"key":"REST"}],"circlet_count":0,"master_deck":["champ:Strike","champ:Strike","champ:Defend","champ:Defend","champ:Defend","champ:Defend","champ:Execute","champ:Taunt+1","champ:GladiatorForm","champ:StanceDance","champ:Duel+1","champ:DeathBlow","champ:Encircle+1","champ:TornadoPunch","champ:GutPunch","champ:FocusedDefense","expansioncontent:AwakenDeath","champ:EnGarde+1","champ:Haymaker","champ:CheapShot+1","champ:StanceDance+1","RitualDagger","champ:Backstep+1","champ:EnGarde+1","champ:Backstep+1","champ:EndlessRage","Finesse+1","champ:GutPunch+1","champ:UltimateStance+1","champ:BerserkersShout+1","champ:Shatter+1","champ:HoldFirm+1","champ:AdrenalArmor+1","champ:StanceDance+1","expansioncontent:PrepareCrush+1","champ:Shatter+1","champ:DefensiveShout+1","champ:Circumvent+1","champ:AdrenalArmor+1","champ:IronFortress","Parasite","champ:BerserkersShout+1"],"relics":["champ:ChampionCrown","Bronze Scales","Old Coin","Replay:Ringing Soul","MealTicket","Quantum Egg","Toxic Egg 2","SacredBark","Pen Nib","Nunchaku","Bird Faced Urn","Blood Vial","BargainBundle","TheAbacus","sneckomod:SneckoTalon","Shuriken","Vajra","ReplayTheSpireMod:Ninjato","Iron Hammer"],"acts_visited":["Exordium","TheCity","TheBeyond"],"potions_floor_usage":[11,16,25,33,33,33,50],"damage_taken":[{"damage":17,"enemies":"Cultist","floor":2,"turns":4},{"damage":10,"enemies":"2 Louse","floor":4,"turns":2},{"damage":30,"enemies":"downfall:FleeingMerchant","floor":5,"turns":4},{"damage":47,"enemies":"3 Sentries","floor":9,"turns":5},{"damage":6,"enemies":"Small Slimes","floor":10,"turns":3},{"damage":28,"enemies":"downfall:FleeingMerchant","floor":11,"turns":4},{"damage":40,"enemies":"Exordium Thugs","floor":14,"turns":3},{"damage":21,"enemies":"Large Slime","floor":15,"turns":5},{"damage":60,"enemies":"IC_STATUS_ARCHETYPE","floor":16,"turns":8},{"damage":49,"enemies":"Shell Parasite","floor":19,"turns":6},{"damage":27,"enemies":"downfall:LooterAlt2","floor":25,"turns":5},{"damage":40,"enemies":"Replay:Snechameleon","floor":26,"turns":4},{"damage":10,"enemies":"Snake Plant","floor":27,"turns":3},{"damage":38,"enemies":"Cultist and Chosen","floor":29,"turns":5},{"damage":17,"enemies":"downfall:FleeingMerchant","floor":30,"turns":5},{"damage":51,"enemies":"Centurion and Healer","floor":31,"turns":7},{"damage":31,"enemies":"3 Cultists","floor":32,"turns":5},{"damage":104,"enemies":"DF_ARCHETYPE_CLAW","floor":33,"turns":9},{"damage":35,"enemies":"Orb Walker","floor":36,"turns":5},{"damage":44,"enemies":"3 Shapes","floor":37,"turns":5},{"damage":15,"enemies":"downfall:FleeingMerchant","floor":39,"turns":2},{"damage":14,"enemies":"Spire Growth","floor":40,"turns":4},{"damage":43,"enemies":"Sphere and 2 Shapes","floor":42,"turns":7},{"damage":192,"enemies":"Reptomancer","floor":44,"turns":7},{"damage":15,"enemies":"Writhing Mass","floor":48,"turns":5},{"damage":57,"enemies":"Jaw Worm Horde","floor":49,"turns":5},{"damage":131,"enemies":"SI_POISON_ARCHETYPE","floor":50,"turns":16}],"seed_played":"-6518736820108113232","potions_obtained":[{"floor":2,"key":"FearPotion"},{"floor":14,"key":"Weak Potion"},{"floor":16,"key":"Languid Potion"},{"floor":25,"key":"Dexterity Potion"},{"floor":26,"key":"Weak Potion"},{"floor":27,"key":"SpeedPotion"},{"floor":40,"key":"Cursed Concoction"},{"floor":42,"key":"champ:OpenerPotion"},{"floor":44,"key":"BlessingOfTheForge"},{"floor":48,"key":"champ:TechniquePotion"}],"is_trial":false,"path_per_floor":["R","M","T","M","$","?","T","?","E","M","$","R","?","M","M","B",null,"R","M","?","?","T","R","T","M","E","M","T","M","$","M","M","B",null,"R","M","M","?","$","M","T","M","?","E","R","$","?","M","M","B",null],"character_chosen":"THE_CHAMP","items_purchased":["champ:Encircle","Toxic Egg 2","expansioncontent:AwakenDeath","BargainBundle","Finesse+1","champ:GutPunch","champ:UltimateStance+1","champ:OpenerPotion","hexamod:SoulburnPotion","TheAbacus","Shuriken","Vajra","champ:IronFortress"],"campfire_rested":1,"item_purchase_floors":[5,11,11,30,30,30,30,30,30,30,39,39,46],"current_hp_per_floor":[81,74,74,74,74,74,74,77,58,55,65,65,65,48,50,18,102,102,86,86,83,83,83,83,69,62,65,65,64,82,70,71,25,129,129,118,96,99,119,110,110,111,129,24,63,81,81,86,77,30],"gold":49,"neow_bonus":"THREE_RARE_CARDS","is_daily":false,"chose_seed":false,"campfire_upgraded":5,"win_rate":0.0,"timestamp":1613764776,"path_taken":["R","M","?","M","?","?","T","?","E","M","$","R","?","?","M","BOSS","R","M","?","?","?","R","T","M","E","M","?","M","$","M","M","BOSS","R","M","?","?","$","M","T","M","?","E","R","$","?","M","M","BOSS"],"items_purchased_type":["Card","Relic","Card","Relic","Card","Card","Card","Potion","Potion","Relic","Relic","Relic","Card"],"build_version":"2020-12-22","purchased_purges":2,"victory":true,"max_hp_per_floor":[81,81,81,81,81,81,81,84,87,90,93,93,93,96,99,102,102,102,105,105,108,108,108,108,111,114,117,117,117,120,123,126,129,129,129,132,135,138,141,144,144,147,129,132,132,135,135,138,138,138],"card_choices":[{"not_picked":["champ:SteelEdge","champ:IgnorePain"],"picked":"champ:GladiatorForm","floor":0},{"not_picked":["champ:BladeFlurry","champ:DefensiveShout"],"picked":"champ:StanceDance","floor":2},{"not_picked":["champ:GutPunch","champ:FocusedDefense"],"picked":"champ:Duel","floor":4},{"not_picked":["champ:RecklessLeap","champ:CalledShot"],"picked":"champ:DeathBlow","floor":5},{"not_picked":["champ:FanOfKnives","champ:FaceSlap"],"picked":"champ:TornadoPunch","floor":9},{"not_picked":["champ:RisingSlash","champ:GladiatorStyle"],"picked":"champ:GutPunch","floor":10},{"not_picked":["champ:Encircle","champ:UltimateStance"],"picked":"champ:FocusedDefense","floor":11},{"not_picked":["champ:RecklessLeap","champ:Circumvent+1"],"picked":"champ:EnGarde+1","floor":14},{"not_picked":["champ:FlashCut","champ:TornadoPunch"],"picked":"champ:Haymaker","floor":15},{"not_picked":["champ:DancingMaster","champ:GladiatorForm"],"picked":"champ:CheapShot","floor":16},{"not_picked":["champ:BringItOn+1","champ:Endure+1"],"picked":"champ:StanceDance+1","floor":19},{"not_picked":["champ:FanOfKnives","champ:EnGarde+1"],"picked":"champ:Backstep+1","floor":25},{"not_picked":["champ:ViciousMockery+1","champ:Encircle"],"picked":"champ:EnGarde+1","floor":26},{"not_picked":["champ:EnGarde+1","champ:DefensiveShout+1"],"picked":"champ:Backstep+1","floor":27},{"not_picked":["champ:FlashCut","champ:EnGarde+1","champ:Encircle"],"picked":"SKIP","floor":29},{"not_picked":["champ:Circumvent+1","champ:ShieldThrow"],"picked":"champ:EndlessRage","floor":30},{"not_picked":["champ:Backstep+1","champ:GutPunch"],"picked":"champ:BerserkersShout+1","floor":31},{"not_picked":["champ:EnGarde+1","champ:PerfectedStrike"],"picked":"champ:Shatter+1","floor":32},{"not_picked":["champ:ShieldThrow","champ:SwordThrow"],"picked":"champ:HoldFirm+1","floor":33},{"not_picked":["champ:StanceDance+1","champ:GladiatorStyle"],"picked":"champ:AdrenalArmor+1","floor":36},{"not_picked":["champ:GutPunch+1","champ:Shatter"],"picked":"champ:StanceDance+1","floor":37},{"not_picked":["expansioncontent:GuardianWhirl","expansioncontent:InvincibleStrength"],"picked":"expansioncontent:PrepareCrush","floor":38},{"not_picked":["champ:PreciseThrust+1","champ:FlashCut+1"],"picked":"champ:Shatter+1","floor":39},{"not_picked":["champ:Haymaker","champ:Lariat+1"],"picked":"champ:DefensiveShout+1","floor":40},{"not_picked":["champ:PreciseThrust+1","champ:Haymaker"],"picked":"champ:Circumvent+1","floor":42},{"not_picked":["champ:BladeFlurry","champ:Haymaker"],"picked":"champ:AdrenalArmor+1","floor":44},{"not_picked":["champ:TornadoPunch+1","champ:FanOfKnives+1"],"picked":"champ:BerserkersShout+1","floor":48},{"not_picked":["champ:RapidStrikes+1","champ:HeavySlash","champ:TornadoPunch+1"],"picked":"SKIP","floor":49}],"player_experience":1959347,"relics_obtained":[{"floor":3,"key":"Bronze Scales"},{"floor":7,"key":"Replay:Ringing Soul"},{"floor":9,"key":"Quantum Egg"},{"floor":22,"key":"Pen Nib"},{"floor":24,"key":"Nunchaku"},{"floor":26,"key":"Bird Faced Urn"},{"floor":28,"key":"Blood Vial"},{"floor":41,"key":"ReplayTheSpireMod:Ninjato"},{"floor":44,"key":"Iron Hammer"}],"event_choices":[{"damage_healed":0,"gold_gain":0,"player_choice":"Box","damage_taken":0,"relics_obtained":["MealTicket"],"max_hp_gain":0,"max_hp_loss":0,"event_name":"Big Fish","floor":8,"gold_loss":0,"cards_obtained":["Regret"]},{"cards_removed":["champ:Strike"],"damage_healed":0,"gold_gain":0,"player_choice":"Give","damage_taken":0,"max_hp_gain":0,"max_hp_loss":0,"event_name":"betterNote:BetterNote","floor":20,"gold_loss":0,"cards_obtained":["champ:Strike"]}],"is_beta":false,"boss_relics":[{"not_picked":["Painkiller Herb","Coffee Dripper"],"picked":"SacredBark"},{"not_picked":["Velvet Choker","Pandora\u0027s Box"],"picked":"sneckomod:SneckoTalon"}],"items_purged_floors":[30,39],"is_endless":false,"potions_floor_spawned":[2,14,16,25,26,27,40,42,44,48],"ascension_level":0}}