{"host":"ouli64ou9y1a3nxj","time":1613701129,"event":{"mods":["BaseMod","Colored Powertips","Downfall","Minty Spire (QoL Compilation)","StSLib"],"gold_per_floor":[99,117,117,117,0,16,16,47,58,43,54,72,72,83,94,195,195,195,205,21,21,31,82,82,95,114,145,158,158,33,45,64,165,165,65,80,130,130,130,30,30,30,49,66,77,109,122,152,172,172],"floor_reached":51,"language":"ENG","playtime":4707,"items_purged":["Slimebound:Defend_Slimebound","Slimebound:Strike_Slimebound","Slimebound:Defend_Slimebound"],"score":785,"play_id":"57fe73ae-bf5e-4286-b968-8425ebd7fbff","local_time":"20210218211849","is_ascension_mode":false,"campfire_choices":[{"data":"Slimebound:Split","floor":1,"key":"SMITH"},{"data":"Slimebound:FinishingTackle","floor":13,"key":"SMITH"},{"data":"1","floor":18,"key":"LIFT"},{"data":"2","floor":29,"key":"LIFT"},{"floor":35,"key":"RECALL"},{"data":"3","floor":40,"key":"LIFT"},{"floor":42,"key":"DIG"}],"circlet_count":0,"master_deck":["Slimebound:Strike_Slimebound","Slimebound:Tackle","Slimebound:Defend_Slimebound","Slimebound:Defend_Slimebound+1","Slimebound:Split+1","Slimebound:CorrosiveSpit","Slimebound:FinishingTackle+1","Slimebound:LeadByExample+1","Slimebound:ItLooksTasty","Slimebound:SpikyOuterGoop+1","Slimebound:Schlurp","Slimebound:SpikyOuterGoop+1","Slimebound:ProtectTheBoss+1","Slimebound:SplitMire","Slimebound:LeechingTouch","Slimebound:FinishingTackle","Slimebound:FirmFortitude+1","Slimebound:GoopSpray+1","Slimebound:Equalize","Slimebound:LevelUp+1","Slimebound:Equalize+1","Slimebound:ProtectTheBoss+1","Slimebound:RallyTheTroops+1","Slimebound:SplitAcid+1","Slimebound:LeechLife+1","Slimebound:LivingWall+1","Slimebound:SplitBruiser+1","Slimebound:LeechLife+1","Slimebound:GrowthPunch+1"],"relics":["Slimebound:AbsorbEndCombat","Frozen Egg 2","Mango","Girya","Velvet Choker","Molten Egg 2","Bottled Flame","Fusion Hammer","downfall:HeartBlessingGreen","Shovel","downfall:HeartBlessingRed","Letter Opener","Mummified Hand","Shuriken","Mercury Hourglass"],"acts_visited":["Exordium","TheCity","TheBeyond"],"potions_floor_usage":[10,14,15,23,27,28,31,32,33,33,33,38,43,43,46,48,50],"damage_taken":[{"damage":1,"enemies":"Cultist","floor":2,"turns":4},{"damage":12,"enemies":"downfall:FleeingMerchant","floor":5,"turns":4},{"damage":18,"enemies":"Small Slimes","floor":6,"turns":4},{"damage":13,"enemies":"Gremlin Nob","floor":8,"turns":4},{"damage":2,"enemies":"Jaw Worm","floor":9,"turns":3},{"damage":5,"enemies":"downfall:FleeingMerchant","floor":10,"turns":4},{"damage":9,"enemies":"Blue Slaver","floor":11,"turns":3},{"damage":3,"enemies":"Large Slime","floor":12,"turns":4},{"damage":4,"enemies":"Gremlin Gang","floor":14,"turns":4},{"damage":8,"enemies":"Red Slaver","floor":15,"turns":4},{"damage":0,"enemies":"DF_ARCHETYPE_STREAMLINE","floor":16,"turns":9},{"damage":10,"enemies":"Spheric Guardian","floor":19,"turns":4},{"damage":5,"enemies":"downfall:FleeingMerchant","floor":20,"turns":4},{"damage":4,"enemies":"Chosen","floor":22,"turns":3},{"damage":7,"enemies":"downfall:FleeingMerchant","floor":23,"turns":4},{"damage":24,"enemies":"Snake Plant","floor":25,"turns":3},{"damage":15,"enemies":"3 Cultists","floor":26,"turns":5},{"damage":49,"enemies":"Slavers","floor":27,"turns":4},{"damage":5,"enemies":"Snecko","floor":28,"turns":5},{"damage":21,"enemies":"Shelled Parasite and Fungi","floor":31,"turns":3},{"damage":15,"enemies":"Centurion and Healer","floor":32,"turns":5},{"damage":10,"enemies":"IC_MUSHROOM_ARCHETYPE","floor":33,"turns":5},{"damage":23,"enemies":"3 Shapes","floor":36,"turns":4},{"damage":3,"enemies":"3 Shapes","floor":37,"turns":5},{"damage":0,"enemies":"Orb Walker","floor":43,"turns":1},{"damage":0,"enemies":"Transient","floor":44,"turns":5},{"damage":0,"enemies":"Spire Growth","floor":45,"turns":4},{"damage":75,"enemies":"Reptomancer","floor":46,"turns":6},{"damage":12,"enemies":"4 Shapes","floor":47,"turns":3},{"damage":8,"enemies":"Giant Head","floor":48,"turns":7},{"damage":0,"enemies":"Maw","floor":49,"turns":6},{"damage":69,"enemies":"SI_POISON_ARCHETYPE","floor":50,"turns":7}],"seed_played":"8806501597596862581","potions_obtained":[{"floor":2,"key":"GamblersBrew"},{"floor":8,"key":"Energy Potion"},{"floor":9,"key":"Fire Potion"},{"floor":14,"key":"sneckomod:MuddlingPotion"},{"floor":22,"key":"SkillPotion"},{"floor":27,"key":"AttackPotion"},{"floor":28,"key":"Guardian:BlockOnCardUsePotion"},{"floor":31,"key":"ColorlessPotion"},{"floor":32,"key":"EntropicBrew"},{"floor":33,"key":"SteroidPotion"},{"floor":36,"key":"Fire Potion"},{"floor":38,"key":"Fruit Juice"},{"floor":38,"key":"Slimebound:SlimedPotion"},{"floor":38,"key":"Guardian:BlockOnCardUsePotion"},{"floor":44,"key":"Regen Potion"},{"floor":45,"key":"DistilledChaos"},{"floor":49,"key":"Fire Potion"}],"is_trial":false,"path_per_floor":["R","M","?","?","$","M","T","E","M","$","M","M","R","M","M","B",null,"R","M","$","?","M","$","T","M","M","E","M","R","$","M","M","B",null,"R","M","?","?","$","R","T","R","M","M","M","E","M","E","M","B",null],"character_chosen":"SLIMEBOUND","items_purchased":["Slimebound:ItLooksTasty","Slimebound:Equalize","Molten Egg 2","Slimebound:Equalize+1"],"campfire_rested":0,"item_purchase_floors":[5,20,23,23],"current_hp_per_floor":[71,71,71,64,58,44,58,51,53,56,51,56,56,60,58,66,85,85,77,80,72,84,85,85,81,80,52,63,63,63,62,75,85,85,85,74,85,90,90,90,90,90,90,90,90,33,51,88,90,34],"gold":172,"neow_bonus":"TEN_PERCENT_HP_BONUS","is_daily":false,"chose_seed":false,"campfire_upgraded":2,"win_rate":0.0,"timestamp":1613701129,"path_taken":["R","M","?","?","?","M","T","E","M","?","M","M","R","M","M","BOSS","R","M","$","?","?","?","T","M","M","E","M","R","$","?","M","BOSS","R","M","?","?","$","R","T","R","M","M","?","E","M","E","M","BOSS"],"items_purchased_type":["Card","Card","Relic","Card"],"build_version":"2020-12-22","purchased_purges":3,"victory":true,"max_hp_per_floor":[71,71,71,71,71,71,85,85,85,85,85,85,85,85,85,85,85,85,85,85,85,85,85,85,85,85,85,85,85,85,85,85,85,85,85,85,85,90,90,90,90,90,90,90,90,90,90,90,90,90],"card_choices":[{"not_picked":["Slimebound:SamplingLick","Slimebound:HauntingLick"],"picked":"Slimebound:FinishingTackle","floor":2},{"not_picked":["Slimebound:LeechingTouch","Slimebound:Dissolve"],"picked":"Slimebound:LeadByExample+1","floor":5},{"not_picked":["Slimebound:HauntingLick","Slimebound:GoopTackle"],"picked":"Slimebound:SpikyOuterGoop+1","floor":6},{"not_picked":["Slimebound:GoopTackle","Slimebound:RallyTheTroops"],"picked":"Slimebound:Schlurp","floor":8},{"not_picked":["Slimebound:HauntingLick","Slimebound:GoopSpray"],"picked":"Slimebound:SpikyOuterGoop+1","floor":9},{"not_picked":["Slimebound:SplitAcid","Slimebound:LeechingTouch"],"picked":"Slimebound:ProtectTheBoss+1","floor":10},{"not_picked":["Slimebound:SplitBruiser","Slimebound:SlimeSpikes"],"picked":"Slimebound:SplitMire","floor":11},{"not_picked":["Slimebound:GoopTackle","Slimebound:Schlurp","Slimebound:SlimeSpikes"],"picked":"SKIP","floor":12},{"not_picked":["Slimebound:RollThrough","Slimebound:SplitLeeching"],"picked":"Slimebound:LeechingTouch","floor":14},{"not_picked":["Slimebound:Dissolve","Slimebound:OozeBath"],"picked":"Slimebound:FinishingTackle","floor":15},{"not_picked":["Slimebound:WasteNot","Slimebound:MassRepurpose"],"picked":"Slimebound:FirmFortitude","floor":16},{"not_picked":["Slimebound:RollThrough","Slimebound:Chomp"],"picked":"Slimebound:GoopSpray+1","floor":19},{"not_picked":["Slimebound:ComboTackle+1","Slimebound:SplitBruiser","Slimebound:Prepare"],"picked":"SKIP","floor":20},{"not_picked":["Slimebound:Grow+1","Slimebound:HauntingLick","Slimebound:GoopSpray"],"picked":"SKIP","floor":22},{"not_picked":["Slimebound:AcidTongue+1","Slimebound:SplitMire+1"],"picked":"Slimebound:LevelUp+1","floor":23},{"not_picked":["Slimebound:ViciousTackle+1","Slimebound:Prepare","Slimebound:ComboTackle+1"],"picked":"SKIP","floor":25},{"not_picked":["Slimebound:SlimeTap+1","Slimebound:SplitLeeching","Slimebound:Grow+1"],"picked":"SKIP","floor":26},{"not_picked":["Slimebound:FinishingTackle+1","Slimebound:LeechEnergy+1"],"picked":"Slimebound:ProtectTheBoss+1","floor":27},{"not_picked":["Slimebound:Schlurp","Slimebound:FormOfPuddle+1"],"picked":"Slimebound:RallyTheTroops+1","floor":28},{"not_picked":["Slimebound:RainOfGoop+1","Slimebound:ComboTackle+1"],"picked":"Slimebound:SplitAcid+1","floor":31},{"not_picked":["Slimebound:ForwardTackle+1","Slimebound:AcidTongue+1","Slimebound:LeechEnergy+1"],"picked":"SKIP","floor":32},{"not_picked":["Slimebound:WasteNot","Slimebound:MassFeed+1"],"picked":"Slimebound:LeechLife+1","floor":33},{"not_picked":["Slimebound:GoopSpray","Slimebound:ItLooksTasty+1","Slimebound:SpikyOuterGoop+1"],"picked":"SKIP","floor":36},{"not_picked":["Slimebound:GoopTackle+1","Slimebound:Replication"],"picked":"Slimebound:LivingWall+1","floor":43},{"not_picked":["Slimebound:Gluttony+1","Slimebound:DisruptingSlam+1","Slimebound:ProtectTheBoss+1"],"picked":"SKIP","floor":44},{"not_picked":["Slimebound:RollThrough+1","Slimebound:SlimeTap+1"],"picked":"Slimebound:SplitBruiser+1","floor":45},{"not_picked":["Slimebound:ComboTackle+1","Slimebound:RollThrough+1"],"picked":"Slimebound:LeechLife+1","floor":46},{"not_picked":["Slimebound:BestDefense+1","Slimebound:Grow+1","Slimebound:ForwardTackle+1"],"picked":"SKIP","floor":47},{"not_picked":["Slimebound:MegaLick","Slimebound:SlimeBrawl","Slimebound:WasteNot"],"picked":"SKIP","floor":48},{"not_picked":["Slimebound:SplitLeeching","Slimebound:Schlurp"],"picked":"Slimebound:GrowthPunch+1","floor":49}],"player_experience":165341,"relics_obtained":[{"floor":7,"key":"Mango"},{"floor":8,"key":"Girya"},{"floor":27,"key":"Bottled Flame"},{"floor":37,"key":"Shovel"},{"floor":41,"key":"Letter Opener"},{"floor":42,"key":"Mummified Hand"},{"floor":46,"key":"Shuriken"},{"floor":48,"key":"Mercury Hourglass"}],"event_choices":[{"cards_removed":["Slimebound:Strike_Slimebound"],"damage_healed":0,"gold_gain":0,"player_choice":"Card Removal","damage_taken":0,"max_hp_gain":0,"max_hp_loss":0,"event_name":"The Cleric","floor":3,"gold_loss":0},{"damage_healed":0,"gold_gain":0,"player_choice":"Success","damage_taken":7,"relics_obtained":["Frozen Egg 2"],"max_hp_gain":0,"max_hp_loss":0,"event_name":"Scrap Ooze","floor":4,"gold_loss":0},{"damage_healed":0,"gold_gain":0,"player_choice":"Got Potions","damage_taken":0,"max_hp_gain":0,"max_hp_loss":0,"event_name":"Lab","floor":38,"gold_loss":0}],"is_beta":false,"boss_relics":[{"not_picked":["Tiny House","Philosopher\u0027s Stone"],"picked":"Velvet Choker"},{"not_picked":["Cursed Key","Runic Dome"],"picked":"Fusion Hammer"}],"items_purged_floors":[5,20,30],"is_endless":false,"potions_floor_spawned":[2,8,9,14,22,27,28,31,32,33,36,44,45,49],"ascension_level":0}}