{"host":"3ybshewjyuw675ln","time":1613725820,"event":{"mods":["BaseMod","Downfall","Minty Spire (QoL Compilation)","Reliquary","StSLib","The Necromancer"],"gold_per_floor":[11300,11318,11278,11289,11302,11336,10984,10984,11007,11025,11025,11036,11036,11046,11046,11142,11142,11158,11176,11196,11209,11223,11223,11250,10447,10447,10465,10465,10380,9801,9828,9828,9923,9923,9936,9223,9223,9237,9337,9372,9372,9400,9400,9426,9444,9444,9444],"floor_reached":46,"language":"ENG","playtime":4968,"items_purged":["Strike_G","Strike_G","Strike_G","Strike_G"],"score":632,"play_id":"1970ec08-f7b4-4bed-b056-8e6a5bf1e888","local_time":"20210219101020","is_ascension_mode":true,"campfire_choices":[{"data":"Envenom","floor":8,"key":"SMITH"},{"data":"Deadly Poison","floor":15,"key":"SMITH"},{"data":"Envenom","floor":23,"key":"SMITH"},{"data":"1","floor":28,"key":"LIFT"},{"data":"2","floor":32,"key":"LIFT"},{"data":"3","floor":41,"key":"LIFT"}],"circlet_count":0,"master_deck":["Strike_G+1","Defend_G","Defend_G","Defend_G","Defend_G","Defend_G","Survivor","Neutralize","Endless Agony","Slice","Envenom+1","Noxious Fumes+1","Poisoned Stab","Deadly Poison","Deadly Poison+1","Envenom+1","Deadly Poison","Poisoned Stab+1","Terror","Catalyst","Burst"],"relics":["Ring of the Snake","Nunchaku","MealTicket","Anchor","reliquary:Buckler","Sozu","reliquary:RadioactivePellet","Girya","Eternal Feather","Strange Spoon","Ornamental Fan","reliquary:SharkskinSheath","Bag of Preparation","reliquary:ExpiredCoupon","Orrery","FossilizedHelix","bronze:MakeshiftBattery","reliquary:RoseTintedGlasses","Ninja Scroll","Chemical X","reliquary:Knoch","reliquary:HotPoker","Gremlin Horn","reliquary:Aerogel"],"acts_visited":["Exordium","TheCity","TheBeyond"],"potions_floor_usage":[24,24,24],"damage_taken":[{"damage":0,"enemies":"2 Louse","floor":1,"turns":3},{"damage":2,"enemies":"Cultist","floor":2,"turns":6},{"damage":0,"enemies":"Jaw Worm","floor":4,"turns":4},{"damage":2,"enemies":"Large Slime","floor":5,"turns":6},{"damage":44,"enemies":"Lagavulin","floor":6,"turns":10},{"damage":7,"enemies":"Looter","floor":10,"turns":3},{"damage":5,"enemies":"Gremlin Gang","floor":12,"turns":3},{"damage":1,"enemies":"Red Slaver","floor":14,"turns":3},{"damage":10,"enemies":"The Guardian","floor":16,"turns":8},{"damage":0,"enemies":"Chosen","floor":18,"turns":4},{"damage":10,"enemies":"3 Byrds","floor":19,"turns":3},{"damage":14,"enemies":"Cultist and Chosen","floor":20,"turns":5},{"damage":26,"enemies":"Centurion and Healer","floor":21,"turns":6},{"damage":25,"enemies":"Snecko","floor":22,"turns":5},{"damage":0,"enemies":"Gremlin Leader","floor":24,"turns":5},{"damage":15,"enemies":"Snake Plant","floor":27,"turns":3},{"damage":30,"enemies":"Slavers","floor":31,"turns":4},{"damage":21,"enemies":"Automaton","floor":33,"turns":6},{"damage":16,"enemies":"3 Darklings","floor":35,"turns":5},{"damage":0,"enemies":"3 Shapes","floor":38,"turns":3},{"damage":32,"enemies":"Nemesis","floor":40,"turns":5},{"damage":31,"enemies":"Reptomancer","floor":42,"turns":5},{"damage":12,"enemies":"Nemesis","floor":44,"turns":5},{"damage":0,"enemies":"Maw","floor":45,"turns":4},{"damage":16,"enemies":"Spire Growth","floor":46,"turns":2}],"seed_played":"-4263462354256835787","potions_obtained":[{"floor":2,"key":"Guardian:BlockOnCardUsePotion"},{"floor":3,"key":"ColorlessPotion"},{"floor":3,"key":"Explosive Potion"}],"is_trial":false,"path_per_floor":["M","M","?","M","M","E","$","R","T","M","?","M","?","M","R","B",null,"M","M","M","M","M","R","E","$","T","M","R","?","$","E","R","B",null,"M","$","?","M","?","E","R","E","T","E","M","M"],"character_chosen":"THE_SILENT","items_purchased":["MealTicket","Noxious Fumes","Poisoned Stab","Girya","Eternal Feather","Strange Spoon","Bag of Preparation","reliquary:ExpiredCoupon","Orrery","reliquary:RoseTintedGlasses","Ninja Scroll","Chemical X"],"campfire_rested":0,"item_purchase_floors":[7,7,7,25,25,25,30,30,30,36,36,36],"current_hp_per_floor":[77,75,75,75,73,29,29,29,29,22,63,58,58,57,57,47,77,77,67,53,27,2,2,2,17,17,70,77,77,77,47,59,38,77,61,76,76,76,76,44,56,25,25,13,13,0,0],"gold":9444,"neow_bonus":"TEN_PERCENT_HP_BONUS","is_daily":false,"chose_seed":false,"campfire_upgraded":3,"win_rate":0.0,"timestamp":1613725820,"path_taken":["M","M","?","M","?","E","$","R","T","M","?","M","?","M","R","BOSS","M","M","M","M","M","R","E","$","T","M","R","?","$","E","R","BOSS","M","$","?","M","?","E","R","E","T","E","?","M"],"items_purchased_type":["Relic","Card","Card","Relic","Relic","Relic","Relic","Relic","Relic","Relic","Relic","Relic"],"build_version":"2020-12-22","purchased_purges":4,"victory":false,"max_hp_per_floor":[77,77,77,77,77,77,77,77,77,77,77,77,77,77,77,77,77,77,77,77,77,77,77,77,77,77,77,77,77,77,77,77,77,77,77,77,77,77,77,77,77,77,77,77,77,77,77],"card_choices":[{"not_picked":["Dagger Throw","Dodge and Roll","Outmaneuver"],"picked":"SKIP","floor":1},{"not_picked":["Escape Plan","Leg Sweep"],"picked":"Endless Agony","floor":2},{"not_picked":["Bane","Dagger Throw"],"picked":"Slice","floor":4},{"not_picked":["Calculated Gamble","Deflect","Dodge and Roll"],"picked":"SKIP","floor":5},{"not_picked":["Unload","Deflect"],"picked":"Envenom","floor":6},{"not_picked":["Deflect","Sucker Punch"],"picked":"Deadly Poison","floor":10},{"not_picked":["Wraith Form v2","Leg Sweep","Escape Plan"],"picked":"SKIP","floor":12},{"not_picked":["Dagger Throw","Acrobatics"],"picked":"Deadly Poison","floor":14},{"not_picked":["Unload","A Thousand Cuts"],"picked":"Envenom","floor":16},{"not_picked":["Dash","Choke"],"picked":"Deadly Poison","floor":18},{"not_picked":["Backflip","Acrobatics","Deflect"],"picked":"SKIP","floor":19},{"not_picked":["Dagger Throw","Slice+1"],"picked":"Poisoned Stab+1","floor":20},{"not_picked":["Slice","Poisoned Stab"],"picked":"Terror","floor":21},{"not_picked":["Bane+1","Deflect","Glass Knife"],"picked":"SKIP","floor":22},{"not_picked":["Bullet Time","Acrobatics"],"picked":"Blade Dance","floor":24},{"not_picked":["Blur+1","Heel Hook","Crippling Poison"],"picked":"SKIP","floor":27},{"not_picked":["Backstab","Prepared"],"picked":"Catalyst","floor":30},{"not_picked":["Skewer","Caltrops","Crippling Poison"],"picked":"SKIP","floor":31},{"not_picked":["Phantasmal Killer","Venomology"],"picked":"Burst","floor":33},{"not_picked":["Backflip","Dagger Spray","Deadly Poison"],"picked":"SKIP","floor":35},{"not_picked":["Acrobatics","Slice+1","Deadly Poison"],"picked":"SKIP","floor":38},{"not_picked":["Underhanded Strike","Acrobatics","Bane+1"],"picked":"SKIP","floor":40},{"not_picked":["Flechettes+1","Poisoned Stab+1","Dagger Throw+1"],"picked":"SKIP","floor":42},{"not_picked":["Dash","Riddle With Holes+1","Acrobatics+1"],"picked":"SKIP","floor":44},{"not_picked":["Masterful Stab","Poisoned Stab+1","Dagger Spray+1"],"picked":"SKIP","floor":45}],"player_experience":43939,"relics_obtained":[{"floor":6,"key":"Nunchaku"},{"floor":9,"key":"Anchor"},{"floor":24,"key":"reliquary:RadioactivePellet"},{"floor":26,"key":"Ornamental Fan"},{"floor":31,"key":"FossilizedHelix"},{"floor":40,"key":"reliquary:Knoch"},{"floor":42,"key":"reliquary:HotPoker"},{"floor":43,"key":"Gremlin Horn"},{"floor":44,"key":"reliquary:Aerogel"}],"event_choices":[{"damage_healed":0,"gold_gain":0,"player_choice":"Bought 3 Potions","damage_taken":0,"max_hp_gain":0,"max_hp_loss":0,"event_name":"The Woman in Blue","floor":3,"gold_loss":0},{"damage_healed":0,"gold_gain":0,"player_choice":"Success","damage_taken":25,"relics_obtained":["reliquary:Buckler"],"max_hp_gain":0,"max_hp_loss":0,"event_name":"Scrap Ooze","floor":11,"gold_loss":0},{"damage_healed":0,"gold_gain":0,"player_choice":"Ignored","damage_taken":0,"max_hp_gain":0,"max_hp_loss":0,"event_name":"Liars Game","floor":13,"gold_loss":0},{"damage_healed":0,"gold_gain":0,"player_choice":"Obtained Relic","damage_taken":0,"relics_obtained":["reliquary:SharkskinSheath"],"max_hp_gain":0,"max_hp_loss":0,"event_name":"Addict","floor":29,"gold_loss":85},{"cards_removed":["Blade Dance"],"damage_healed":0,"gold_gain":0,"player_choice":"Removed Skill","damage_taken":0,"max_hp_gain":0,"max_hp_loss":0,"event_name":"Falling","floor":37,"gold_loss":0},{"damage_healed":0,"gold_gain":100,"player_choice":"Pray","damage_taken":0,"max_hp_gain":0,"max_hp_loss":0,"event_name":"Golden Shrine","floor":39,"gold_loss":0}],"is_beta":false,"boss_relics":[{"not_picked":["Astrolabe","WristBlade"],"picked":"Sozu"},{"not_picked":["Tiny House","SlaversCollar"],"picked":"bronze:MakeshiftBattery"}],"items_purged_floors":[7,25,30,36],"is_endless":false,"potions_floor_spawned":[2,5,6,14,16,22,24,27,33,40,45],"killed_by":"Spire Growth","ascension_level":1}}