{"host":"3c8x8j1h2jyrixpf","time":1613706448,"event":{"mods":["BaseMod","Colored Powertips","Highlight Path","Minty Spire (QoL Compilation)","StSLib"],"gold_per_floor":[118,193,193,20,20,20,51,67,119,119,139,155,155,180,180,255,255,235,235,269,47,57,86,86,117,117,117,131,131,131],"floor_reached":29,"language":"ENG","playtime":1239,"items_purged":["Strike_G"],"score":502,"play_id":"d21883f0-64a2-40a2-b96b-81f08fea54b2","local_time":"20210218214728","is_ascension_mode":true,"campfire_choices":[{"data":"Poisoned Stab","floor":6,"key":"SMITH"},{"data":"Neutralize","floor":10,"key":"SMITH"},{"data":"Poisoned Stab","floor":15,"key":"SMITH"},{"data":"PiercingWail","floor":24,"key":"SMITH"}],"circlet_count":0,"master_deck":["AscendersBane","Strike_G","Strike_G","Strike_G","Defend_G","Defend_G","Defend_G","Defend_G","Defend_G","Survivor","Neutralize+1","Underhanded Strike","PiercingWail+1","Poisoned Stab+1","Deflect+1","Blur+1","Deadly Poison+1","Poisoned Stab+1","Deadly Poison+1","Deadly Poison+1","Venomology+1","Reflex+1","J.A.X.+1","PiercingWail+1","Prepared+1","Apotheosis+1","Underhanded Strike+1","Terror+1","PiercingWail+1","Blur+1"],"relics":["Ring of the Snake","Toxic Egg 2","Pear","Oddly Smooth Stone","MealTicket","Coffee Dripper","Red Mask","Tiny Chest","Bronze Scales","Mummified Hand"],"acts_visited":["Exordium","TheCity"],"potions_floor_usage":[14,16,20,23,23,25,27,27,28,29],"damage_taken":[{"damage":2,"enemies":"Jaw Worm","floor":1,"turns":6},{"damage":24,"enemies":"Lagavulin","floor":7,"turns":8},{"damage":0,"enemies":"Cultist","floor":8,"turns":5},{"damage":0,"enemies":"2 Louse","floor":11,"turns":3},{"damage":5,"enemies":"Exordium Thugs","floor":12,"turns":7},{"damage":11,"enemies":"3 Sentries","floor":14,"turns":10},{"damage":29,"enemies":"Hexaghost","floor":16,"turns":8},{"damage":0,"enemies":"2 Thieves","floor":18,"turns":4},{"damage":6,"enemies":"Masked Bandits","floor":20,"turns":5},{"damage":0,"enemies":"Spheric Guardian","floor":22,"turns":3},{"damage":71,"enemies":"Gremlin Leader","floor":23,"turns":7},{"damage":7,"enemies":"Slavers","floor":25,"turns":6},{"damage":3,"enemies":"Gremlin Leader","floor":27,"turns":4},{"damage":0,"enemies":"Centurion and Healer","floor":28,"turns":6},{"damage":9,"enemies":"Snecko","floor":29,"turns":2}],"seed_played":"-7674543485079430945","potions_obtained":[{"floor":1,"key":"Explosive Potion"},{"floor":12,"key":"SmokeBomb"},{"floor":14,"key":"AttackPotion"},{"floor":23,"key":"LiquidBronze"}],"is_trial":false,"path_per_floor":["M","?","T","$","?","R","E","M","T","R","M","M","?","E","R","B",null,"M","?","?","$","M","E","R","E","T","E","M","M"],"character_chosen":"THE_SILENT","items_purchased":["Poisoned Stab","Deflect+1","Prepared+1","Apotheosis+1"],"campfire_rested":0,"item_purchase_floors":[4,4,21,21],"current_hp_per_floor":[61,50,50,50,55,55,41,41,41,41,41,36,85,74,74,45,75,75,75,69,84,84,13,13,6,6,3,3,0,0],"gold":131,"neow_bonus":"TRANSFORM_CARD","is_daily":false,"chose_seed":false,"campfire_upgraded":4,"win_rate":0.0,"timestamp":1613706448,"path_taken":["M","?","?","?","?","R","E","M","T","R","M","?","?","E","R","BOSS","M","?","?","$","M","E","R","E","T","E","M","?"],"items_purchased_type":["Card","Card","Card","Card"],"build_version":"2020-12-22","purchased_purges":1,"victory":false,"max_hp_per_floor":[70,70,70,70,75,75,85,85,85,85,85,85,85,85,85,85,85,85,85,85,85,85,85,85,85,85,85,85,85,85],"card_choices":[{"not_picked":["Eviscerate","Cloak And Dagger"],"picked":"PiercingWail","floor":1},{"not_picked":["Flechettes","Reflex+1"],"picked":"Blur+1","floor":7},{"not_picked":["Masterful Stab","Riddle With Holes"],"picked":"Deadly Poison+1","floor":8},{"not_picked":["Distraction+1","Underhanded Strike"],"picked":"Poisoned Stab","floor":11},{"not_picked":["Storm of Steel+1","Flying Knee"],"picked":"Deadly Poison+1","floor":12},{"not_picked":["Grand Finale","Backflip+1"],"picked":"Deadly Poison+1","floor":14},{"not_picked":["Envenom","Night Terror+1"],"picked":"Venomology+1","floor":16},{"not_picked":["Underhanded Strike+1","Slice"],"picked":"Reflex+1","floor":18},{"not_picked":["Cloak And Dagger+1","Quick Slash"],"picked":"PiercingWail+1","floor":20},{"not_picked":["All Out Attack","Bane"],"picked":"Underhanded Strike+1","floor":22},{"not_picked":["Predator","Flying Knee"],"picked":"Terror+1","floor":23},{"not_picked":["Endless Agony","Underhanded Strike"],"picked":"PiercingWail+1","floor":25},{"not_picked":["Acrobatics+1","Bane"],"picked":"Blur+1","floor":28}],"player_experience":267388,"relics_obtained":[{"floor":3,"key":"Toxic Egg 2"},{"floor":7,"key":"Pear"},{"floor":9,"key":"Oddly Smooth Stone"},{"floor":14,"key":"MealTicket"},{"floor":20,"key":"Red Mask"},{"floor":23,"key":"Tiny Chest"},{"floor":25,"key":"Bronze Scales"},{"floor":26,"key":"Mummified Hand"}],"event_choices":[{"damage_healed":0,"gold_gain":75,"player_choice":"Gather Gold","damage_taken":11,"max_hp_gain":0,"max_hp_loss":0,"event_name":"World of Goop","floor":2,"gold_loss":0},{"damage_healed":0,"gold_gain":0,"player_choice":"Donut","damage_taken":0,"max_hp_gain":5,"max_hp_loss":0,"event_name":"Big Fish","floor":5,"gold_loss":0},{"damage_healed":49,"gold_gain":0,"player_choice":"Full Heal","damage_taken":0,"max_hp_gain":0,"max_hp_loss":0,"event_name":"Wheel of Change","floor":13,"gold_loss":0},{"damage_healed":0,"gold_gain":0,"player_choice":"Obtain J.A.X.","damage_taken":0,"max_hp_gain":0,"max_hp_loss":0,"event_name":"Drug Dealer","floor":19,"gold_loss":0,"cards_obtained":["J.A.X."]},{"damage_healed":0,"gold_gain":0,"player_choice":"Fought Bandits","damage_taken":0,"max_hp_gain":0,"max_hp_loss":0,"event_name":"Masked Bandits","floor":20,"gold_loss":0}],"is_beta":false,"boss_relics":[{"not_picked":["Busted Crown","Snecko Eye"],"picked":"Coffee Dripper"}],"items_purged_floors":[4],"is_endless":false,"potions_floor_spawned":[1,12,14,20,23,25],"killed_by":"Snecko","ascension_level":13}}