{"host":"tlbbab9afexrkdtf","time":1613774570,"event":{"mods":["2.2 Compatiblity","AchievementEnabler","BaseMod","Colored Map","Colored Powertips","Minty Spire (QoL Compilation)","Rare Cards Sparkle","StSLib"],"gold_per_floor":[115,115,115,12,12,12,27,62,85,127,139,165,194,206,218,327,339,367,4,19,30,41,41,41,54,81,81,81,96,96,96],"floor_reached":30,"language":"ENG","playtime":581,"items_purged":["Regret"],"score":384,"play_id":"51eab714-15a8-4882-ada7-64fc93a3e6d9","local_time":"20210219174250","is_ascension_mode":true,"campfire_choices":[{"floor":6,"key":"RECALL"},{"floor":11,"key":"REST"},{"floor":15,"key":"REST"},{"floor":23,"key":"REST"},{"floor":28,"key":"REST"}],"circlet_count":0,"master_deck":["Strike_B","Strike_B","Strike_B","Defend_B","Defend_B","Defend_B","Defend_B","Zap","Dualcast","White Noise+1","Static Discharge","Beam Cell","Coolheaded","Loop","Defragment","Capacitor","Fusion","White Noise","Multi-Cast","Consume+1","Loop+1","Ball Lightning+1","Go for the Eyes","Machine Learning+1","Static Discharge+1","Shame","Conserve Battery+1"],"relics":["Cracked Core","NeowsBlessing","Mercury Hourglass","Kunai","HornCleat","MawBank","Question Card","Fusion Hammer","Frozen Egg 2","Gambling Chip"],"acts_visited":["Exordium","TheCity"],"potions_floor_usage":[10,16,22,22,30],"damage_taken":[{"damage":0,"enemies":"Jaw Worm","floor":1,"turns":1},{"damage":0,"enemies":"2 Louse","floor":7,"turns":1},{"damage":0,"enemies":"3 Sentries","floor":8,"turns":1},{"damage":28,"enemies":"Gremlin Nob","floor":10,"turns":4},{"damage":1,"enemies":"Small Slimes","floor":12,"turns":2},{"damage":22,"enemies":"3 Louse","floor":13,"turns":2},{"damage":33,"enemies":"The Guardian","floor":16,"turns":9},{"damage":13,"enemies":"Chosen","floor":18,"turns":4},{"damage":2,"enemies":"Spheric Guardian","floor":20,"turns":4},{"damage":27,"enemies":"Chosen and Byrds","floor":21,"turns":4},{"damage":19,"enemies":"Shelled Parasite and Fungi","floor":22,"turns":4},{"damage":14,"enemies":"Snecko","floor":25,"turns":5},{"damage":27,"enemies":"3 Cultists","floor":29,"turns":4},{"damage":7,"enemies":"Sentry and Sphere","floor":30,"turns":3}],"seed_played":"1858146975178970615","potions_obtained":[{"floor":1,"key":"Explosive Potion"},{"floor":7,"key":"GamblersBrew"},{"floor":12,"key":"SkillPotion"},{"floor":16,"key":"SpeedPotion"},{"floor":20,"key":"SteroidPotion"},{"floor":29,"key":"AttackPotion"}],"is_trial":false,"path_per_floor":["M","?","?","$","?","R","M","E","T","E","R","M","M","?","R","B",null,"M","$","M","M","M","R","$","M","T","?","R","M","M"],"character_chosen":"DEFECT","items_purchased":["Static Discharge","Beam Cell","Frozen Egg 2","Loop+1"],"campfire_rested":4,"item_purchase_floors":[4,4,19,19],"current_hp_per_floor":[68,68,68,68,68,68,68,68,68,40,62,61,39,39,61,28,63,50,50,48,21,2,24,24,10,10,10,32,5,0,0],"gold":96,"neow_bonus":"THREE_ENEMY_KILL","is_daily":false,"chose_seed":false,"campfire_upgraded":0,"win_rate":0.0,"timestamp":1613774570,"path_taken":["M","?","?","$","?","R","M","E","T","E","R","M","?","?","R","BOSS","M","$","M","M","M","R","?","?","T","?","R","M","M"],"items_purchased_type":["Card","Card","Relic","Card"],"build_version":"2020-12-22","purchased_purges":1,"victory":false,"max_hp_per_floor":[75,75,75,75,75,75,75,75,75,75,75,75,75,75,75,75,75,75,75,75,75,75,75,75,75,75,75,75,75,75,75],"card_choices":[{"not_picked":["Steam Power","FTL"],"picked":"White Noise","floor":1},{"not_picked":["Compile Driver","FTL"],"picked":"Coolheaded","floor":7},{"not_picked":["Glacier","Sweeping Beam"],"picked":"Loop","floor":8},{"not_picked":["Chill","Barrage"],"picked":"Defragment","floor":10},{"not_picked":["FTL","Auto Shields","Steam"],"picked":"Capacitor","floor":12},{"not_picked":["Rip and Tear","FTL","Melter"],"picked":"Fusion","floor":13},{"not_picked":["Hyperbeam","Biased Cognition","All For One"],"picked":"Multi-Cast","floor":16},{"not_picked":["Streamline+1","FTL","Leap"],"picked":"Consume+1","floor":18},{"not_picked":["Rebound","Sweeping Beam","Tempest+1"],"picked":"Ball Lightning+1","floor":20},{"not_picked":["Turbo","Reprogram+1","Gash"],"picked":"Go for the Eyes","floor":21},{"not_picked":["Cold Snap","Leap","Lockon+1"],"picked":"Machine Learning+1","floor":22},{"not_picked":["Go for the Eyes","Ball Lightning+1","Compile Driver"],"picked":"Static Discharge+1","floor":25},{"not_picked":["Rebound","Leap","Barrage+1"],"picked":"Conserve Battery+1","floor":29}],"player_experience":340291,"relics_obtained":[{"floor":8,"key":"HornCleat"},{"floor":9,"key":"MawBank"},{"floor":10,"key":"Question Card"}],"event_choices":[{"damage_healed":0,"gold_gain":0,"player_choice":"Grow","damage_taken":0,"max_hp_gain":0,"max_hp_loss":0,"event_name":"Living Wall","floor":2,"gold_loss":0,"cards_upgraded":["White Noise"]},{"damage_healed":0,"gold_gain":0,"player_choice":"Box","damage_taken":0,"relics_obtained":["Mercury Hourglass"],"max_hp_gain":0,"max_hp_loss":0,"event_name":"Big Fish","floor":3,"gold_loss":0,"cards_obtained":["Regret"]},{"damage_healed":0,"gold_gain":0,"player_choice":"Gave Potion","damage_taken":0,"relics_obtained":["Kunai"],"max_hp_gain":0,"max_hp_loss":0,"event_name":"WeMeetAgain","floor":5,"gold_loss":0},{"damage_healed":0,"gold_gain":0,"cards_transformed":["Strike_B"],"player_choice":"Transformed","damage_taken":0,"max_hp_gain":0,"max_hp_loss":0,"event_name":"Transmorgrifier","floor":14,"gold_loss":0,"cards_obtained":["White Noise"]},{"damage_healed":0,"gold_gain":0,"player_choice":"Stole Relic","damage_taken":0,"relics_obtained":["Gambling Chip"],"max_hp_gain":0,"max_hp_loss":0,"event_name":"Addict","floor":27,"gold_loss":0,"cards_obtained":["Shame"]}],"is_beta":false,"boss_relics":[{"not_picked":["Busted Crown","Snecko Eye"],"picked":"Fusion Hammer"}],"items_purged_floors":[19],"is_endless":false,"potions_floor_spawned":[1,7,12,16,20,29],"killed_by":"Sentry and Sphere","ascension_level":9}}