{"host":"7kbs9tkabmhxmc03","time":1613748225,"event":{"mods":["A Magickal Journey","Bartender","BaseMod","BetterRewards","CatGirl Mod","Conspire","Friendly Minions","GifTheSpireLib","Hermit","Hubris","Jedi Mod","Koishi","LagranYue(???·?)","Marisa????????","Minty Spire (QoL Compilation)","Prisma Mod","Railgun Mod","Remilia??????","Replay The Spire","Shapeshifter Mod","StSLib","Td1madao Mod","The Animator","The Blackbeard","The Bladedancer","The Bug Knight","The Construct","The Cursed","The Death Knight","The Disciple","The Dragon Tamer","The Druid","The Gatherer","The Hierophant","The Marked","The Mystic","The Necromancer","The Poker Player","The Runesmith","The Senshi","The Servant 0.9.4","The Vixen","TheBandit","TheFirefly","TheSwordswoman","Waifu the Spire","Yuri Mod"],"gold_per_floor":[113,130,150,17,30,30,30,30,30,49,25,25,56,66,66,66,66],"floor_reached":16,"language":"ENG","playtime":1651,"items_purged":[],"score":102,"play_id":"92ceb802-4e9d-4ad0-bf21-29863c161a99","local_time":"20210219162345","is_ascension_mode":false,"campfire_choices":[{"data":"Neutralize","floor":6,"key":"SMITH"},{"data":"Slice","floor":8,"key":"SMITH"},{"data":"Dagger Throw","floor":15,"key":"SMITH"}],"circlet_count":0,"master_deck":["Strike_G","Strike_G","Strike_G","Strike_G","Defend_G","Defend_G","Defend_G","Defend_G","Defend_G","Survivor","Neutralize+1","Outmaneuver","Slice","Noxious Fumes","Slice","Fluid Movement","PiercingWail","Slice+1","Iron Wave","Glass Knife","Acrobatics","Pain","Replay:Poison Smokescreen","Dagger Throw+1"],"relics":["Ring of the Snake","LagranYue:RandomDrawCardRelic","Mirror","WarpedTongs","Bottled Flame"],"acts_visited":["Exordium"],"potions_floor_usage":[16,16,16],"damage_taken":[{"damage":2,"enemies":"Jaw Worm","floor":1,"turns":3},{"damage":5,"enemies":"Cultist","floor":2,"turns":5},{"damage":6,"enemies":"2 Louse","floor":3,"turns":3},{"damage":0,"enemies":"Red Slaver","floor":5,"turns":6},{"damage":10,"enemies":"Gremlin Gang","floor":10,"turns":6},{"damage":21,"enemies":"3 Sentries","floor":13,"turns":5},{"damage":14,"enemies":"Looter","floor":14,"turns":2},{"damage":21,"enemies":"The Guardian","floor":16,"turns":4}],"seed_played":"9050067430949661108","potions_obtained":[{"floor":2,"key":"Reflective Coating"},{"floor":5,"key":"FearPotion"},{"floor":10,"key":"Swift Potion"}],"is_trial":false,"path_per_floor":["M","M","M","$","M","R","?","R","T","M","$","?","E","M","R","B"],"character_chosen":"THE_SILENT","items_purchased":["Slice","Fluid Movement","PiercingWail","Acrobatics"],"campfire_rested":0,"item_purchase_floors":[4,4,4,11],"current_hp_per_floor":[75,70,64,64,64,64,64,64,64,54,54,54,33,19,19,0,0],"gold":66,"neow_bonus":"TEN_PERCENT_HP_BONUS","is_daily":false,"chose_seed":false,"campfire_upgraded":3,"win_rate":0.0,"timestamp":1613748225,"path_taken":["M","M","M","$","M","R","?","R","T","?","$","?","E","?","R","BOSS"],"items_purchased_type":["Card","Card","Card","Card"],"build_version":"2020-12-22","purchased_purges":0,"victory":false,"max_hp_per_floor":[77,77,77,77,77,77,77,77,77,77,77,77,77,77,77,77,77],"card_choices":[{"not_picked":["Slice","ReplayTheSpireMod:The Works"],"picked":"Outmaneuver","floor":1},{"not_picked":["Crippling Poison","Distraction"],"picked":"Slice","floor":2},{"not_picked":["Dagger Spray","Prepared"],"picked":"Noxious Fumes","floor":3},{"not_picked":["Dodge and Roll","Tactician"],"picked":"Slice","floor":5},{"not_picked":["Bouncing Flask","Acrobatics"],"picked":"Glass Knife","floor":10},{"not_picked":["ReplayTheSpireMod:Exploit Weakness","Skewer"],"picked":"Replay:Poison Smokescreen","floor":13},{"not_picked":["Outmaneuver","hubris:TrickCloak"],"picked":"Dagger Throw","floor":14}],"player_experience":52559,"relics_obtained":[{"floor":9,"key":"Mirror"},{"floor":13,"key":"Bottled Flame"}],"event_choices":[{"cards_removed":["Strike_G"],"damage_healed":0,"gold_gain":0,"player_choice":"Took Card","damage_taken":0,"max_hp_gain":0,"max_hp_loss":0,"event_name":"NoteForYourself","floor":7,"gold_loss":0,"cards_obtained":["Iron Wave"]},{"damage_healed":0,"gold_gain":0,"player_choice":"Rummage","damage_taken":0,"relics_obtained":["WarpedTongs"],"max_hp_gain":0,"max_hp_loss":0,"event_name":"Accursed Blacksmith","floor":12,"gold_loss":0,"cards_obtained":["Pain"]}],"is_beta":false,"boss_relics":[],"items_purged_floors":[],"is_endless":false,"potions_floor_spawned":[2,5,10],"killed_by":"The Guardian","ascension_level":0}}