{"host":"lkve521c3unthi3l","time":1613747820,"event":{"mods":["BaseMod","Better Third Choice","BetterRewards","Duelist Mod","Marisa（霧雨　魔理沙）","Minty Spire (QoL Compilation)","Reliquary","Replay The Spire","StSLib","The Animator","The Cursed","The Marked"],"gold_per_floor":[144,160,177,177,193,220,220,254,280,291,291,365,393,405,405,505,505,518,518,518,533,533,564,574,574,600,630,642,655,690,705,705,806,806,824,842,842,842,842,842,863,863,863,875,875,905,905,900,900,895,895,895,563,590,585,585],"floor_reached":55,"language":"ENG","playtime":14393,"items_purged":["theDuelist:DarkSpider"],"score":934,"play_id":"9b92838c-8f23-49f9-a83b-8870d49a2773","local_time":"20210219101700","is_ascension_mode":true,"campfire_choices":[{"floor":7.0,"key":"RECALL"},{"floor":11.0,"key":"REST"},{"data":"theDuelist:Nameless:Power:KamionTimelord","floor":15.0,"key":"SMITH"},{"floor":25.0,"key":"REST"},{"floor":32.0,"key":"REST"},{"floor":40.0,"key":"REST"},{"data":"theDuelist:InfernityDoomDragon","floor":45.0,"key":"SMITH"},{"data":"theDuelist:VendreadCharge","floor":47.0,"key":"SMITH"},{"data":"theDuelist:ClearWingDragon+1","floor":49,"key":"PURGE"},{"floor":52,"key":"REST"}],"circlet_count":0,"master_deck":["theDuelist:Kuribohrn+1","theDuelist:DragonMetronome+1","theDuelist:VendreadCharge+1","theDuelist:AcidTrapHole+1","theDuelist:RelinquishedSpider","theDuelist:CursedBill","theDuelist:Nameless:Power:KamionTimelord+1","theDuelist:GracefulCharity","theDuelist:FairyBox+1","theDuelist:CallGrave+1","theDuelist:InfernityDoomDragon+1","theDuelist:Nameless:Magic:Oilman","theDuelist:PowerKaishin+1","theDuelist:PowerGiant","theDuelist:LostGuardian+1","theDuelist:ReinforcementsArmy+1","theDuelist:AncientGearFist+3","theDuelist:AdvanceForce+1","theDuelist:MeteorDestruction","theDuelist:Fissure","theDuelist:DoomkaiserDragon","theDuelist:Boneheimer+1","theDuelist:MillenniumGolem+1","theDuelist:Nameless:Magic:Oilman+1","theDuelist:PowerKaishin","theDuelist:DeltaMagnet","theDuelist:TailSwipe+1","theDuelist:DoomkaiserDragon","theDuelist:VampireRetainer+1","theDuelist:Mudora+1","theDuelist:RedMedicine+1","theDuelist:MaskedDragon","theDuelist:LostGuardian","Master of Strategy","Forethought","theDuelist:RainbowKuriboh+1"],"relics":["theDuelist:MillenniumPuzzle","theDuelist:CardPoolRelic","theDuelist:CardPoolBasicRelic","theDuelist:BoosterPackPoolRelic","theDuelist:CardPoolAddRelic","theDuelist:CardPoolMinusRelic","theDuelist:CardPoolSaveRelic","theDuelist:CardPoolOptionsRelic","Replay:Baseball","Pen Nib","reliquary:FerryPass","Empty Cage","Nilry\u0027s Codex","theDuelist:MetronomeRelicB","Durian","Anchor","Regal Pillow","Orichalcum","HoveringKite","theDuelist:MillenniumRing","War Paint","reliquary:PartyBalloon","reliquary:TatteredRug","reliquary:ExpiredCoupon","reliquary:Buckler"],"acts_visited":["Exordium","TheCity","TheBeyond","TheEnding"],"potions_floor_usage":[50,50],"damage_taken":[{"damage":12.0,"enemies":"Jaw Worm","floor":1.0,"turns":2.0},{"damage":0.0,"enemies":"Small Slimes","floor":2.0,"turns":3.0},{"damage":0.0,"enemies":"2 Louse","floor":3.0,"turns":2.0},{"damage":0.0,"enemies":"Large Slime","floor":5.0,"turns":1.0},{"damage":18.0,"enemies":"Lagavulin","floor":6.0,"turns":5.0},{"damage":0.0,"enemies":"Replay:BlueRogue","floor":8.0,"turns":3.0},{"damage":9.0,"enemies":"2 Fungi Beasts","floor":10.0,"turns":2.0},{"damage":2.0,"enemies":"Gremlin Nob","floor":13.0,"turns":3.0},{"damage":14.0,"enemies":"Lots of Slimes","floor":14.0,"turns":3.0},{"damage":21.0,"enemies":"Fading Forest","floor":16.0,"turns":11.0},{"damage":8.0,"enemies":"Chosen","floor":18.0,"turns":3.0},{"damage":7.0,"enemies":"Shell Parasite","floor":21.0,"turns":3.0},{"damage":4.0,"enemies":"theDuelist:KaibaA2","floor":23.0,"turns":4.0},{"damage":15.0,"enemies":"Snake Plant","floor":24.0,"turns":2.0},{"damage":5.0,"enemies":"Replay:Snechameleon","floor":27.0,"turns":2.0},{"damage":8.0,"enemies":"Cultist and Chosen","floor":28.0,"turns":3.0},{"damage":0.0,"enemies":"Snecko","floor":29.0,"turns":1.0},{"damage":0.0,"enemies":"theDuelist:KaibaA2","floor":30.0,"turns":2.0},{"damage":0.0,"enemies":"Centurion and Healer","floor":31.0,"turns":2.0},{"damage":51.0,"enemies":"Collector","floor":33.0,"turns":8.0},{"damage":4.0,"enemies":"3 Shapes","floor":35.0,"turns":3.0},{"damage":0.0,"enemies":"3 Darklings","floor":36.0,"turns":7.0},{"damage":0.0,"enemies":"Nemesis","floor":41.0,"turns":1.0},{"damage":14.0,"enemies":"R_Hoarder","floor":44.0,"turns":7.0},{"damage":6.0,"enemies":"Giant Head","floor":46.0,"turns":6.0},{"damage":13.0,"enemies":"Maw","floor":48.0,"turns":5.0},{"damage":57,"enemies":"Replay:Hell Engine","floor":50,"turns":12},{"damage":75,"enemies":"Shield and Spear","floor":54,"turns":8},{"damage":48,"enemies":"The Heart","floor":55,"turns":3}],"seed_played":"-345517273511278810","potions_obtained":[{"floor":0.0,"key":"Explosive Potion"},{"floor":0.0,"key":"theDuelist:BurningPotionB"},{"floor":0.0,"key":"theDuelist:ReducerPotion"},{"floor":2.0,"key":"FearPotion"},{"floor":12.0,"key":"theDuelist:SealedPackC"},{"floor":12.0,"key":"theDuelist:ExtraOrbsBottle"},{"floor":18.0,"key":"theDuelist:TokenPotionB"},{"floor":24.0,"key":"Swift Potion"},{"floor":33.0,"key":"theDuelist:StunPotion"},{"floor":44.0,"key":"theDuelist:OrbBottle"},{"floor":46.0,"key":"theDuelist:LavaBottle"},{"floor":54,"key":"theDuelist:MayhemPotion"}],"is_trial":false,"path_per_floor":["M","M","M","?","M","E","R","E","T","M","R","?","E","M","R","B",null,"M","?","?","M","?","E","M","R","T","E","M","M","E","M","R","B",null,"M","M","$","?","?","R","E","?","T","E","R","E","R","M","R","B",null,"R","$","E","B"],"character_chosen":"THE_DUELIST","items_purchased":["Master of Strategy","Forethought"],"campfire_rested":5,"item_purchase_floors":[53,53],"current_hp_per_floor":[68,68,68,75,75,57,57,57,57,48,74,74,72,58,58,47,87,79,79,63,56,50,51,36,63,63,58,50,50,50,62,104,53,104,100,110,110,110,110,114,114,114,114,108,108,102,102,89,89,32,122,122,122,47,0,0],"gold":585,"neow_bonus":"THREE_SMALL_POTIONS","is_daily":false,"chose_seed":false,"campfire_upgraded":3,"win_rate":0.0,"timestamp":1613747820,"path_taken":["M","M","M","?","M","E","R","E","T","M","R","?","E","M","R","BOSS","M","?","?","M","?","E","M","R","T","E","M","?","E","M","R","BOSS","M","?","$","?","?","R","E","?","T","E","R","E","R","M","R","BOSS","R","$","E","BOSS"],"items_purchased_type":["Card","Card"],"build_version":"2020-12-22","purchased_purges":1,"victory":false,"max_hp_per_floor":[80,80,80,87,87,87,87,87,87,87,87,87,87,87,87,87,87,87,87,87,87,87,92,92,92,92,92,92,92,92,104,104,104,104,104,114,114,114,114,114,114,114,114,122,122,122,122,122,122,122,122,122,122,122,122,122],"card_choices":[{"not_picked":["theDuelist:BattleWarrior","theDuelist:AttackMetronome","theDuelist:Pumpking","theDuelist:Flashbang"],"picked":"theDuelist:MeteorDestruction","floor":1.0},{"not_picked":["theDuelist:OvertexQoatlus","theDuelist:EvigishkiTetrogre","theDuelist:RedMedicine","theDuelist:VampireDomination"],"picked":"theDuelist:PowerKaishin","floor":2.0},{"not_picked":["theDuelist:DoomkaiserDragon","theDuelist:ExploderDragonwing","theDuelist:StoneDragon","theDuelist:TailSwipe"],"picked":"theDuelist:InfernityDoomDragon","floor":3.0},{"not_picked":["theDuelist:VendreadCharge","theDuelist:MayakashiReturn","theDuelist:Umi","theDuelist:LeodrakeMane"],"picked":"theDuelist:RedMedicine","floor":5.0},{"not_picked":["theDuelist:CallAtlanteans","theDuelist:GhostrickMansion","theDuelist:RainbowRuins","theDuelist:RedMedicine"],"picked":"theDuelist:VendreadCharge","floor":6.0},{"not_picked":["theDuelist:LostGuardian","theDuelist:GiantTurtle","theDuelist:ShallowGrave","theDuelist:ChaosSeed"],"picked":"theDuelist:MaskedDragon","floor":8.0},{"not_picked":["theDuelist:OvertexQoatlus","theDuelist:FeedbackWarrior","theDuelist:LostGuardian","theDuelist:TornadoDragon"],"picked":"theDuelist:DarkSpider","floor":10.0},{"not_picked":["theDuelist:BattleOx","theDuelist:GraniteLoyalist","theDuelist:SmashingGround","theDuelist:Mathematician"],"picked":"theDuelist:Fissure","floor":12.0},{"not_picked":["theDuelist:FeedbackWarrior","theDuelist:ShallowGrave","theDuelist:FiendMegacyber","theDuelist:RainbowRuins"],"picked":"theDuelist:RelinquishedSpider","floor":13.0},{"not_picked":["theDuelist:AdvanceForce","theDuelist:AncientGearFist","theDuelist:Canyon","theDuelist:Fissure"],"picked":"theDuelist:PowerKaishin","floor":14.0},{"not_picked":["theDuelist:SeaLordAmulet","theDuelist:MirrorLadybug","theDuelist:GigastoneOmega","theDuelist:GhostrickWitch"],"picked":"theDuelist:CallGrave","floor":16.0},{"not_picked":["theDuelist:MaskedDragon","theDuelist:EvigishkiTetrogre","theDuelist:FossilDig","theDuelist:PowerKaishin"],"picked":"theDuelist:FairyBox","floor":18.0},{"not_picked":["theDuelist:VampireRetainer","theDuelist:Kuribohrn","theDuelist:RelinquishedSpider","theDuelist:Nameless:Power:KamionTimelord"],"picked":"theDuelist:Nameless:Magic:Oilman+1","floor":21.0},{"not_picked":["theDuelist:Hinotama","theDuelist:LightningVortex","theDuelist:MudragonSwamp","theDuelist:MillenniumGolem"],"picked":"theDuelist:PowerGiant","floor":23.0},{"not_picked":["theDuelist:TrihornedDragon","theDuelist:EvolutionBurst","theDuelist:OjamaGreen","theDuelist:GoraTurtle","theDuelist:VendreadCharge"],"picked":"SKIP","floor":24.0},{"not_picked":["theDuelist:InfernityDoomDragon","theDuelist:StoneDragon+1","theDuelist:ExploderDragonwing","theDuelist:TornadoDragon"],"picked":"theDuelist:DoomkaiserDragon","floor":27.0},{"not_picked":["theDuelist:MudragonSwamp","theDuelist:WingedKuriboh","theDuelist:BigFire","theDuelist:Raigeki"],"picked":"theDuelist:MillenniumGolem+1","floor":28.0},{"not_picked":["theDuelist:DestructPotion","theDuelist:Cloning","theDuelist:OneForOne+1","theDuelist:SphereKuriboh"],"picked":"theDuelist:DestructPotion+1","floor":29.0},{"not_picked":["theDuelist:RainbowRuins+1","theDuelist:GhostrickMansion","theDuelist:LeodrakeMane","theDuelist:MayakashiReturn","theDuelist:CallGrave"],"picked":"SKIP","floor":30.0},{"not_picked":["theDuelist:AttackTheMoon","theDuelist:DestroyerGolem","theDuelist:LightningRodLord","theDuelist:GauntletWarrior"],"picked":"theDuelist:Mudora+1","floor":31.0},{"not_picked":["theDuelist:DarkMasterZorc","theDuelist:DragonMetronome","theDuelist:UndeadMetronome","theDuelist:SeaLordAmulet"],"picked":"theDuelist:DoomkaiserDragon","floor":33.0},{"not_picked":["theDuelist:CrimsonKnightVampire+1","theDuelist:GigastoneOmega"],"picked":"theDuelist:TailSwipe+1","floor":35.0},{"not_picked":["theDuelist:NaturiaExterio","theDuelist:CyberLaserDragon+1","theDuelist:ChrysalisDolphin+1","theDuelist:ExploderDragonwing"],"picked":"theDuelist:LostGuardian+1","floor":36.0},{"not_picked":["theDuelist:SeaLordAmulet","theDuelist:SwordsConcealing+1","theDuelist:CallGrave","theDuelist:TailSwipe+1"],"picked":"theDuelist:DragonMetronome+1","floor":41.0},{"not_picked":["theDuelist:VendreadCharge","theDuelist:DarkFactory+1","theDuelist:Wasteland","theDuelist:MayakashiReturn+1"],"picked":"theDuelist:GracefulCharity","floor":44.0},{"not_picked":["theDuelist:VendreadCharge","theDuelist:Ojamuscle","theDuelist:Wasteland+1","theDuelist:Umi","theDuelist:AquaMetronome+1"],"picked":"SKIP","floor":46.0},{"not_picked":["theDuelist:MaskedDragon","theDuelist:Yasha+1","theDuelist:EvigishkiTetrogre+1","theDuelist:FossilDig+1"],"picked":"theDuelist:LostGuardian","floor":48.0},{"not_picked":["theDuelist:BlockGolem+1","theDuelist:EarthEffigy+1","theDuelist:GemElephant+1","theDuelist:GiantSoldierSteel+1"],"picked":"theDuelist:RainbowKuriboh+1","floor":54}],"player_experience":43606,"relics_obtained":[{"floor":6.0,"key":"Replay:Baseball"},{"floor":8.0,"key":"Pen Nib"},{"floor":13.0,"key":"reliquary:FerryPass"},{"floor":20.0,"key":"Nilry\u0027s Codex"},{"floor":23.0,"key":"Durian"},{"floor":26.0,"key":"Anchor"},{"floor":27.0,"key":"Regal Pillow"},{"floor":30.0,"key":"Orichalcum"},{"floor":41.0,"key":"War Paint"},{"floor":43.0,"key":"reliquary:PartyBalloon"},{"floor":44.0,"key":"reliquary:TatteredRug"},{"floor":46.0,"key":"reliquary:ExpiredCoupon"},{"floor":54,"key":"reliquary:Buckler"}],"event_choices":[{"power_reward":4.0,"total_magic_score":68.0,"gold_gain":0.0,"duelist":true,"damage_taken":0.0,"relics_obtained":[],"points":17.0,"max_hp_gain":7.0,"max_hp_loss":0.0,"spent_points":{"magic":4.0,"greed":0.0,"war":0.0,"power":4.0,"hunger":4.0},"event_name":"Nameless Tomb","hunger_reward":4.0,"floor":4.0,"gold_loss":0.0,"magic_reward":4.0,"cards_obtained":["theDuelist:Nameless:Power:KamionTimelord","theDuelist:Nameless:Magic:Oilman"]},{"damage_healed":0.0,"max_hp_gain":0.0,"max_hp_loss":0.0,"gold_gain":0.0,"event_name":"Relic Duplicator","player_choice":"Leave","duelist":true,"floor":19.0,"gold_loss":0.0,"damage_taken":0.0},{"damage_healed":0.0,"max_hp_gain":0.0,"max_hp_loss":0.0,"gold_gain":0.0,"event_name":"Cursed Tome","player_choice":"Obtained Book","floor":20.0,"gold_loss":0.0,"damage_taken":16.0},{"damage_healed":0.0,"max_hp_gain":0.0,"max_hp_loss":0.0,"gold_gain":0.0,"event_name":"Aknamkanon\u0027s Tomb","player_choice":"Dig - random Duelist relic","duelist":true,"floor":22.0,"gold_loss":0.0,"damage_taken":0.0},{"damage_healed":0.0,"max_hp_gain":0.0,"max_hp_loss":0.0,"gold_gain":0.0,"event_name":"Millennium Items","player_choice":"Took item - Received: Millennium Ring","duelist":true,"floor":38.0,"gold_loss":0.0,"damage_taken":0.0},{"cards_removed":["theDuelist:BadReaction"],"damage_healed":0.0,"max_hp_gain":0.0,"max_hp_loss":0.0,"gold_gain":0.0,"event_name":"Falling","player_choice":"Removed Power","floor":39.0,"gold_loss":0.0,"damage_taken":0.0},{"damage_healed":0.0,"max_hp_gain":0.0,"max_hp_loss":0.0,"gold_gain":0.0,"event_name":"Egyptian Village","player_choice":"Delta Electro","duelist":true,"floor":42.0,"gold_loss":0.0,"damage_taken":0.0,"cards_obtained":["Delta Electromagnet Warrior"]}],"is_beta":false,"boss_relics":[{"not_picked":["Replay:Bronze Core","theDuelist:GamblerChip"],"picked":"Empty Cage"},{"not_picked":["Cursed Key","ReplayTheSpireMod:DimensionalGlitch"],"picked":"HoveringKite"}],"items_purged_floors":[53],"is_endless":false,"potions_floor_spawned":[2,3,6,10,18,24,33,44,46,54],"killed_by":"The Heart","ascension_level":2}}