{"host":"vx9g5eyuglzorf3u","time":1613731924,"event":{"mods":["2.2 Compatiblity","BaseMod","DeckTracker","Keyboard Shortcuts","Minty Spire (QoL Compilation)","Relic Stats","StSLib","SuperFastMode","everything is the same but u backflip on backflip"],"gold_per_floor":[367,382,398,50,68,68,7,40,40,56,56,66,95,114,114,114,114],"floor_reached":16,"language":"KOR","playtime":423,"items_purged":["Strike_R"],"score":278,"play_id":"d73ac4fc-92ba-449e-a11d-12b163631663","local_time":"20210219195204","is_ascension_mode":true,"campfire_choices":[{"data":"Uppercut","floor":6,"key":"SMITH"},{"data":"Body Slam","floor":11,"key":"SMITH"},{"data":"Uppercut","floor":15,"key":"SMITH"}],"circlet_count":0,"master_deck":["AscendersBane","Strike_R","Strike_R","Strike_R","Strike_R","Defend_R","Defend_R","Defend_R","Defend_R","Bash","Uppercut+1","Shrug It Off","Body Slam+1","Metallicize+1","Uppercut+1"],"relics":["Burning Blood","Frozen Egg 2","Bag of Preparation","Ginger","Art of War"],"acts_visited":["Exordium"],"potions_floor_usage":[8,8,13,16],"damage_taken":[{"damage":7,"enemies":"Cultist","floor":1,"turns":4},{"damage":5,"enemies":"Small Slimes","floor":2,"turns":3},{"damage":6,"enemies":"Jaw Worm","floor":3,"turns":4},{"damage":17,"enemies":"Red Slaver","floor":5,"turns":4},{"damage":22,"enemies":"Lagavulin","floor":8,"turns":6},{"damage":5,"enemies":"Blue Slaver","floor":10,"turns":3},{"damage":19,"enemies":"Large Slime","floor":12,"turns":8},{"damage":0,"enemies":"Gremlin Nob","floor":13,"turns":3},{"damage":14,"enemies":"Lots of Slimes","floor":14,"turns":5},{"damage":70,"enemies":"Hexaghost","floor":16,"turns":16}],"seed_played":"-1607322430678048588","potions_obtained":[{"floor":1,"key":"Regen Potion"},{"floor":3,"key":"LiquidMemories"},{"floor":8,"key":"FairyPotion"},{"floor":10,"key":"Fire Potion"},{"floor":13,"key":"HeartOfIron"}],"is_trial":false,"path_per_floor":["M","M","M","$","M","R","?","E","T","M","R","M","E","M","R","B"],"character_chosen":"IRONCLAD","items_purchased":["Frozen Egg 2"],"campfire_rested":0,"item_purchase_floors":[4],"current_hp_per_floor":[67,68,68,68,57,57,57,55,55,56,56,43,49,41,41,0,0],"gold":114,"neow_bonus":"TWO_FIFTY_GOLD","is_daily":false,"chose_seed":false,"campfire_upgraded":3,"win_rate":0.0,"timestamp":1613731924,"path_taken":["M","M","?","$","M","R","?","E","T","?","R","M","E","M","R","BOSS"],"items_purchased_type":["Relic"],"build_version":"2020-12-22","purchased_purges":1,"victory":false,"max_hp_per_floor":[68,68,68,68,68,68,68,68,68,68,68,68,68,68,68,68,68],"relic_stats":{"counters":[10,56],"Bag of Preparation":[12],"Art of War":[0],"Ginger":[4],"obtain_stats":[{"Bag of Preparation":7,"Art of War":13,"Ginger":8,"Frozen Egg 2":4,"Burning Blood":0},{"Bag of Preparation":4,"Art of War":8,"Ginger":5,"Frozen Egg 2":3,"Burning Blood":0},{"Bag of Preparation":15,"Art of War":35,"Ginger":21,"Frozen Egg 2":11,"Burning Blood":0}],"Burning Blood":54},"card_choices":[{"not_picked":["Hemokinesis","Twin Strike"],"picked":"Uppercut","floor":1},{"not_picked":["Clothesline","Anger","Ghostly Armor"],"picked":"SKIP","floor":2},{"not_picked":["Perfected Strike","Evolve"],"picked":"Shrug It Off","floor":3},{"not_picked":["True Grit","Sword Boomerang","Havoc"],"picked":"SKIP","floor":5},{"not_picked":["Whirlwind","Iron Wave","Shrug It Off"],"picked":"SKIP","floor":8},{"not_picked":["Rupture+1","True Grit"],"picked":"Body Slam","floor":10},{"not_picked":["Sentinel","Armaments","Thunderclap"],"picked":"SKIP","floor":12},{"not_picked":["Seeing Red","Wild Strike"],"picked":"Metallicize+1","floor":13},{"not_picked":["Shrug It Off","Warcry"],"picked":"Uppercut","floor":14}],"player_experience":1528369,"relics_obtained":[{"floor":8,"key":"Ginger"},{"floor":13,"key":"Art of War"}],"event_choices":[{"damage_healed":0,"gold_gain":0,"player_choice":"Paid Gold","damage_taken":0,"relics_obtained":["Bag of Preparation"],"max_hp_gain":0,"max_hp_loss":0,"event_name":"WeMeetAgain","floor":7,"gold_loss":61}],"is_beta":false,"boss_relics":[],"items_purged_floors":[4],"is_endless":false,"potions_floor_spawned":[1,3,8,10,13],"killed_by":"Hexaghost","ascension_level":20}}