{"host":"p9t7qd83igtcp2bh","time":1613704922,"event":{"mods":["2.2 Compatiblity","AchievementEnabler","BaseMod","Colored Map","Colored Powertips","Custom Start","DeckTracker","Keyboard Shortcuts","Minty Spire (QoL Compilation)","Permanent Neow","StSLib","SuperFastMode","everything is the same but u backflip on backflip"],"gold_per_floor":[19,19,19,38,49,49,49],"floor_reached":6,"language":"KOR","playtime":189,"items_purged":[],"score":70,"play_id":"b16076e6-7b74-449d-a019-cdcbbc322965","local_time":"20210219122202","is_ascension_mode":true,"campfire_choices":[],"circlet_count":0,"master_deck":["AscendersBane","Strike_P","Strike_P","Strike_P","Defend_P","Defend_P","Defend_P","Defend_P+1","Eruption","Vigilance","LessonLearned","Consecrate","ConjureBlade","CrushJoints+1","FearNoEvil","Evaluate"],"relics":["PureWater"],"acts_visited":["Exordium"],"potions_floor_usage":[],"damage_taken":[{"damage":8,"enemies":"2 Louse","floor":1,"turns":3},{"damage":18,"enemies":"Jaw Worm","floor":4,"turns":6},{"damage":3,"enemies":"Cultist","floor":5,"turns":5},{"damage":21,"enemies":"Lagavulin","floor":6,"turns":5}],"seed_played":"-7695952992527668222","potions_obtained":[{"floor":1,"key":"BottledMiracle"}],"is_trial":false,"path_per_floor":["M","?","?","M","M","E"],"character_chosen":"WATCHER","items_purchased":[],"campfire_rested":0,"item_purchase_floors":[],"current_hp_per_floor":[53,53,53,35,32,11,11],"gold":49,"neow_bonus":"THREE_RARE_CARDS","is_daily":false,"chose_seed":false,"campfire_upgraded":0,"win_rate":0.0,"timestamp":1613704922,"path_taken":["M","?","?","?","M","E"],"items_purchased_type":[],"build_version":"2020-12-22","purchased_purges":0,"victory":false,"max_hp_per_floor":[68,68,68,68,68,68,68],"card_choices":[{"not_picked":["Vault","Brilliance"],"picked":"LessonLearned","floor":0},{"not_picked":["Collect","Crescendo"],"picked":"Consecrate","floor":1},{"not_picked":["CutThroughFate","InnerPeace"],"picked":"FearNoEvil","floor":4},{"not_picked":["Weave","BowlingBash"],"picked":"Evaluate","floor":5}],"player_experience":732593,"relics_obtained":[],"event_choices":[{"cards_removed":["Strike_P"],"damage_healed":0,"gold_gain":0,"player_choice":"Forget","damage_taken":0,"max_hp_gain":0,"max_hp_loss":0,"event_name":"Living Wall","floor":2,"gold_loss":0},{"damage_healed":0,"gold_gain":0,"player_choice":"2 cards matched","damage_taken":0,"max_hp_gain":0,"max_hp_loss":0,"event_name":"Match and Keep!","floor":3,"gold_loss":0,"cards_obtained":["ConjureBlade","CrushJoints"]}],"is_beta":false,"boss_relics":[],"items_purged_floors":[],"is_endless":false,"potions_floor_spawned":[1],"killed_by":"Lagavulin","ascension_level":19}}