{"host":"hd6x97p58c0rxspr","time":1613756454,"event":{"mods":["AchievementEnabler","Aspiration","Bard","BaseMod","Better Note","Better Skull","BetterRewards","Colored Powertips","Conspire","Downfall","Energized Spire","Halation","Hermit","Hubris","Infinite Spire","Jorbs\u0027s Wanderer Trilogy","Marisa????????","Marked Mod","Minty Spire (QoL Compilation)","Permanent Neow","Replay The Spire","Shop Mod","Spicy Shops","StSLib","The Animator","The Blue Laboratory","The Cursed","The Hierophant","The Runesmith","Wandering Minibosses"],"gold_per_floor":[0,12,29,29,47,63,88,99,115,134,134,150,185,201,213,311,311,311,327,339,355,355,365,365,465,496,496,93,105,51,51,71,170,170,170,190,206,216,235,235,260,260,260,260,260],"floor_reached":43,"language":"ENG","playtime":4877,"items_purged":[],"score":537,"play_id":"aa7bb3e3-93c5-47d8-9aeb-906d463a3e52","local_time":"20210219114054","is_ascension_mode":false,"campfire_choices":[{"data":"Guardian:BodySlam","floor":11.0,"key":"SMITH"},{"data":"Guardian:DecasProtection","floor":35.0,"key":"SMITH"},{"data":"Guardian:StasisEngine","floor":42.0,"key":"SMITH"}],"circlet_count":0,"master_deck":["Guardian:Strike_Guardian","Guardian:Strike_Guardian","Guardian:Strike_Guardian","Guardian:Defend_Guardian","Guardian:Defend_Guardian","Guardian:Defend_Guardian","Guardian:Defend_Guardian","Guardian:CurlUp","Guardian:TwinSlam","Guardian:ExploitGems","Guardian:Reroute","Guardian:EvasiveProtocol","Delirium","Guardian:DecasProtection","Guardian:SentryBeam","Guardian:StasisField","Guardian:BodySlam+1","Guardian:BronzeOrb","Guardian:Clone","Guardian:Planning","Guardian:Orbwalk","Guardian:Incinerate","Guardian:TemporalStrike+1","Guardian:BodySlam+1","Guardian:TemporalShield+1","Guardian:TemporalStrike","Guardian:DecasProtection+1","Guardian:ChargeUp","Guardian:BodySlam","Guardian:StasisEngine+1","Pride","Guardian:ConstructionForm","Guardian:PolyBeam+1","Guardian:Clone+1","Guardian:Incinerate+1","Guardian:Clone+1"],"relics":["Guardian:ModeShifter","downfall:TeleportStone","Ring of Searing","Ring of Misfortune","Orichalcum","Pet Ghost","aspiration:RunicSpoon","Pear","Incense Burner","Onion Ring","wanderingMiniBosses:OtherGremlinHorn","aspiration:FetidBarrel","halation:WeightlessCrab","hubris:MysteriousPyramids","hubris:Backtick","Mummified Hand","Oddly Smooth Stone"],"acts_visited":["Exordium","TheCity","TheBeyond"],"potions_floor_usage":[],"damage_taken":[{"damage":1.0,"enemies":"Cultist","floor":2.0,"turns":4.0},{"damage":11.0,"enemies":"Small Slimes","floor":3.0,"turns":5.0},{"damage":14.0,"enemies":"infinitespire:Voidling","floor":5.0,"turns":6.0},{"damage":11.0,"enemies":"Exordium Thugs","floor":6.0,"turns":7.0},{"damage":0.0,"enemies":"conspire:2 RoseBushes","floor":8.0,"turns":5.0},{"damage":2.0,"enemies":"Exordium Wildlife","floor":9.0,"turns":6.0},{"damage":0.0,"enemies":"2 Fungi Beasts","floor":10.0,"turns":5.0},{"damage":4.0,"enemies":"Large Slime","floor":12.0,"turns":7.0},{"damage":0.0,"enemies":"3 Sentries","floor":13.0,"turns":6.0},{"damage":0.0,"enemies":"Exordium Thugs","floor":14.0,"turns":4.0},{"damage":0.0,"enemies":"3 Louse","floor":15.0,"turns":5.0},{"damage":0.0,"enemies":"SI_SHIV_ARCHETYPE","floor":16.0,"turns":7.0},{"damage":20.0,"enemies":"downfall:LooterAlt2","floor":19.0,"turns":6.0},{"damage":0.0,"enemies":"Chosen","floor":20.0,"turns":6.0},{"damage":1.0,"enemies":"Snecko","floor":21.0,"turns":5.0},{"damage":3.0,"enemies":"conspire:HollyBat","floor":23.0,"turns":10.0},{"damage":25.0,"enemies":"WA_ARCHETYPE_RETAIN","floor":25.0,"turns":7.0},{"damage":7.0,"enemies":"Book of Stabbing","floor":26.0,"turns":5.0},{"damage":0.0,"enemies":"downfall:FleeingMerchant","floor":28.0,"turns":4.0},{"damage":0.0,"enemies":"Snake Plant","floor":29.0,"turns":3.0},{"damage":0.0,"enemies":"Centurion and Healer","floor":32.0,"turns":3.0},{"damage":1.0,"enemies":"IC_MUSHROOM_ARCHETYPE","floor":33.0,"turns":5.0},{"damage":0.0,"enemies":"3 Shapes","floor":36.0,"turns":3.0},{"damage":2.0,"enemies":"3 Darklings","floor":37.0,"turns":2.0},{"damage":1.0,"enemies":"Writhing Mass","floor":38.0,"turns":3.0},{"damage":0.0,"enemies":"4 Shapes","floor":39.0,"turns":3.0},{"damage":4.0,"enemies":"Jaw Worm Horde","floor":43.0,"turns":4.0}],"seed_played":"78147590312407171","potions_obtained":[{"floor":2.0,"key":"LifebloodPotion"},{"floor":5.0,"key":"Milkshake"},{"floor":14.0,"key":"blueLaboratory:ArtificerPotion"},{"floor":15.0,"key":"blueLaboratory:NullPotion"},{"floor":16.0,"key":"Weak Potion"},{"floor":23.0,"key":"AttackPotion"},{"floor":25.0,"key":"Weak Potion"},{"floor":26.0,"key":"blueLaboratory:AbyssPotion"},{"floor":27.0,"key":"CultistPotion"},{"floor":29.0,"key":"blueLaboratory:StoneskinPotion"},{"floor":32.0,"key":"blueLaboratory:FruitPunch"},{"floor":33.0,"key":"Guardian:DefensiveModePotion"},{"floor":36.0,"key":"blueLaboratory:LouseDecoction"},{"floor":39.0,"key":"blueLaboratory:ExaltedPotion"}],"is_trial":false,"path_per_floor":["R","M","M","?","M","M","T","M","M","M","R","M","E","M","M","B",null,"R","M","M","M","?","M","T","?","E","?","$","M","?","?","M","B",null,"R","M","M","M","M","?","T","R","M"],"character_chosen":"GUARDIAN","items_purchased":["halation:WeightlessCrab","Guardian:BodySlam","Guardian:Gem_Purple"],"campfire_rested":0,"item_purchase_floors":[28,28,28],"current_hp_per_floor":[80,79,68,68,63,52,52,52,50,50,50,46,46,46,46,46,80,80,60,60,59,59,56,66,41,34,34,34,34,54,54,54,55,92,92,92,90,89,89,89,89,89,85,85,85],"gold":260,"neow_bonus":"THREE_RARE_CARDS","is_daily":false,"chose_seed":false,"campfire_upgraded":3,"win_rate":0.0,"timestamp":1613756454,"path_taken":["R","M","?","?","M","M","T","M","M","M","R","M","E","M","M","BOSS","R","M","M","M","?","M","T","?","E","?","$","M","?","?","M","BOSS","R","M","M","M","M","?","T","R","?"],"items_purchased_type":["Relic","Card","Card"],"build_version":"2020-12-22","purchased_purges":0,"victory":false,"max_hp_per_floor":[80,80,80,80,80,80,80,80,80,80,80,80,80,80,80,80,80,80,80,80,80,80,80,90,90,90,90,90,90,90,90,90,92,92,92,92,92,92,92,92,92,92,92,92,92],"card_choices":[{"not_picked":["Guardian:FastForward","Guardian:GatlingBeam"],"picked":"Guardian:ExploitGems","floor":0.0},{"not_picked":["Guardian:ShieldCharger","Guardian:GuardianWhirl"],"picked":"Guardian:Reroute","floor":2.0},{"not_picked":["Guardian:PiercingHide","Guardian:Gem_Green"],"picked":"Guardian:EvasiveProtocol","floor":3.0},{"not_picked":["Guardian:PiercingHide","Guardian:PrismaticBarrier"],"picked":"Guardian:DecasProtection","floor":5.0},{"not_picked":["Guardian:Gem_Yellow","Guardian:Clone"],"picked":"Guardian:SentryBeam","floor":6.0},{"not_picked":["Guardian:RefractedBeam","Guardian:Harden"],"picked":"Guardian:StasisField","floor":8.0},{"not_picked":["Guardian:BronzeOrb","Guardian:RollAttack"],"picked":"Guardian:Gem_Green","floor":9.0},{"not_picked":["Guardian:WalkerClaw","Guardian:TemporalShield"],"picked":"Guardian:BodySlam","floor":10.0},{"not_picked":["Guardian:PrimingBeam","Guardian:BodySlam"],"picked":"Guardian:BronzeOrb","floor":12.0},{"not_picked":["Guardian:ShieldCharger","Guardian:WalkerClaw"],"picked":"Guardian:Clone","floor":13.0},{"not_picked":["Guardian:PrimingBeam","Guardian:RollAttack"],"picked":"Guardian:Planning","floor":14.0},{"not_picked":["Guardian:RollAttack","Guardian:PrimingBeam"],"picked":"Guardian:Orbwalk","floor":15.0},{"not_picked":["Guardian:FierceBash","Guardian:GemFinder"],"picked":"Guardian:Gem_Orange","floor":16.0},{"not_picked":["Guardian:RefractedBeam+1","Guardian:Emergency+1"],"picked":"Guardian:TemporalStrike+1","floor":19.0},{"not_picked":["Guardian:WalkerClaw","Guardian:BronzeArmor+1"],"picked":"Guardian:BodySlam+1","floor":20.0},{"not_picked":["Guardian:Harden+1","Guardian:PiercingHide"],"picked":"Guardian:TemporalShield+1","floor":21.0},{"not_picked":["Guardian:PiercingHide","Guardian:CrystalBeam"],"picked":"Guardian:TemporalStrike","floor":23.0},{"not_picked":["Guardian:Gem_Green","Guardian:Reroute"],"picked":"Guardian:DecasProtection","floor":25.0},{"not_picked":["Guardian:PrismaticBarrier","Guardian:ShieldCharger"],"picked":"Guardian:Gem_Green","floor":26.0},{"not_picked":["Guardian:TemporalShield","Guardian:ShieldCharger"],"picked":"Guardian:ChargeUp","floor":28.0},{"not_picked":["Guardian:Orbwalk","Guardian:FloatingOrbs"],"picked":"Guardian:StasisEngine","floor":29.0},{"not_picked":["Guardian:FuturePlans","Guardian:Gem_Lightblue"],"picked":"Guardian:Gem_Crimson","floor":32.0},{"not_picked":["Guardian:AncientConstruct","Guardian:Gem_Synthetic"],"picked":"Guardian:ConstructionForm","floor":33.0},{"not_picked":["Guardian:Gem_Cyan","Guardian:Gem_Lightblue"],"picked":"Guardian:PolyBeam+1","floor":36.0},{"not_picked":["Guardian:Gem_Fragmented","Guardian:PiercingHide"],"picked":"Guardian:Clone+1","floor":37.0},{"not_picked":["Guardian:MultiBeam","Guardian:EvasiveProtocol"],"picked":"Guardian:Incinerate+1","floor":38.0},{"not_picked":["Guardian:VentSteam+1","Guardian:PiercingHide"],"picked":"Guardian:Clone+1","floor":39.0}],"player_experience":868754,"relics_obtained":[{"floor":4.0,"key":"Ring of Searing"},{"floor":4.0,"key":"Ring of Misfortune"},{"floor":7.0,"key":"Orichalcum"},{"floor":13.0,"key":"Pet Ghost"},{"floor":24.0,"key":"Pear"},{"floor":25.0,"key":"Incense Burner"},{"floor":25.0,"key":"Onion Ring"},{"floor":25.0,"key":"wanderingMiniBosses:OtherGremlinHorn"},{"floor":26.0,"key":"aspiration:FetidBarrel"},{"floor":41.0,"key":"Oddly Smooth Stone"}],"event_choices":[{"cards_removed":["Delirium"],"damage_healed":0.0,"max_hp_gain":0.0,"max_hp_loss":0.0,"gold_gain":0.0,"event_name":"betterNote:BetterNote","player_choice":"Give","floor":22.0,"gold_loss":0.0,"damage_taken":0.0,"cards_obtained":["Strike_P"]},{"damage_healed":0.0,"max_hp_gain":0.0,"max_hp_loss":0.0,"gold_gain":0.0,"event_name":"Addict","player_choice":"Stole Relic","floor":31.0,"gold_loss":0.0,"damage_taken":0.0,"relics_obtained":["hubris:MysteriousPyramids"],"cards_obtained":["Pride"]}],"is_beta":false,"boss_relics":[{"not_picked":["Runesmith:UraniumAnvil","Empty Cage"],"picked":"aspiration:RunicSpoon"},{"not_picked":["Snecko Eye","aspiration:WatcherSkillbook"],"picked":"hubris:Backtick"}],"items_purged_floors":[],"is_endless":false,"potions_floor_spawned":[2,5,14,15,16,23,25,26,29,32,33,36,39,43],"killed_by":"Jaw Worm Horde","ascension_level":0}}