{"host":"tf5skwcwe0vlu2md","time":1613730268,"event":{"mods":["BaseMod","Downfall","Highlight Path","Minty Spire (QoL Compilation)","Quick Restart","StSLib","The Hierophant"],"gold_per_floor":[117,133,133,146,146,179,179,191,191,206,233,233,45,62,62,166,166,178,188,200,200,218,252,28,28,78,103,103,103],"floor_reached":28,"playtime":1725,"items_purged":[],"score":311,"play_id":"0d0b8973-7e2e-4e92-9b4d-612bb8b0e599","local_time":"20210219212428","is_ascension_mode":true,"campfire_choices":[{"floor":7,"key":"REST"},{"data":"Dualcast","floor":12,"key":"SMITH"},{"data":"Defragment","floor":15,"key":"SMITH"},{"floor":25,"key":"REST"}],"circlet_count":0,"master_deck":["Strike_B","Strike_B","Strike_B","Strike_B","Defend_B","Defend_B","Defend_B","Defend_B","Zap","Dualcast+1","Creative AI+1","Go for the Eyes","Gash","FTL","FTL","Gash","Turbo","Beam Cell","Defragment+1","Tempest","Fission","Gash","Steam","Aggregate+1","Sweeping Beam+1","Recycle+1","Biased Cognition","White Noise","Genetic Algorithm+1"],"relics":["Cracked Core","Mango","White Beast Statue","Ornamental Fan","Bird Faced Urn","DataDisk","Nuclear Battery","Bottled Lightning","Anchor","Frozen Egg 2"],"acts_visited":["Exordium","TheCity"],"potions_floor_usage":[6,16,16,19,20,22,23,23,23,28],"damage_taken":[{"damage":6,"enemies":"Cultist","floor":1,"turns":4},{"damage":0,"enemies":"2 Louse","floor":2,"turns":3},{"damage":9,"enemies":"Jaw Worm","floor":4,"turns":4},{"damage":24,"enemies":"Gremlin Nob","floor":6,"turns":4},{"damage":4,"enemies":"Red Slaver","floor":8,"turns":3},{"damage":8,"enemies":"Gremlin Gang","floor":10,"turns":5},{"damage":20,"enemies":"Lagavulin","floor":11,"turns":6},{"damage":1,"enemies":"Looter","floor":14,"turns":2},{"damage":42,"enemies":"The Guardian","floor":16,"turns":9},{"damage":7,"enemies":"Chosen","floor":18,"turns":3},{"damage":2,"enemies":"3 Byrds","floor":19,"turns":4},{"damage":17,"enemies":"Snecko","floor":20,"turns":6},{"damage":7,"enemies":"Cultist and Chosen","floor":22,"turns":4},{"damage":102,"enemies":"Slavers","floor":23,"turns":10},{"damage":35,"enemies":"Book of Stabbing","floor":27,"turns":4},{"damage":21,"enemies":"Sentry and Sphere","floor":28,"turns":3}],"seed_played":"-8831869553238327284","potions_obtained":[{"floor":4,"key":"SteroidPotion"},{"floor":8,"key":"Regen Potion"},{"floor":10,"key":"Swift Potion"},{"floor":11,"key":"Weak Potion"},{"floor":16,"key":"Block Potion"},{"floor":18,"key":"BlessingOfTheForge"},{"floor":19,"key":"Block Potion"},{"floor":20,"key":"BlessingOfTheForge"},{"floor":22,"key":"EssenceOfSteel"},{"floor":23,"key":"FearPotion"},{"floor":27,"key":"Swift Potion"}],"is_trial":false,"path_per_floor":["M","M","?","M","?","E","R","M","T","M","E","R","$","M","R","B",null,"M","M","M","?","M","E","$","R","T","E","M"],"character_chosen":"DEFECT","items_purchased":["Defragment","DataDisk","Biased Cognition","White Noise"],"campfire_rested":2,"item_purchase_floors":[13,13,24,24],"current_hp_per_floor":[69,69,71,62,62,38,64,60,60,52,32,32,32,31,31,5,89,86,89,80,80,83,12,12,38,38,11,0,0],"gold":103,"neow_bonus":"ONE_RANDOM_RARE_CARD","is_daily":false,"chose_seed":false,"campfire_upgraded":2,"win_rate":0.0,"timestamp":1613730268,"path_taken":["M","?","?","M","?","E","R","M","T","?","E","R","$","M","R","BOSS","M","M","?","?","M","E","$","R","T","E","M"],"items_purchased_type":["Card","Relic","Card","Card"],"build_version":"2020-12-13","purchased_purges":0,"victory":false,"max_hp_per_floor":[75,75,89,89,89,89,89,89,89,89,89,89,89,89,89,89,89,89,89,89,89,89,89,89,89,89,89,89,89],"card_choices":[{"not_picked":["Hologram","Rebound"],"picked":"Go for the Eyes","floor":1},{"not_picked":["Undo","Doom and Gloom"],"picked":"Gash","floor":2},{"not_picked":["Beam Cell","Ball Lightning"],"picked":"FTL","floor":4},{"not_picked":["Hologram","Compile Driver"],"picked":"FTL","floor":6},{"not_picked":["Streamline","Darkness"],"picked":"Gash","floor":8},{"not_picked":["Compile Driver","Multi-Cast"],"picked":"Turbo","floor":10},{"not_picked":["Hologram","Reboot"],"picked":"Beam Cell","floor":11},{"not_picked":["Compile Driver","Hologram"],"picked":"Tempest","floor":14},{"not_picked":["Reboot","Thunder Strike"],"picked":"Fission","floor":16},{"not_picked":["Steam+1","Stack+1"],"picked":"Gash","floor":18},{"not_picked":["Leap","Rip and Tear"],"picked":"Steam","floor":19},{"not_picked":["Blizzard","Hologram"],"picked":"Aggregate+1","floor":20},{"not_picked":["Aggregate","Consume"],"picked":"Sweeping Beam+1","floor":22},{"not_picked":["Rebound","Streamline"],"picked":"Recycle+1","floor":23},{"not_picked":["Steam Power+1","Compile Driver"],"picked":"Genetic Algorithm+1","floor":27}],"player_experience":279221,"relics_obtained":[{"floor":6,"key":"White Beast Statue"},{"floor":9,"key":"Ornamental Fan"},{"floor":11,"key":"Bird Faced Urn"},{"floor":23,"key":"Bottled Lightning"},{"floor":26,"key":"Anchor"},{"floor":27,"key":"Frozen Egg 2"}],"event_choices":[{"damage_healed":0,"gold_gain":0,"player_choice":"Success","damage_taken":12,"relics_obtained":["Mango"],"max_hp_gain":0,"max_hp_loss":0,"event_name":"Scrap Ooze","floor":3,"gold_loss":0},{"damage_healed":0,"gold_gain":0,"player_choice":"Upgraded","damage_taken":0,"max_hp_gain":0,"max_hp_loss":0,"event_name":"Upgrade Shrine","floor":5,"gold_loss":0,"cards_upgraded":["Creative AI"]},{"damage_healed":0,"gold_gain":0,"player_choice":"Ignored","damage_taken":0,"max_hp_gain":0,"max_hp_loss":0,"event_name":"Beggar","floor":21,"gold_loss":0}],"is_beta":false,"boss_relics":[{"not_picked":["Cursed Key","Tiny House"],"picked":"Nuclear Battery"}],"items_purged_floors":[],"is_endless":false,"potions_floor_spawned":[4,8,10,11,14,16,18,19,20,22,23,27],"killed_by":"Sentry and Sphere","ascension_level":3}}