{"host":"bsgp9wgausrmthh2","time":1613748067,"event":{"mods":["AchievementEnabler","BaseMod","Colored Map","Downfall","Minty Spire (QoL Compilation)","StSLib"],"gold_per_floor":[99,117,135,153,22,22,45,45,60,73,73,103,103,122,132,233,233,33,48,48,60,60,78,78,88,73,84,101,121,121,121,121],"floor_reached":30,"language":"ENG","playtime":3608,"items_purged":[],"score":238,"play_id":"05bf6d2c-b532-4b28-b7ad-ebcdc2822edd","local_time":"20210219102107","is_ascension_mode":false,"campfire_choices":[{"floor":1,"key":"RECALL"},{"data":"Guardian:SentryBeam","floor":6,"key":"SMITH"},{"floor":11,"key":"REST"},{"data":"Guardian:DecasProtection","floor":18,"key":"SMITH"}],"circlet_count":0,"master_deck":["Guardian:Strike_Guardian","Guardian:Strike_Guardian","Guardian:Strike_Guardian","Guardian:Strike_Guardian","Guardian:Defend_Guardian","Guardian:Defend_Guardian","Guardian:Defend_Guardian","Guardian:Defend_Guardian","Guardian:CurlUp","Guardian:TwinSlam","Guardian:DonusPower","Guardian:PiercingHide","Guardian:PrimingBeam","Guardian:RollAttack","Guardian:SentryBeam+1","Guardian:Reroute","Guardian:DecasProtection+1","Guardian:Planning","Guardian:TemporalStrike","Guardian:HyperBeam_Guardian","Guardian:Recover","Guardian:Incinerate","Guardian:WalkerClaw","Guardian:Suspension+1","Guardian:Gem_Green","Guardian:Gem_Cyan","Guardian:Gem_Green","Guardian:Planning","Guardian:BronzeArmor","Guardian:Gem_Orange"],"relics":["Guardian:ModeShifter","Potion Belt","Guardian:StasisSlotReductionRelic","downfall:HeartBlessingRed","downfall:HeartBlessingGreen","downfall:KnowingSkull","Nilry\u0027s Codex","Mango"],"acts_visited":["Exordium","TheCity"],"potions_floor_usage":[29],"damage_taken":[{"damage":9,"enemies":"Jaw Worm","floor":2,"turns":4},{"damage":9,"enemies":"Cultist","floor":3,"turns":4},{"damage":8,"enemies":"2 Louse","floor":4,"turns":3},{"damage":5,"enemies":"downfall:FleeingMerchant","floor":5,"turns":4},{"damage":11,"enemies":"Exordium Wildlife","floor":9,"turns":3},{"damage":11,"enemies":"Red Slaver","floor":10,"turns":4},{"damage":8,"enemies":"Gremlin Nob","floor":12,"turns":5},{"damage":0,"enemies":"2 Fungi Beasts","floor":14,"turns":2},{"damage":11,"enemies":"3 Louse","floor":15,"turns":2},{"damage":24,"enemies":"IC_STATUS_ARCHETYPE","floor":16,"turns":9},{"damage":4,"enemies":"Chosen","floor":19,"turns":4},{"damage":6,"enemies":"3 Byrds","floor":21,"turns":4},{"damage":1,"enemies":"Cultist and Chosen","floor":23,"turns":6},{"damage":4,"enemies":"Centurion and Healer","floor":25,"turns":8},{"damage":1,"enemies":"downfall:FleeingMerchant","floor":26,"turns":4},{"damage":27,"enemies":"Shelled Parasite and Fungi","floor":27,"turns":7},{"damage":11,"enemies":"Cultist and Chosen","floor":28,"turns":4},{"damage":17,"enemies":"Centurion and Healer","floor":29,"turns":5},{"damage":17,"enemies":"Snake Plant","floor":30,"turns":5}],"seed_played":"5967023874118831530","potions_obtained":[{"floor":3,"key":"sneckomod:MuddlingPotion"},{"floor":4,"key":"sneckomod:MuddlingPotion"},{"floor":10,"key":"Fire Potion"},{"floor":15,"key":"Guardian:BlockOnCardUsePotion"},{"floor":16,"key":"PowerPotion"},{"floor":27,"key":"Regen Potion"}],"is_trial":false,"path_per_floor":["R","M","M","M","$","R","T","?","M","M","R","E","?","M","M","B",null,"R","M","?","M","?","M","T","M","$","M","M","M","M"],"character_chosen":"GUARDIAN","items_purchased":["Guardian:SentryBeam","Guardian:Reroute"],"campfire_rested":1,"item_purchase_floors":[5,5],"current_hp_per_floor":[80,71,62,54,49,49,49,49,38,27,51,43,43,43,32,8,80,80,76,68,62,46,45,59,55,54,27,16,13,0,0,0],"gold":121,"neow_bonus":"THREE_CARDS","is_daily":false,"chose_seed":false,"campfire_upgraded":2,"win_rate":0.0,"timestamp":1613748067,"path_taken":["R","M","M","M","$","R","T","?","?","M","R","E","?","?","M","BOSS","R","M","?","?","?","M","T","M","$","M","M","M","M"],"items_purchased_type":["Card","Card"],"build_version":"2020-12-22","purchased_purges":0,"victory":false,"max_hp_per_floor":[80,80,80,80,80,80,80,80,80,80,80,80,80,80,80,80,80,80,80,80,80,80,80,94,94,94,94,94,94,94,94,94],"card_choices":[{"not_picked":["Guardian:Gem_Blue","Guardian:ShieldCharger"],"picked":"Guardian:Gem_Fragmented","floor":0},{"not_picked":["Guardian:ChargeCore","Guardian:Gem_Green"],"picked":"Guardian:DonusPower","floor":2},{"not_picked":["Guardian:Gem_Green","Guardian:Gem_Red"],"picked":"Guardian:PiercingHide","floor":3},{"not_picked":["Guardian:Emergency","Guardian:Repulse"],"picked":"Guardian:PrimingBeam","floor":4},{"not_picked":["Guardian:SphericShield","Guardian:Suspension"],"picked":"Guardian:RollAttack","floor":5},{"not_picked":["Guardian:PrimingBeam","Guardian:BronzeArmor"],"picked":"Guardian:DecasProtection","floor":9},{"not_picked":["Guardian:PrimingBeam","Guardian:Gem_Red"],"picked":"Guardian:Planning","floor":10},{"not_picked":["Guardian:PrimingBeam","Guardian:WalkerClaw"],"picked":"Guardian:TemporalStrike","floor":12},{"not_picked":["Guardian:Emergency","Guardian:DonusPower"],"picked":"Guardian:Incinerate","floor":14},{"not_picked":["Guardian:RollAttack","Guardian:BronzeOrb"],"picked":"Guardian:Gem_Orange","floor":15},{"not_picked":["Guardian:SphericShield","Guardian:FastForward"],"picked":"Guardian:Gem_Synthetic","floor":16},{"not_picked":["Guardian:MultiBeam","Guardian:Suspension"],"picked":"Guardian:WalkerClaw","floor":19},{"not_picked":["Guardian:TemporalStrike","Guardian:RollAttack"],"picked":"Guardian:Suspension+1","floor":21},{"not_picked":["Guardian:RefractedBeam","Guardian:ShieldCharger"],"picked":"Guardian:Gem_Green","floor":23},{"not_picked":["Guardian:Gem_Lightblue","Guardian:PolyBeam+1"],"picked":"Guardian:Gem_Cyan","floor":25},{"not_picked":["Guardian:PiercingHide","Guardian:BronzeOrb+1"],"picked":"Guardian:Gem_Green","floor":26},{"not_picked":["Guardian:Reroute","Guardian:WalkerClaw"],"picked":"Guardian:Planning","floor":27},{"not_picked":["Guardian:ShieldSpikes","Guardian:Planning+1"],"picked":"Guardian:BronzeArmor","floor":28},{"not_picked":["Guardian:TimeCapacitor","Guardian:BronzeOrb"],"picked":"Guardian:Gem_Orange","floor":29}],"player_experience":309225,"relics_obtained":[{"floor":12,"key":"Potion Belt"},{"floor":22,"key":"Nilry\u0027s Codex"},{"floor":24,"key":"Mango"}],"event_choices":[],"is_beta":false,"boss_relics":[{"not_picked":["Tiny House","Empty Cage"],"picked":"Guardian:StasisSlotReductionRelic"}],"items_purged_floors":[],"is_endless":false,"potions_floor_spawned":[3,4,10,15,16,19,23,25,27,28],"killed_by":"Snake Plant","ascension_level":0}}