{"host":"sxaoifcprvg3ww0o","time":1613726614,"event":{"mods":["Act Like it!","Arknights","BaseMod","Downfall","GifTheSpireLib","Hermit","KinomotoSakuraMod(ƒæ÷Æ±æ”£)","Lobotomy","LobotomyExtend","Marisa£®ÏF”Í°°ƒß¿Ì…≥£©","Minty Spire (QoL Compilation)","Prisma Mod","Quick Restart","Reimu£®≤©¿ˆ¡È√Œ£©","Reliquary","Remilia£®¿Ÿ√◊¿Ú—«£©","Replay The Spire","StSLib","The Bug Knight","The Senshi","Waifu the Spire","WarShipGirlsR/’ΩΩ¢…Ÿ≈ÆR mod","Yakumo Yukari mod","Youmu£®ªÍ∆«—˝√Œ£©","Yuyuko","°æ“≈ŒÔø®≈∆°øREMEMod"],"gold_per_floor":[135,135,150,160,170,205,205,234,261,261,261,281,292,292,292,411,411,411,425,425,446,446,480,297,317,317,331,331,355,396,396,396,520,520,535,559,559,628,978,990,1037,1049,1061,49,49,75,75,75],"floor_reached":47,"language":"ZHS","playtime":3953,"items_purged":["Shame","Sloth_TH"],"score":601,"play_id":"15f80a62-c5ce-4d37-a8b2-f1ab9555067f","local_time":"20210219172334","is_ascension_mode":false,"campfire_choices":[{"floor":7.0,"key":"REST"},{"data":"Human_Monster_Realm_purple","floor":10.0,"key":"SMITH"},{"floor":15.0,"key":"REST"},{"data":"LoveAcrossDimensions_purple","floor":32.0,"key":"SMITH"},{"data":"Bait_Toxicbait_purple","floor":40.0,"key":"SMITH"},{"data":"WasteWire_Metro_purple","floor":42.0,"key":"SMITH"}],"circlet_count":0,"master_deck":["AT_purpleEX","AT_purpleEX","AT_purpleEX","Defend_purpleEX+1","Defend_purpleEX+1","Defend_purpleEX+1","Defend_purpleEX+1","Observe_purple_1","Observe_purple_2","Human_Monster_Realm_purple+1","SharpContractionReality_purple","Charmbait_purple+1","WasteWire_Metro_purple+1","CommonSense_AntiCommonSense_purple+1","ClowCardTheDash","Line_surface_state_purple+1","Boundary_DreamRealityDamnation_purple","Bait_Toxicbait_purple+1","ExternalForce_HighSpeedFlying_purple","BarrageBoundary_PipeDream_purple","Boundary_ObjectiveBoundary_purple","Photoelasticity_Doppler_Effect_purple+1","MeetDecomposer_purple","MeetDecomposer_purple","Boundary_DreamRealityDamnation_purple","ClowCardTheDash","WangLiang_LineAndCurveDreams_purple","Charmbait_purple+1","Shallow_ocean_purpleEX","LoveAcrossDimensions_purple+1","UniverseChoice_purple","DimensionStaggered_purple","Shallow_ocean_purpleEX+1","Doubt","Shallow_ocean_purpleEX+1","Mirror_FourBoundary_purple","Parasite"],"relics":["Boundary_crack","Memoryfragments_purpleEX","REME_ComplimentaryCards","LetterFromLob","Tiny Chest","reliquary:Buckler","Toy Ornithopter","Golden Idol","Philosopher\u0027s Stone","reliquary:TatteredRug","Replay:Wax Seal","Blood Vial","DollysMirror","Juzu Bracelet","MutagenicStrength","Replay:Bottled Eggs","reliquary:ThirdArm","Bottled Lightning","reliquary:OuijaBoard","Ring of Greed","MawBank","Old Coin","reliquary:TuningFork","Girya","REME_CardOfGreed","theSenshi:FeatherClipsRelic","reliquary:GummyVitamins","Potion Belt"],"acts_visited":["Exordium","TheCity","TheBeyond"],"potions_floor_usage":[47,47],"damage_taken":[{"damage":0.0,"enemies":"ats:Genji","floor":1.0,"turns":5.0},{"damage":8.0,"enemies":"Small Slimes","floor":3.0,"turns":4.0},{"damage":2.0,"enemies":"Jaw Worm","floor":4.0,"turns":3.0},{"damage":3.0,"enemies":"2 Fungi Beasts","floor":5.0,"turns":3.0},{"damage":38.0,"enemies":"HollowMod:MossKnight","floor":6.0,"turns":13.0},{"damage":25.0,"enemies":"3 Sentries","floor":8.0,"turns":6.0},{"damage":0.0,"enemies":"3 Louse","floor":12.0,"turns":1.0},{"damage":5.0,"enemies":"Exordium Wildlife","floor":13.0,"turns":2.0},{"damage":1.0,"enemies":"Hexaghost","floor":16.0,"turns":5.0},{"damage":0.0,"enemies":"Chosen","floor":19.0,"turns":3.0},{"damage":4.0,"enemies":"Shell Parasite","floor":21.0,"turns":3.0},{"damage":28.0,"enemies":"HollowMod:Nosk","floor":23.0,"turns":7.0},{"damage":0.0,"enemies":"Cultist and Chosen","floor":25.0,"turns":3.0},{"damage":0.0,"enemies":"Centurion and Healer","floor":27.0,"turns":4.0},{"damage":0.0,"enemies":"Snecko","floor":29.0,"turns":2.0},{"damage":21.0,"enemies":"Replay:Snechameleon","floor":30.0,"turns":5.0},{"damage":30.0,"enemies":"Champ","floor":33.0,"turns":5.0},{"damage":0.0,"enemies":"3 Shapes","floor":35.0,"turns":2.0},{"damage":0.0,"enemies":"Orb Walker","floor":36.0,"turns":2.0},{"damage":17.0,"enemies":"2 Orb Walkers","floor":38.0,"turns":3.0},{"damage":31.0,"enemies":"Reptomancer","floor":41.0,"turns":6.0},{"damage":85,"enemies":"Reptomancer","floor":47,"turns":14}],"seed_played":"-4459564101449628644","potions_obtained":[{"floor":4.0,"key":"Venom Potion"},{"floor":5.0,"key":"SkillPotion"},{"floor":8.0,"key":"Strength Potion"},{"floor":16.0,"key":"Block Potion"},{"floor":19.0,"key":"Fire Potion"},{"floor":29.0,"key":"Fire Potion"},{"floor":33.0,"key":"Languid Potion"},{"floor":38.0,"key":"Flashbang"}],"is_trial":false,"path_per_floor":["M","?","M","M","M","E","R","E","T","R","?","M","M","?","R","B",null,"M","M","T","M","?","E","$","M","T","M","?","M","E","?","R","B",null,"M","M","T","?","?","R","E","R","T","$","?","T","?"],"character_chosen":"Youkari","items_purchased":["MeetDecomposer_purple","Boundary_DreamRealityDamnation_purple","DollysMirror","REME_CardOfGreed","theSenshi:FeatherClipsRelic","reliquary:GummyVitamins","ReplayTheSpireMod:Brewmster","Mirror_FourBoundary_purple"],"campfire_rested":2,"item_purchase_floors":[24,24,24,44,44,44,44,44],"current_hp_per_floor":[70,70,64,62,59,26,47,27,27,27,27,27,27,27,46,47,65,65,65,65,65,65,42,42,49,49,56,56,62,48,48,48,20,65,65,65,65,51,51,51,30,30,30,30,42,42,0,0],"gold":75,"neow_bonus":"ONE_RANDOM_RARE_CARD","is_daily":false,"chose_seed":false,"campfire_upgraded":4,"win_rate":0.0,"timestamp":1613726614,"path_taken":["M","?","M","M","M","E","R","E","T","R","?","?","M","?","R","BOSS","M","M","?","M","?","E","$","M","T","M","?","M","E","?","R","BOSS","M","M","?","?","?","R","E","R","T","$","?","?","?"],"items_purchased_type":["Card","Card","Relic","Relic","Relic","Relic","Card","Card"],"build_version":"2020-12-22","purchased_purges":2,"victory":false,"max_hp_per_floor":[70,70,70,70,70,70,70,70,70,70,70,70,70,65,65,65,65,65,65,65,65,65,65,65,65,65,65,65,65,65,65,65,65,65,65,65,65,65,65,65,65,65,65,65,65,65,65,65],"card_choices":[{"not_picked":["Worldmountain_purple","Fantasy_PerpetualMotionMachine_purple"],"picked":"SharpContractionReality_purple","floor":1.0},{"not_picked":["StateDuplicate_purple","DimensionStaggered_purple"],"picked":"Charmbait_purple","floor":3.0},{"not_picked":["Worldmountain_purple","SharpContractionReality_purple"],"picked":"WasteWire_Metro_purple","floor":4.0},{"not_picked":["Realm_recovery_purpleEX","SharpContractionReality_purple"],"picked":"CommonSense_AntiCommonSense_purple","floor":5.0},{"not_picked":["Umbrella_purple","Realm_recovery_purpleEX"],"picked":"Line_surface_state_purple","floor":6.0},{"not_picked":["Umbrella_purple","Erosivefilter_purple"],"picked":"Boundary_DreamRealityDamnation_purple","floor":8.0},{"not_picked":["Worldmountain_purple","SharpContractionReality_purple"],"picked":"Bait_Toxicbait_purple","floor":12.0},{"not_picked":["RealityDreamConfluencek_purple","Realm_recovery_purpleEX"],"picked":"ExternalForce_HighSpeedFlying_purple","floor":13.0},{"not_picked":["LoveAcrossDimensions_purple","Human_Monster_Realm_purple"],"picked":"BarrageBoundary_PipeDream_purple","floor":16.0},{"not_picked":["SfantasyHide_purple","Anti_communist_purple","StateErode_purple"],"picked":"SKIP","floor":19.0},{"not_picked":["Mirror_FormAndEmptin_purple","SharpContractionReality_purple"],"picked":"Boundary_ObjectiveBoundary_purple","floor":21.0},{"not_picked":["MonsterNeedle_purple","Worldmountain_purple"],"picked":"Photoelasticity_Doppler_Effect_purple+1","floor":23.0},{"not_picked":["Shallow_ocean_purpleEX","Bait_HighSpeedFlying_purple"],"picked":"WangLiang_LineAndCurveDreams_purple","floor":25.0},{"not_picked":["OmniscientAndOmnipotent_Monster_purple","Worldmountain_purple"],"picked":"Charmbait_purple+1","floor":27.0},{"not_picked":["Charmbait_purple","Realm_recovery_purpleEX"],"picked":"Shallow_ocean_purpleEX","floor":29.0},{"not_picked":["PurpleNeedle_purple","Realm_recovery_purpleEX+1"],"picked":"LoveAcrossDimensions_purple","floor":30.0},{"not_picked":["WasteWire_Metro_purple","Fancifulhole_purple"],"picked":"UniverseChoice_purple","floor":33.0},{"not_picked":["MeetDecomposer_purple","Umbrella_purple"],"picked":"DimensionStaggered_purple","floor":35.0},{"not_picked":["StateErode_purple+1","SfantasyHide_purple"],"picked":"Shallow_ocean_purpleEX+1","floor":36.0},{"not_picked":["StateDuplicate_purple+1","WatchEChange_purple"],"picked":"Shallow_ocean_purpleEX+1","floor":41.0}],"player_experience":580860,"relics_obtained":[{"floor":1.0,"key":"LetterFromLob"},{"floor":6.0,"key":"Tiny Chest"},{"floor":8.0,"key":"reliquary:Buckler"},{"floor":9.0,"key":"Toy Ornithopter"},{"floor":20.0,"key":"reliquary:TatteredRug"},{"floor":23.0,"key":"Blood Vial"},{"floor":26.0,"key":"Juzu Bracelet"},{"floor":30.0,"key":"Replay:Bottled Eggs"},{"floor":37.0,"key":"Bottled Lightning"},{"floor":38.0,"key":"reliquary:OuijaBoard"},{"floor":39.0,"key":"Ring of Greed"},{"floor":39.0,"key":"MawBank"},{"floor":39.0,"key":"Old Coin"},{"floor":41.0,"key":"reliquary:TuningFork"},{"floor":43.0,"key":"Girya"},{"floor":46.0,"key":"Potion Belt"}],"event_choices":[{"damage_healed":0.0,"max_hp_gain":0.0,"max_hp_loss":0.0,"gold_gain":0.0,"event_name":"Accursed Blacksmith","player_choice":"Forge","floor":11.0,"gold_loss":0.0,"damage_taken":0.0,"cards_upgraded":["Line_surface_state_purple"]},{"damage_healed":0.0,"max_hp_gain":0.0,"max_hp_loss":5.0,"gold_gain":0.0,"event_name":"Golden Idol","player_choice":"Lose Max HP","floor":14.0,"gold_loss":0.0,"damage_taken":0.0,"relics_obtained":["Golden Idol"]},{"damage_healed":0.0,"max_hp_gain":0.0,"max_hp_loss":0.0,"gold_gain":0.0,"event_name":"Addict","player_choice":"Stole Relic","floor":22.0,"gold_loss":0.0,"damage_taken":0.0,"relics_obtained":["Replay:Wax Seal"],"cards_obtained":["Shame"]},{"damage_healed":0.0,"max_hp_gain":0.0,"max_hp_loss":0.0,"gold_gain":0.0,"event_name":"Drug Dealer","player_choice":"Inject Mutagens","floor":28.0,"gold_loss":0.0,"damage_taken":0.0,"relics_obtained":["MutagenicStrength"]},{"damage_healed":0.0,"max_hp_gain":0.0,"max_hp_loss":0.0,"gold_gain":0.0,"event_name":"Mysterious Sphere","player_choice":"Fight","floor":38.0,"gold_loss":0.0,"damage_taken":0.0}],"is_beta":false,"boss_relics":[{"not_picked":["Abe\u0027s Treasure","Kintsugi"],"picked":"Philosopher\u0027s Stone"},{"not_picked":["reliquary:WritOfMandamus","Replay:Wanted Poster"],"picked":"reliquary:ThirdArm"}],"items_purged_floors":[24,44],"is_endless":false,"potions_floor_spawned":[4,5,8,16,19,23,29,33,38],"killed_by":"Reptomancer","ascension_level":0}}