{"host":"0o4jkshs65tojivq","time":1613708101,"event":{"mods":["AchievementEnabler","BaseMod","Downfall","Minty Spire (QoL Compilation)","Quick Restart","Relic Stats","Slay the Relics Exporter","StSLib"],"gold_per_floor":[99,113,213,228,248,348,375,394,294,326,326,326,326,339,352,352,352,352],"floor_reached":16,"language":"ENG","playtime":1594,"items_purged":[],"score":132,"play_id":"2852ada2-582a-4026-afc3-45bf68a56dd2","local_time":"20210218201501","is_ascension_mode":true,"campfire_choices":[{"floor":1,"key":"RECALL"},{"floor":9,"key":"REST"},{"floor":13,"key":"REST"}],"circlet_count":0,"master_deck":["Guardian:Strike_Guardian","Guardian:Strike_Guardian","Guardian:Strike_Guardian","Guardian:Defend_Guardian","Guardian:Defend_Guardian","Guardian:Defend_Guardian","Guardian:CurlUp","Guardian:TwinSlam","Guardian:PolyBeam+1","Guardian:Recover","Guardian:VentSteam","Guardian:MultiBeam","Guardian:Gem_Purple","Guardian:TemporalShield"],"relics":["Guardian:ModeShifter","Bag of Preparation","downfall:HeartBlessingRed","Nunchaku"],"acts_visited":["Exordium"],"potions_floor_usage":[8,15],"damage_taken":[{"damage":6,"enemies":"Cultist","floor":2,"turns":3},{"damage":3,"enemies":"2 Louse","floor":4,"turns":3},{"damage":3,"enemies":"Jaw Worm","floor":5,"turns":5},{"damage":30,"enemies":"downfall:Heads","floor":6,"turns":7},{"damage":20,"enemies":"Exordium Wildlife","floor":8,"turns":7},{"damage":35,"enemies":"Lagavulin","floor":10,"turns":7},{"damage":8,"enemies":"3 Louse","floor":14,"turns":4},{"damage":5,"enemies":"Exordium Thugs","floor":15,"turns":5},{"damage":25,"enemies":"WA_ARCHETYPE_RETAIN","floor":16,"turns":7}],"seed_played":"-6801918433532549660","potions_obtained":[{"floor":4,"key":"Dexterity Potion"},{"floor":10,"key":"champ:CounterPotion"},{"floor":15,"key":"SpeedPotion"}],"is_trial":false,"path_per_floor":["R","M","?","M","M","?","T","M","R","E","?","?","R","M","M","B"],"character_chosen":"GUARDIAN","items_purchased":[],"campfire_rested":2,"item_purchase_floors":[],"current_hp_per_floor":[72,66,66,63,60,30,30,10,38,3,3,3,31,23,18,0,0,0],"gold":352,"neow_bonus":"TWENTY_PERCENT_HP_BONUS","is_daily":false,"chose_seed":false,"campfire_upgraded":0,"win_rate":0.0,"timestamp":1613708101,"path_taken":["R","M","?","M","M","?","T","?","R","E","?","?","R","M","M","BOSS"],"items_purchased_type":[],"build_version":"2020-12-22","purchased_purges":0,"victory":false,"max_hp_per_floor":[96,96,96,96,96,96,96,96,96,96,96,96,96,96,96,96,96,96],"relic_stats":{"Nunchaku":[2],"counters":[9,48],"Bag of Preparation":[10],"obtain_stats":[{"Nunchaku":10,"downfall:HeartBlessingRed":9,"Guardian:ModeShifter":0,"Bag of Preparation":7},{"Nunchaku":6,"downfall:HeartBlessingRed":5,"Guardian:ModeShifter":0,"Bag of Preparation":4},{"Nunchaku":32,"downfall:HeartBlessingRed":25,"Guardian:ModeShifter":0,"Bag of Preparation":18}]},"card_choices":[{"not_picked":["Guardian:Gem_Green","Guardian:Gem_Blue"],"picked":"Guardian:PolyBeam","floor":2},{"not_picked":["Guardian:Reroute","Guardian:RefractedBeam"],"picked":"Guardian:Recover","floor":4},{"not_picked":["Guardian:Reroute","Guardian:DonusPower"],"picked":"Guardian:Gem_Crimson","floor":5},{"not_picked":["Guardian:WalkerClaw","Guardian:DonusPower"],"picked":"Guardian:MultiBeam","floor":6},{"not_picked":["Guardian:VentSteam","Guardian:ShieldCharger","Guardian:TemporalStrike"],"picked":"SKIP","floor":8},{"not_picked":["Guardian:VentSteam","Guardian:PrimingBeam","Guardian:Gem_Cyan"],"picked":"SKIP","floor":10},{"not_picked":["Guardian:VentSteam","Guardian:PrimingBeam","Guardian:Gem_Cyan"],"picked":"SKIP","floor":10},{"not_picked":["Guardian:MultiBeam","Guardian:Incinerate"],"picked":"Guardian:Gem_Purple","floor":14},{"not_picked":["Guardian:DonusPower","Guardian:ArmoredProtocol"],"picked":"Guardian:TemporalShield","floor":15}],"player_experience":1229834,"relics_obtained":[{"floor":7,"key":"Bag of Preparation"},{"floor":10,"key":"Nunchaku"}],"event_choices":[{"damage_healed":0,"gold_gain":0,"player_choice":"Fled","damage_taken":0,"max_hp_gain":0,"max_hp_loss":0,"event_name":"Scrap Ooze","floor":11,"gold_loss":0}],"is_beta":false,"boss_relics":[],"items_purged_floors":[],"is_endless":false,"potions_floor_spawned":[4,10,15],"killed_by":"WA_ARCHETYPE_RETAIN","ascension_level":1}}