{"host":"3tyeyqdkopu0dn2g","time":1613722572,"event":{"mods":["AchievementEnabler","BaseMod","Downfall","Minty Spire (QoL Compilation)","Quick Restart","StSLib"],"gold_per_floor":[99,119,130,150,60,60,107,107,122,138,154,154,166,166,181,279,279,279,289,301,318,203,303,353,363,363,376,376,376,376],"floor_reached":28,"language":"ZHS","playtime":2236,"items_purged":["Slimebound:Strike_Slimebound","Clumsy"],"score":216,"play_id":"42ff7d70-bd19-41ac-8cdc-5bab8bf4e15f","local_time":"20210219161612","is_ascension_mode":false,"campfire_choices":[{"data":"Slimebound:CorrosiveSpit","floor":1,"key":"SMITH"},{"data":"Slimebound:ComboTackle","floor":12,"key":"SMITH"},{"data":"Slimebound:ProtectTheBoss","floor":18,"key":"SMITH"},{"data":"Slimebound:SplitLeeching","floor":26,"key":"SMITH"}],"circlet_count":0,"master_deck":["Slimebound:Tackle","Slimebound:Defend_Slimebound","Slimebound:Defend_Slimebound","Slimebound:Split","Slimebound:CorrosiveSpit+1","Slimebound:RollThrough","Slimebound:GoopTackle+1","Slimebound:RainOfGoop","Slimebound:ProtectTheBoss+1","Slimebound:ComboTackle+1","Slimebound:Repurpose","Slimebound:SplitMire","Slimebound:LevelUp","Slimebound:LevelUp","Slimebound:Teamwork","Slimebound:SplitBruiser","Slimebound:SplitMire","Slimebound:SplitLeeching+1","Slimebound:Split","Slimebound:RollThrough+1","Slimebound:SpikyOuterGoop","Slimebound:OozeBath","Panacea","Parasite","Slimebound:LeadByExample"],"relics":["Slimebound:AbsorbEndCombat","Bag of Marbles","Coffee Dripper","downfall:GremlinSack","Whetstone"],"acts_visited":["Exordium","TheCity"],"potions_floor_usage":[19,20,23,27,27],"damage_taken":[{"damage":0,"enemies":"Small Slimes","floor":2,"turns":4},{"damage":0,"enemies":"Cultist","floor":3,"turns":4},{"damage":5,"enemies":"2 Louse","floor":4,"turns":2},{"damage":5,"enemies":"downfall:FleeingMerchant","floor":5,"turns":4},{"damage":3,"enemies":"Exordium Thugs","floor":9,"turns":2},{"damage":6,"enemies":"Large Slime","floor":10,"turns":4},{"damage":10,"enemies":"Exordium Wildlife","floor":11,"turns":2},{"damage":15,"enemies":"2 Fungi Beasts","floor":13,"turns":2},{"damage":9,"enemies":"3 Louse","floor":15,"turns":2},{"damage":34,"enemies":"IC_STATUS_ARCHETYPE","floor":16,"turns":5},{"damage":33,"enemies":"downfall:LooterAlt2","floor":19,"turns":3},{"damage":11,"enemies":"Shell Parasite","floor":20,"turns":3},{"damage":14,"enemies":"Snake Plant","floor":21,"turns":3},{"damage":10,"enemies":"downfall:FleeingMerchant","floor":22,"turns":4},{"damage":6,"enemies":"downfall:FleeingMerchant","floor":23,"turns":3},{"damage":22,"enemies":"Centurion and Healer","floor":25,"turns":5},{"damage":20,"enemies":"Sentry and Sphere","floor":27,"turns":6},{"damage":16,"enemies":"downfall:FleeingMerchant","floor":28,"turns":2}],"seed_played":"-6161157466132095479","potions_obtained":[{"floor":3,"key":"Explosive Potion"},{"floor":9,"key":"Block Potion"},{"floor":10,"key":"EntropicBrew"},{"floor":19,"key":"Explosive Potion"},{"floor":20,"key":"ColorlessPotion"},{"floor":25,"key":"Regen Potion"}],"is_trial":false,"path_per_floor":["R","M","M","M","$","?","T","?","M","M","M","R","M","?","M","B",null,"R","M","M","M","$","?","T","M","R","M","$"],"character_chosen":"SLIMEBOUND","items_purchased":[],"campfire_rested":0,"item_purchase_floors":[],"current_hp_per_floor":[71,71,71,68,69,74,74,74,75,73,67,67,58,58,55,29,76,76,49,44,34,30,30,30,16,16,14,0,0,0],"gold":376,"neow_bonus":"TEN_PERCENT_HP_BONUS","is_daily":false,"chose_seed":false,"campfire_upgraded":4,"win_rate":0.0,"timestamp":1613722572,"path_taken":["R","M","M","M","$","?","T","?","M","M","M","R","M","?","M","BOSS","R","M","M","M","?","?","T","M","R","M","$"],"items_purchased_type":[],"build_version":"2020-12-22","purchased_purges":2,"victory":false,"max_hp_per_floor":[71,71,71,71,71,76,76,76,76,76,76,76,76,76,76,76,76,76,76,76,76,76,76,76,76,76,76,76,76,76],"card_choices":[{"not_picked":["Slimebound:SamplingLick","Slimebound:FormOfPuddle"],"picked":"Slimebound:RollThrough","floor":2},{"not_picked":["Slimebound:TongueLash","Slimebound:SpikyOuterGoop"],"picked":"Slimebound:GoopTackle","floor":3},{"not_picked":["Slimebound:FlameTackle","Slimebound:ForwardTackle"],"picked":"Slimebound:RainOfGoop","floor":4},{"not_picked":["Slimebound:MegaLick","Slimebound:PressTheAttack"],"picked":"Slimebound:ProtectTheBoss","floor":5},{"not_picked":["Slimebound:ProtectTheBoss","Slimebound:HauntingLick"],"picked":"Slimebound:ComboTackle","floor":9},{"not_picked":["Slimebound:SamplingLick","Slimebound:AcidTongue"],"picked":"Slimebound:Repurpose","floor":10},{"not_picked":["Slimebound:ItLooksTasty","Slimebound:SamplingLick"],"picked":"Slimebound:SplitMire","floor":11},{"not_picked":["Slimebound:SlimeSpikes","Slimebound:HauntingLick"],"picked":"Slimebound:LevelUp","floor":13},{"not_picked":["Slimebound:ProtectTheBoss","Slimebound:Nibble"],"picked":"Slimebound:LevelUp","floor":15},{"not_picked":["Slimebound:MassRepurpose","Slimebound:OozeBath"],"picked":"Slimebound:Teamwork","floor":16},{"not_picked":["Slimebound:GoopSpray","Slimebound:SamplingLick"],"picked":"Slimebound:SplitBruiser","floor":19},{"not_picked":["Slimebound:GoopTackle","Slimebound:Chomp+1","Slimebound:HauntingLick"],"picked":"SKIP","floor":20},{"not_picked":["Slimebound:SplitBruiser","Slimebound:OneTwoCombo"],"picked":"Slimebound:SplitMire","floor":21},{"not_picked":["Slimebound:GoopSpray","Slimebound:SplitAcid"],"picked":"Slimebound:SplitLeeching","floor":22},{"not_picked":["Slimebound:RejuvenatingLick","Slimebound:ComboTackle","Slimebound:Grow"],"picked":"SKIP","floor":25},{"not_picked":["Slimebound:Repurpose","Slimebound:ProtectTheBoss+1"],"picked":"Slimebound:LeadByExample","floor":27}],"player_experience":346855,"relics_obtained":[{"floor":7,"key":"Bag of Marbles"},{"floor":23,"key":"downfall:GremlinSack"},{"floor":24,"key":"Whetstone"}],"event_choices":[{"damage_healed":0,"gold_gain":0,"player_choice":"Donut","damage_taken":0,"max_hp_gain":5,"max_hp_loss":0,"event_name":"Big Fish","floor":6,"gold_loss":0},{"cards_removed":["Slimebound:Strike_Slimebound"],"damage_healed":0,"gold_gain":0,"player_choice":"Card Removal","damage_taken":0,"max_hp_gain":0,"max_hp_loss":0,"event_name":"The Cleric","floor":8,"gold_loss":0}],"is_beta":false,"boss_relics":[{"not_picked":["Tiny House","SlaversCollar"],"picked":"Coffee Dripper"}],"items_purged_floors":[5,22],"is_endless":false,"potions_floor_spawned":[3,9,10,11,15,16,19,20,25],"killed_by":"downfall:FleeingMerchant","ascension_level":0}}