{"host":"7cp3z5w0tcrrm8ys","time":1613727860,"event":{"mods":["AchievementEnabler","BaseMod","DeckTracker","Minty Spire (QoL Compilation)","StSLib","SuperFastMode"],"gold_per_floor":[16,32,32,51,51,51,126,126,153,153,165,4,34,34,34,112,112,127,147,147,147,72,72,72,72],"floor_reached":24,"language":"KOR","playtime":598,"items_purged":["Strike_R"],"score":384,"play_id":"d777fdaa-224c-4f03-87c7-44ba504d3ab7","local_time":"20210219184420","is_ascension_mode":true,"campfire_choices":[{"data":"Blood for Blood","floor":6,"key":"SMITH"},{"floor":8,"key":"REST"},{"floor":10,"key":"REST"},{"data":"Disarm","floor":15,"key":"SMITH"},{"data":"Ghostly","floor":23,"key":"SMITH"}],"circlet_count":0,"master_deck":["AscendersBane","Strike_R+1","Defend_R+1","Defend_R","Iron Wave","Flame Barrier","Inflame","Blood for Blood+1","Cleave","Disarm+1","Fiend Fire","Thunderclap+1","Shrug It Off+1","Dropkick","Rage","Ghostly+1","Ghostly","Ghostly"],"relics":["Black Blood","Nunchaku","Question Card"],"acts_visited":["Exordium","TheCity"],"potions_floor_usage":[13,13,16,24],"damage_taken":[{"damage":18,"enemies":"Cultist","floor":1,"turns":5},{"damage":8,"enemies":"Jaw Worm","floor":2,"turns":7},{"damage":5,"enemies":"Small Slimes","floor":4,"turns":5},{"damage":15,"enemies":"2 Fungi Beasts","floor":11,"turns":5},{"damage":5,"enemies":"3 Sentries","floor":13,"turns":5},{"damage":35,"enemies":"The Guardian","floor":16,"turns":11},{"damage":30,"enemies":"Spheric Guardian","floor":18,"turns":6},{"damage":28,"enemies":"2 Thieves","floor":19,"turns":3},{"damage":31,"enemies":"Gremlin Leader","floor":24,"turns":6}],"seed_played":"4772297243672205440","potions_obtained":[{"floor":4,"key":"SkillPotion"},{"floor":13,"key":"PowerPotion"},{"floor":19,"key":"Weak Potion"}],"is_trial":false,"path_per_floor":["M","M","?","M","?","R","?","R","T","R","M","$","E","?","R","B",null,"M","M","?","?","?","R","E"],"character_chosen":"IRONCLAD","items_purchased":["DuplicationPotion"],"campfire_rested":2,"item_purchase_floors":[12],"current_hp_per_floor":[56,54,54,55,32,32,21,43,43,65,56,56,57,57,57,28,63,45,29,29,29,29,29,0,0],"gold":72,"neow_bonus":"REMOVE_TWO","is_daily":false,"chose_seed":false,"campfire_upgraded":3,"win_rate":0.0,"timestamp":1613727860,"path_taken":["M","M","?","M","?","R","?","R","T","R","M","$","E","?","R","BOSS","M","M","?","?","?","R","E"],"items_purchased_type":["Potion"],"build_version":"2020-12-22","purchased_purges":1,"victory":false,"max_hp_per_floor":[75,75,75,75,75,75,75,75,75,75,75,75,75,75,75,75,75,75,75,75,37,37,37,37,37],"card_choices":[{"not_picked":["Body Slam","Twin Strike"],"picked":"Iron Wave","floor":1},{"not_picked":["Body Slam","Reckless Charge"],"picked":"Flame Barrier","floor":2},{"not_picked":["Rupture","Spot Weakness"],"picked":"Blood for Blood","floor":4},{"not_picked":["Heavy Blade","Burning Pact"],"picked":"Cleave","floor":11},{"not_picked":["Armaments","Warcry"],"picked":"Disarm","floor":13},{"not_picked":["Reaper","Brutality","Bludgeon"],"picked":"Fiend Fire","floor":16},{"not_picked":["Pommel Strike","Clash","Sentinel+1"],"picked":"Thunderclap+1","floor":18},{"not_picked":["Blood for Blood","Anger","Warcry"],"picked":"Shrug It Off+1","floor":19}],"player_experience":827147,"relics_obtained":[{"floor":9,"key":"Nunchaku"},{"floor":13,"key":"Question Card"}],"event_choices":[{"damage_healed":0,"gold_gain":0,"cards_transformed":["Strike_R"],"player_choice":"Change","damage_taken":0,"max_hp_gain":0,"max_hp_loss":0,"event_name":"Living Wall","floor":3,"gold_loss":0,"cards_obtained":["Inflame"]},{"damage_healed":0,"gold_gain":0,"player_choice":"Entered Light","damage_taken":23,"max_hp_gain":0,"max_hp_loss":0,"event_name":"Shining Light","floor":5,"gold_loss":0,"cards_upgraded":["Defend_R","Strike_R"]},{"damage_healed":0,"gold_gain":75,"player_choice":"Gather Gold","damage_taken":11,"max_hp_gain":0,"max_hp_loss":0,"event_name":"World of Goop","floor":7,"gold_loss":0},{"damage_healed":0,"gold_gain":0,"player_choice":"Searched \u00270\u0027 times","damage_taken":0,"max_hp_gain":0,"max_hp_loss":0,"event_name":"Dead Adventurer","floor":14,"gold_loss":0},{"damage_healed":0,"gold_gain":0,"cards_transformed":["Strike_R","Defend_R"],"player_choice":"Became Test Subject","damage_taken":0,"max_hp_gain":0,"max_hp_loss":0,"event_name":"Drug Dealer","floor":20,"gold_loss":0,"cards_obtained":["Dropkick","Rage"]},{"damage_healed":0,"gold_gain":0,"player_choice":"Became a Ghost","damage_taken":0,"max_hp_gain":0,"max_hp_loss":38,"event_name":"Ghosts","floor":21,"gold_loss":0,"cards_obtained":["Ghostly","Ghostly","Ghostly"]},{"cards_removed":["Bash"],"damage_healed":0,"gold_gain":0,"player_choice":"Gave Gold","damage_taken":0,"max_hp_gain":0,"max_hp_loss":0,"event_name":"Beggar","floor":22,"gold_loss":75}],"is_beta":false,"boss_relics":[{"not_picked":["Empty Cage","Cursed Key"],"picked":"Black Blood"}],"items_purged_floors":[12],"is_endless":false,"potions_floor_spawned":[4,13,19],"killed_by":"Gremlin Leader","ascension_level":20}}