{"host":"8g24zuco0epbjwbo","time":1613712994,"event":{"mods":["Act Like it!","Aspiration","Bard","BaseMod","Beaked The Cultist","Hermit","Hubris","Infinite Spire","Minty Spire (QoL Compilation)","Relic Stats","Reliquary","Replay The Spire","Small Relic Pack","Spire Arcade","StSLib","The Blue Laboratory","The Construct","The IronCluck","The Judge","The Jungle","The Runesmith","[IsaacMod]????"],"gold_per_floor":[111,111,2,2,2,33,33,78,103,103,123,123,139,239,239,364,364,383,383,399,166,196,196,217,251,251,270,270,287,319,341,341,483,483,499,499,499,549,573,640,658,690,690,574,574],"floor_reached":44,"language":"ENG","playtime":2747,"items_purged":[],"score":643,"play_id":"14d70661-99f4-4632-8ced-59f1341c3c0f","local_time":"20210219003634","is_ascension_mode":true,"campfire_choices":[{"data":"Runesmith:CreatorForm","floor":7.0,"key":"SMITH"},{"data":"Runesmith:Fortify","floor":12.0,"key":"SMITH"},{"data":"Runesmith:CraftFirestone","floor":15.0,"key":"SMITH"},{"data":"Runesmith:LithiumIon","floor":23.0,"key":"SMITH"},{"data":"Runesmith:PoweredAnvil","floor":28.0,"key":"SMITH"},{"data":"Runesmith:PerfectChisel","floor":32.0,"key":"SMITH"}],"circlet_count":0,"master_deck":["Runesmith:CraftFirestone+1","Runesmith:Fortify+1","Runesmith:CreatorForm+1","Runesmith:PoweredAnvil","Runesmith:CraftProtectio+1","Runesmith:HammerAndChisel+1","Runesmith:Grindstone+1","Runesmith:CreatorForm","Runesmith:CraftPrismatica+1","Runesmith:Firewall+1","Runesmith:StaticCage+1","Runesmith:MakeshiftArmor+1","Runesmith:LithiumIon+1","Runesmith:EnergizedChisel","Runesmith:ReplicatingBarrier","Runesmith:Reinforce+1","Runesmith:PoweredAnvil+1","Runesmith:CraftMagma+1","Runesmith:PerfectChisel+1","Runesmith:CraftObretio+1","Runesmith:HammerThrow","Runesmith:EarthShield+1","Runesmith:ArcReactor+1","Runesmith:GoWithTheFlow+1","Runesmith:PoweredAnvil","Runesmith:Firestorm"],"relics":["Runesmith:BrokenRuby","HushsDoor","SteamSale","SalivaCoin","Toxic Egg 2","Replay:Bottled Snecko","Happy Flower","infinitespire:Lucky Rock","Pandora\u0027s Box","reliquary:Knoch","aspiration:HummingbirdHeart","Ginger","reliquary:RoseTintedGlasses","aspiration:FrozenJewel","EdensBlessing","hubris:GrandSneckoEye","Lizard Tail","WingedGreaves","Gremlin Food","infinitespire:ShieldingShard","reliquary:RosewoodLute","Replay:Wax Seal","reliquary:BrokenClock"],"acts_visited":["Exordium","Exordium","TheBeyond"],"potions_floor_usage":[],"damage_taken":[{"damage":0.0,"enemies":"2 Louse","floor":1.0,"turns":3.0},{"damage":0.0,"enemies":"Lagavulin","floor":6.0,"turns":8.0},{"damage":22.0,"enemies":"Gremlin Nob","floor":8.0,"turns":5.0},{"damage":0.0,"enemies":"Jaw Worm","floor":11.0,"turns":5.0},{"damage":0.0,"enemies":"Cultist","floor":13.0,"turns":5.0},{"damage":27.0,"enemies":"The Guardian","floor":16.0,"turns":8.0},{"damage":0.0,"enemies":"theJungle:MUSHROOMGANG","floor":18.0,"turns":6.0},{"damage":0.0,"enemies":"theJungle:GiantWrat","floor":20.0,"turns":7.0},{"damage":0.0,"enemies":"theJungle:Snecko_Cultist_And_Trap","floor":24.0,"turns":7.0},{"damage":0.0,"enemies":"theJungle:Cassacara","floor":25.0,"turns":8.0},{"damage":0.0,"enemies":"theJungle:2_Flameangoes","floor":27.0,"turns":8.0},{"damage":0.0,"enemies":"theJungle:SlimyTreeVines","floor":29.0,"turns":6.0},{"damage":0.0,"enemies":"theJungle:2_Phrogs","floor":30.0,"turns":6.0},{"damage":2.0,"enemies":"theJungle:Snecko_Cultist_And_Trap","floor":31.0,"turns":5.0},{"damage":15.0,"enemies":"theJungle:TotemBoss","floor":33.0,"turns":11.0},{"damage":0,"enemies":"3 Darklings","floor":35,"turns":6},{"damage":0,"enemies":"Mind Bloom Boss Battle","floor":38,"turns":7},{"damage":13,"enemies":"Orb Walker","floor":39,"turns":4},{"damage":14,"enemies":"Nemesis","floor":40,"turns":7},{"damage":4,"enemies":"Sphere and 2 Shapes","floor":41,"turns":6},{"damage":13,"enemies":"Giant Head","floor":42,"turns":9},{"damage":66,"enemies":"hubris:Merchant","floor":44,"turns":7}],"seed_played":"-7970405425797020194","potions_obtained":[{"floor":1.0,"key":"Cursed Concoction"},{"floor":20.0,"key":"Fire Potion"},{"floor":29.0,"key":"Fire Potion"},{"floor":39,"key":"Cursed Concoction"}],"is_trial":false,"path_per_floor":["M","?","$","?","$","E","R","E","T","?","M","R","M","?","R","B",null,"M","?","M","$","?","R","M","E","T","M","R","M","E","M","R","B",null,"M","?","?","?","M","E","M","E","T","$"],"character_chosen":"RUNESMITH_CLASS","items_purchased":["Runesmith:PoweredAnvil","SalivaCoin","reliquary:Knoch","Runesmith:PoweredAnvil","aspiration:HummingbirdHeart","reliquary:RosewoodLute","Replay:Wax Seal","reliquary:BrokenClock","Runesmith:Firestorm"],"campfire_rested":0,"item_purchase_floors":[3,3,21,21,21,44,44,44,44],"current_hp_per_floor":[70,70,70,70,70,70,70,48,48,48,48,48,48,33,33,6,70,70,70,70,70,42,42,42,42,42,42,42,48,48,46,46,31,70,70,70,70,70,57,43,39,26,26,0,0],"gold":574,"neow_bonus":"RANDOM_EVENT","is_daily":false,"chose_seed":false,"campfire_upgraded":6,"win_rate":0.0,"timestamp":1613712994,"path_taken":["M","?","$","?","$","E","R","E","T","?","M","R","?","?","R","BOSS","M","?","M","$","?","R","M","E","T","M","R","?","E","M","R","BOSS","M","?","?","?","?","E","M","E","T","$"],"items_purchased_type":["Card","Relic","Relic","Card","Relic","Relic","Relic","Relic","Card"],"build_version":"2020-12-22","purchased_purges":0,"victory":false,"max_hp_per_floor":[70,70,70,70,70,70,70,70,70,70,70,70,70,70,70,70,70,70,70,70,70,70,70,70,70,70,70,70,70,70,70,70,70,70,70,70,70,70,70,70,70,70,70,70,70],"relic_stats":{"Lizard Tail":35,"Happy Flower":[42],"counters":[22,144],"Pandora\u0027s Box":["Runesmith:CraftPrismatica","Runesmith:Firewall","Runesmith:StaticCage","Runesmith:MakeshiftArmor","Runesmith:LithiumIon","Runesmith:EnergizedChisel","Runesmith:ReplicatingBarrier"],"Ginger":[10],"obtain_stats":[{"KeepersGift":0,"Gremlin Food":42,"Runesmith:BrokenRuby":0,"Happy Flower":8,"aspiration:HummingbirdHeart":21,"infinitespire:Lucky Rock":9,"Ginger":22,"reliquary:RosewoodLute":44,"SteamSale":0,"aspiration:FrozenJewel":26,"Lizard Tail":38,"infinitespire:ShieldingShard":43,"Pandora\u0027s Box":17,"reliquary:RoseTintedGlasses":25,"WingedGreaves":40,"SalivaCoin":3,"hubris:GrandSneckoEye":34,"reliquary:BrokenClock":44,"Replay:Bottled Snecko":6,"reliquary:Knoch":21,"Toxic Egg 2":4,"EdensBlessing":30,"Replay:Wax Seal":44,"HushsDoor":0},{"KeepersGift":0,"Gremlin Food":21,"Runesmith:BrokenRuby":0,"Happy Flower":3,"aspiration:HummingbirdHeart":8,"infinitespire:Lucky Rock":3,"Ginger":8,"reliquary:RosewoodLute":21,"SteamSale":0,"aspiration:FrozenJewel":10,"Lizard Tail":17,"infinitespire:ShieldingShard":21,"Pandora\u0027s Box":6,"reliquary:RoseTintedGlasses":10,"WingedGreaves":19,"SalivaCoin":1,"hubris:GrandSneckoEye":15,"reliquary:BrokenClock":21,"Replay:Bottled Snecko":2,"reliquary:Knoch":8,"Toxic Egg 2":1,"EdensBlessing":13,"Replay:Wax Seal":21,"HushsDoor":0},{"KeepersGift":0,"Gremlin Food":137,"Runesmith:BrokenRuby":0,"Happy Flower":16,"aspiration:HummingbirdHeart":47,"infinitespire:Lucky Rock":16,"Ginger":47,"reliquary:RosewoodLute":137,"SteamSale":0,"aspiration:FrozenJewel":62,"Lizard Tail":111,"infinitespire:ShieldingShard":137,"Pandora\u0027s Box":34,"reliquary:RoseTintedGlasses":62,"WingedGreaves":122,"SalivaCoin":3,"hubris:GrandSneckoEye":98,"reliquary:BrokenClock":137,"Replay:Bottled Snecko":11,"reliquary:Knoch":47,"Toxic Egg 2":3,"EdensBlessing":82,"Replay:Wax Seal":137,"HushsDoor":0}]},"card_choices":[{"not_picked":["Runesmith:FieryHammer","Runesmith:WhiteBalance"],"picked":"Runesmith:MakeshiftArmor","floor":1.0},{"not_picked":["Runesmith:HeatedChisel","Runesmith:RuneHurl"],"picked":"Runesmith:CraftProtectio+1","floor":6.0},{"not_picked":["Runesmith:UnstableHammer","Runesmith:LightningRod+1"],"picked":"Runesmith:HammerAndChisel+1","floor":8.0},{"not_picked":["Bomb","Runesmith:StaticCage+1","Runesmith:UnstableHammer"],"picked":"SKIP","floor":11.0},{"not_picked":["Runesmith:Augment+1","Runesmith:EarthShield+1"],"picked":"Runesmith:Grindstone+1","floor":13.0},{"not_picked":["Runesmith:DuctTape","Runesmith:GenerateForcefield+1"],"picked":"Runesmith:CreatorForm","floor":16.0},{"not_picked":["Runesmith:UnstableHammer","Runesmith:Grindstone+1"],"picked":"Runesmith:Reinforce+1","floor":18.0},{"not_picked":["Runesmith:Terraform+1","Runesmith:NegativeSpace+1","Runesmith:Empowerment+1"],"picked":"SKIP","floor":20.0},{"not_picked":["Runesmith:CraftProtectio+1","Runesmith:RunicBlueprint+1"],"picked":"Runesmith:CraftMagma+1","floor":22.0},{"not_picked":["Runesmith:HammerTime+1","Runesmith:BackupBattery+1"],"picked":"Runesmith:PerfectChisel","floor":24.0},{"not_picked":["Runesmith:Prism+1","Runesmith:HammerThrow"],"picked":"Runesmith:CraftObretio+1","floor":25.0},{"not_picked":["Runesmith:MakeshiftArmor+1","Runesmith:GoWithTheFlow","Runesmith:FrozenChisel+1"],"picked":"SKIP","floor":27.0},{"not_picked":["Runesmith:RuneHurl","Runesmith:HeatedChisel"],"picked":"Runesmith:HammerThrow","floor":29.0},{"not_picked":["Runesmith:GenerateForcefield+1","Runesmith:FrozenChisel","Runesmith:CraftVitae+1"],"picked":"SKIP","floor":30.0},{"not_picked":["Runesmith:StaticCage+1","Runesmith:HeatedChisel"],"picked":"Runesmith:EarthShield+1","floor":31.0},{"not_picked":["Runesmith:FissionHammer","Runesmith:UnlimitedPower"],"picked":"Runesmith:ArcReactor","floor":33.0},{"not_picked":["Runesmith:ChiselStab","Runesmith:CraftVitae+1","Runesmith:HeatedChisel+1"],"picked":"SKIP","floor":35},{"not_picked":["Runesmith:Retool+1","Runesmith:EnergizedChisel","Runesmith:CraftObretio+1"],"picked":"SKIP","floor":39},{"not_picked":["Runesmith:Permafrost+1","Runesmith:CraftVitae+1"],"picked":"Runesmith:GoWithTheFlow+1","floor":40},{"not_picked":["Runesmith:ShiftingStrike+1","Runesmith:Permafrost+1","Runesmith:ChargedHammer"],"picked":"SKIP","floor":41},{"not_picked":["Runesmith:EnergizedChisel","Runesmith:Repurpose+1"],"picked":"Runesmith:PoweredAnvil","floor":42}],"player_experience":432078,"relics_obtained":[{"floor":6.0,"key":"Replay:Bottled Snecko"},{"floor":8.0,"key":"Happy Flower"},{"floor":9.0,"key":"infinitespire:Lucky Rock"},{"floor":22.0,"key":"Ginger"},{"floor":25.0,"key":"reliquary:RoseTintedGlasses"},{"floor":26.0,"key":"aspiration:FrozenJewel"},{"floor":30.0,"key":"EdensBlessing"},{"floor":38,"key":"Lizard Tail"},{"floor":40,"key":"WingedGreaves"},{"floor":42,"key":"Gremlin Food"},{"floor":43,"key":"infinitespire:ShieldingShard"}],"event_choices":[{"cards_removed":["Injury"],"damage_healed":0.0,"max_hp_gain":0.0,"max_hp_loss":0.0,"gold_gain":0.0,"event_name":"Fountain of Cleansing","player_choice":"Removed Curses","floor":10.0,"gold_loss":0.0,"damage_taken":0.0},{"cards_removed":["Runesmith:MakeshiftArmor"],"damage_healed":0,"gold_gain":0,"player_choice":"Removed Skill","damage_taken":0,"max_hp_gain":0,"max_hp_loss":0,"event_name":"Falling","floor":36,"gold_loss":0},{"damage_healed":0,"gold_gain":0,"player_choice":"Upgraded","damage_taken":0,"max_hp_gain":0,"max_hp_loss":0,"event_name":"Upgrade Shrine","floor":37,"gold_loss":0,"cards_upgraded":["Runesmith:ArcReactor"]},{"damage_healed":0,"gold_gain":0,"player_choice":"Fight","damage_taken":0,"max_hp_gain":0,"max_hp_loss":0,"event_name":"MindBloom","floor":38,"gold_loss":0}],"is_beta":false,"boss_relics":[{"not_picked":["Astrolabe","ReplayTheSpireMod:SealedPack"],"picked":"Pandora\u0027s Box"},{"not_picked":[]},{"not_picked":["Replay:Grab Bag","hubris:TerracottaHorce"],"picked":"hubris:GrandSneckoEye"},{"not_picked":[]}],"items_purged_floors":[],"is_endless":false,"potions_floor_spawned":[1,20,29,30,39],"killed_by":"hubris:Merchant","ascension_level":1}}