{"host":"6z6y4ky8uzsz1dpj","time":1613740772,"event":{"mods":["AchievementEnabler","BaseMod","BetterRewards","Challenge The Spire","Colored Map","Hubris","Minty Spire (QoL Compilation)","Quick Restart","Relic Stats","Replay The Spire","StSLib"],"gold_per_floor":[112,112,60,77,90,121,121,46,46,76,76,88,88,104,104,200,200,211,227,127,146,164,164,180,180,205,222,222,257,277,288,288,390,440,459,512,512,512],"floor_reached":37,"language":"ENG","playtime":1509,"items_purged":["Strike_R","Strike_R"],"score":844,"play_id":"2dc2be41-217f-4637-9f6a-67a6c3c2ea31","local_time":"20210219081932","is_ascension_mode":true,"campfire_choices":[{"data":"Massacre","floor":7,"key":"SMITH"},{"floor":15,"key":"REST"},{"floor":23,"key":"REST"},{"floor":25,"key":"REST"},{"floor":28,"key":"REST"},{"floor":32,"key":"REST"}],"circlet_count":0,"master_deck":["Strike_R","Strike_R","Defend_R","Defend_R","Defend_R","Defend_R","Bash","Inflame+1","ReplayTheSpireMod:Limb From Limb","Mayhem+1","Massacre+1","Flex","Metallicize","Inflame","Immolate","ReplayTheSpireMod:Limb From Limb","Flex","Demon Form","Metallicize","ReplayTheSpireMod:Stacked","Inflame","Massacre","Armaments+1","Metallicize+1","Headbutt+1","Reaper","Flex+1","Seeing Red+1"],"relics":["Burning Blood","Gambling Chip","Ginger","ReplayTheSpireMod:Shallot","Nunchaku","Boot","SlaversCollar","Strawberry","Blood Vial","Tiny House","Pondfish Scales"],"acts_visited":["Exordium","TheCity","TheBeyond"],"potions_floor_usage":[6,18,19,22,27,30,30,33,36],"damage_taken":[{"damage":11,"enemies":"2 Louse","floor":1,"turns":3},{"damage":6,"enemies":"Cultist","floor":4,"turns":4},{"damage":8,"enemies":"Jaw Worm","floor":5,"turns":4},{"damage":23,"enemies":"3 Sentries","floor":6,"turns":8},{"damage":8,"enemies":"Gremlin Nob","floor":10,"turns":3},{"damage":0,"enemies":"2 Fungi Beasts","floor":12,"turns":2},{"damage":0,"enemies":"Gremlin Gang","floor":14,"turns":1},{"damage":0,"enemies":"Slime Boss","floor":16,"turns":6},{"damage":23,"enemies":"3 Byrds","floor":18,"turns":5},{"damage":18,"enemies":"2 Thieves","floor":19,"turns":4},{"damage":19,"enemies":"Sentry and Sphere","floor":21,"turns":5},{"damage":26,"enemies":"Snake Plant","floor":22,"turns":5},{"damage":23,"enemies":"Snecko","floor":24,"turns":4},{"damage":28,"enemies":"Chosen and Byrds","floor":27,"turns":5},{"damage":8,"enemies":"Replay:Snechameleon","floor":29,"turns":6},{"damage":20,"enemies":"Shelled Parasite and Fungi","floor":30,"turns":5},{"damage":11,"enemies":"Snecko","floor":31,"turns":5},{"damage":54,"enemies":"Pondfish","floor":33,"turns":14},{"damage":12,"enemies":"3 Shapes","floor":35,"turns":3},{"damage":55,"enemies":"2 Orb Walkers","floor":36,"turns":4},{"damage":36,"enemies":"3 Darklings","floor":37,"turns":2}],"seed_played":"2161176376982572697","potions_obtained":[{"floor":1,"key":"GamblersBrew"},{"floor":12,"key":"SteroidPotion"},{"floor":18,"key":"AttackPotion"},{"floor":21,"key":"FearPotion"},{"floor":24,"key":"Block Potion"},{"floor":27,"key":"Reflective Coating"},{"floor":29,"key":"ColorlessPotion"},{"floor":31,"key":"Block Potion"},{"floor":34,"key":"ElixirPotion"}],"is_trial":false,"path_per_floor":["M","?","$","M","M","E","R","$","T","E","?","M","?","M","R","B",null,"M","M","$","M","M","R","M","R","T","M","R","E","M","M","R","B",null,"M","?","M"],"character_chosen":"IRONCLAD","items_purchased":["Inflame","ReplayTheSpireMod:Limb From Limb","Mayhem","Flex"],"campfire_rested":5,"item_purchase_floors":[0,0,0,3],"current_hp_per_floor":[59,59,59,59,57,40,40,40,40,38,13,19,19,25,49,55,74,57,45,45,32,12,36,19,43,50,28,54,52,40,37,63,17,75,71,24,0,0],"gold":512,"neow_bonus":"","is_daily":false,"chose_seed":false,"campfire_upgraded":1,"win_rate":0.0,"timestamp":1613740772,"path_taken":["M","?","$","?","M","E","R","$","T","E","?","M","?","M","R","BOSS","M","M","$","M","M","R","M","R","T","M","R","E","?","M","R","BOSS","M","?","M"],"items_purchased_type":["Card","Card","Card","Card"],"build_version":"2020-12-22","purchased_purges":2,"victory":false,"max_hp_per_floor":[80,80,80,80,80,80,80,80,80,80,80,80,80,80,80,80,80,80,80,80,80,80,80,80,80,87,87,87,87,87,87,87,87,92,92,92,92,92],"relic_stats":{"Blood Vial":12,"Nunchaku":[9],"counters":[21,98],"Gambling Chip":[65],"Ginger":[9],"Boot":[31],"obtain_stats":[{"Blood Vial":29,"SlaversCollar":17,"Nunchaku":10,"Pondfish Scales":36,"Tiny House":34,"ReplayTheSpireMod:Shallot":9,"Gambling Chip":0,"Strawberry":26,"Ginger":6,"Boot":11,"Burning Blood":0},{"Blood Vial":15,"SlaversCollar":8,"Nunchaku":5,"Pondfish Scales":20,"Tiny House":18,"ReplayTheSpireMod:Shallot":4,"Gambling Chip":0,"Strawberry":13,"Ginger":4,"Boot":5,"Burning Blood":0},{"Blood Vial":65,"SlaversCollar":31,"Nunchaku":22,"Pondfish Scales":96,"Tiny House":89,"ReplayTheSpireMod:Shallot":19,"Gambling Chip":0,"Strawberry":54,"Ginger":19,"Boot":22,"Burning Blood":0}],"Burning Blood":120},"card_choices":[{"not_picked":["Defy Death","Ghostly Armor"],"picked":"Massacre","floor":1},{"not_picked":["Body Slam","ReplayTheSpireMod:Strike From Hell"],"picked":"Metallicize","floor":4},{"not_picked":["Spot Weakness","Cleave"],"picked":"Inflame","floor":5},{"not_picked":["Twin Strike","Headbutt"],"picked":"Immolate","floor":6},{"not_picked":["Shrug It Off","Dark Embrace","ReplayTheSpireMod:Strike From Hell"],"picked":"SKIP","floor":10},{"not_picked":["Body Slam","Flame Barrier"],"picked":"ReplayTheSpireMod:Limb From Limb","floor":12},{"not_picked":["Anger","True Grit"],"picked":"Flex","floor":14},{"not_picked":["Double Tap","Offering"],"picked":"Demon Form","floor":16},{"not_picked":["Carnage","Burning Pact"],"picked":"Metallicize","floor":18},{"not_picked":["Clash","Perfected Strike"],"picked":"ReplayTheSpireMod:Stacked","floor":19},{"not_picked":["Havoc","Hemokinesis"],"picked":"Inflame","floor":21},{"not_picked":["Pummel","Entrench"],"picked":"Massacre","floor":22},{"not_picked":["Sever Soul","Wild Strike"],"picked":"Armaments+1","floor":24},{"not_picked":["Shrug It Off","Evolve+1"],"picked":"Metallicize+1","floor":27},{"not_picked":["Burning Pact","Armaments"],"picked":"Headbutt+1","floor":29},{"not_picked":["Havoc","Combust+1","Perfected Strike"],"picked":"SKIP","floor":30},{"not_picked":["Intimidate","Flame Barrier","Headbutt"],"picked":"SKIP","floor":31},{"not_picked":["Berserk","Hemogenesis"],"picked":"Reaper","floor":33},{"not_picked":["Second Wind","Iron Wave"],"picked":"Flex+1","floor":34},{"not_picked":["Sentinel","Pummel"],"picked":"Seeing Red+1","floor":35}],"player_experience":642880,"relics_obtained":[{"floor":6,"key":"Ginger"},{"floor":9,"key":"ReplayTheSpireMod:Shallot"},{"floor":10,"key":"Nunchaku"},{"floor":26,"key":"Strawberry"},{"floor":29,"key":"Blood Vial"},{"floor":36,"key":"Pondfish Scales"}],"event_choices":[{"damage_healed":0,"gold_gain":0,"player_choice":"Forge","damage_taken":0,"max_hp_gain":0,"max_hp_loss":0,"event_name":"Accursed Blacksmith","floor":2,"gold_loss":0,"cards_upgraded":["Mayhem"]},{"damage_healed":0,"gold_gain":0,"player_choice":"Success","damage_taken":25,"relics_obtained":["Boot"],"max_hp_gain":0,"max_hp_loss":0,"event_name":"Scrap Ooze","floor":11,"gold_loss":0},{"cards_removed":["Strike_R"],"damage_healed":0,"gold_gain":0,"player_choice":"Purged","damage_taken":0,"max_hp_gain":0,"max_hp_loss":0,"event_name":"Purifier","floor":13,"gold_loss":0},{"damage_healed":0,"gold_gain":0,"player_choice":"Fight","damage_taken":0,"max_hp_gain":0,"max_hp_loss":0,"event_name":"Mysterious Sphere","floor":36,"gold_loss":0}],"is_beta":false,"boss_relics":[{"not_picked":["Replay:Drink Me","Coffee Dripper"],"picked":"SlaversCollar"},{"not_picked":["SacredBark","Replay:Grab Bag"],"picked":"Tiny House"}],"items_purged_floors":[8,20],"is_endless":false,"potions_floor_spawned":[1,12,18,21,24,27,29,31],"killed_by":"3 Darklings","ascension_level":8}}