{"host":"zlmf7uudqr1sj8t0","time":1613714036,"event":{"mods":["BaseMod","Colored Map","DeckTracker","Highlight Path","Minty Spire (QoL Compilation)"],"gold_per_floor":[112,129,129,79,91,123,123,154,154,167,180,180,199,215,215,319,319,334,347,347,347],"floor_reached":20,"language":"ENG","playtime":1105,"items_purged":[],"score":226,"play_id":"92103d73-37bd-4155-bb9d-9d7b231c41aa","local_time":"20210218215356","is_ascension_mode":true,"campfire_choices":[{"data":"Rebound","floor":7,"key":"SMITH"},{"floor":12,"key":"REST"},{"data":"Streamline","floor":15,"key":"SMITH"}],"circlet_count":0,"master_deck":["Strike_B","Strike_B","Strike_B","Defend_B","Defend_B","Defend_B","Defend_B","Zap","Dualcast+1","Self Repair","Beam Cell","Streamline+1","Rebound+1","FTL","White Noise","CurseOfTheBell","Skim"],"relics":["Cracked Core","NeowsBlessing","Centennial Puzzle","Incense Burner","Sundial","Calling Bell","Bronze Scales","Question Card","Peace Pipe"],"acts_visited":["Exordium","TheCity"],"potions_floor_usage":[16],"damage_taken":[{"damage":0,"enemies":"Jaw Worm","floor":1,"turns":1},{"damage":0,"enemies":"Small Slimes","floor":2,"turns":1},{"damage":0,"enemies":"2 Louse","floor":5,"turns":1},{"damage":30,"enemies":"3 Sentries","floor":6,"turns":7},{"damage":25,"enemies":"Lagavulin","floor":8,"turns":5},{"damage":15,"enemies":"Exordium Wildlife","floor":10,"turns":2},{"damage":6,"enemies":"Looter","floor":11,"turns":2},{"damage":0,"enemies":"2 Fungi Beasts","floor":13,"turns":2},{"damage":8,"enemies":"3 Louse","floor":14,"turns":2},{"damage":29,"enemies":"The Guardian","floor":16,"turns":8},{"damage":15,"enemies":"3 Byrds","floor":18,"turns":2},{"damage":51,"enemies":"Spheric Guardian","floor":19,"turns":6},{"damage":24,"enemies":"Snake Plant","floor":20,"turns":1}],"seed_played":"3796535164294674478","potions_obtained":[{"floor":1,"key":"BlessingOfTheForge"},{"floor":2,"key":"Dexterity Potion"},{"floor":8,"key":"Ancient Potion"},{"floor":11,"key":"SpeedPotion"},{"floor":14,"key":"Swift Potion"}],"is_trial":false,"path_per_floor":["M","M","?","?","M","E","R","E","T","M","M","R","M","M","R","B",null,"M","M","M"],"character_chosen":"DEFECT","items_purchased":[],"campfire_rested":1,"item_purchase_floors":[],"current_hp_per_floor":[75,75,75,75,75,52,52,27,27,19,20,42,49,48,48,26,75,67,23,0,0],"gold":347,"neow_bonus":"THREE_ENEMY_KILL","is_daily":false,"chose_seed":false,"campfire_upgraded":2,"win_rate":0.0,"timestamp":1613714036,"path_taken":["M","M","?","?","M","E","R","E","T","M","M","R","M","M","R","BOSS","M","M","M"],"items_purchased_type":[],"build_version":"2020-12-22","purchased_purges":0,"victory":false,"max_hp_per_floor":[75,75,75,75,75,75,75,75,75,75,75,75,75,75,75,75,75,75,75,75,75],"card_choices":[{"not_picked":["Recycle","Coolheaded"],"picked":"Self Repair","floor":1},{"not_picked":["Coolheaded","Hello World"],"picked":"Beam Cell","floor":2},{"not_picked":["Compile Driver","Melter"],"picked":"Streamline","floor":5},{"not_picked":["Steam Power","Beam Cell"],"picked":"Rebound","floor":6},{"not_picked":["Chill","Glacier"],"picked":"FTL","floor":8},{"not_picked":["Double Energy","Recycle"],"picked":"White Noise","floor":10},{"not_picked":["Blizzard","Coolheaded","Beam Cell"],"picked":"SKIP","floor":11},{"not_picked":["Storm","Steam","Melter"],"picked":"SKIP","floor":13},{"not_picked":["Compile Driver","Sweeping Beam","Amplify"],"picked":"SKIP","floor":14},{"not_picked":["Conserve Battery","Doom and Gloom+1","Hello World","Undo"],"picked":"SKIP","floor":18},{"not_picked":["Force Field","Steam","Redo"],"picked":"Skim","floor":19}],"player_experience":187807,"relics_obtained":[{"floor":6,"key":"Centennial Puzzle"},{"floor":8,"key":"Incense Burner"},{"floor":9,"key":"Sundial"},{"floor":17,"key":"Bronze Scales"},{"floor":17,"key":"Question Card"},{"floor":17,"key":"Peace Pipe"}],"event_choices":[{"damage_healed":0,"gold_gain":0,"player_choice":"Grow","damage_taken":0,"max_hp_gain":0,"max_hp_loss":0,"event_name":"Living Wall","floor":3,"gold_loss":0,"cards_upgraded":["Dualcast"]},{"cards_removed":["Strike_B"],"damage_healed":0,"gold_gain":0,"player_choice":"Card Removal","damage_taken":0,"max_hp_gain":0,"max_hp_loss":0,"event_name":"The Cleric","floor":4,"gold_loss":50}],"is_beta":false,"boss_relics":[{"not_picked":["Nuclear Battery","SacredBark"],"picked":"Calling Bell"}],"items_purged_floors":[],"is_endless":false,"potions_floor_spawned":[1,2,8,11,14],"killed_by":"Snake Plant","ascension_level":4}}