{"host":"mydft8i2zzydgggw","time":1613729552,"event":{"mods":["AchievementEnabler","BaseMod","Colored Map","Colored Powertips","DeckTracker","Keyboard Shortcuts","Minty Spire (QoL Compilation)","Rare Cards Sparkle","Relic Stats","StSLib","SuperFastMode","Together in Spire","everything is the same but u backflip on backflip"],"gold_per_floor":[112,112,129,144,158,191,191,221,221,235,235,270,281,316,316,420,420,439,354,365,35,53,53,86,86,112,142,142,158,192,192,192,292,292,311,324,324,343,359,359,391,441,441,472,484,484,519,529,529,529,529,529,4,39,39],"floor_reached":56,"language":"KOR","playtime":1874,"items_purged":["Slice+1"],"score":2717,"play_id":"1850f7c9-32ff-4232-a4a4-dca28b666c39","local_time":"20210219191232","is_ascension_mode":true,"campfire_choices":[{"data":"Prepared","floor":7,"key":"SMITH"},{"data":"Prepared","floor":11,"key":"SMITH"},{"data":"Acrobatics","floor":15,"key":"SMITH"},{"data":"Reflex","floor":23,"key":"SMITH"},{"data":"Tactician","floor":25,"key":"SMITH"},{"data":"Venomology","floor":32,"key":"SMITH"},{"data":"Reflex","floor":40,"key":"SMITH"},{"data":"Tactician","floor":46,"key":"SMITH"},{"floor":49,"key":"RECALL"},{"data":"Well Laid Plans","floor":52,"key":"SMITH"}],"circlet_count":0,"master_deck":["AscendersBane","Grand Finale+1","Acrobatics+1","Acrobatics","Prepared+1","Prepared+1","Reflex+1","Reflex+1","Tactician+1","Well Laid Plans+1","PiercingWail","Venomology+1","After Image","Tactician+1","Grand Finale+1","Adrenaline"],"relics":["Ring of the Snake","Bottled Lightning","Unceasing Top","Ginger","Question Card","Kunai","SacredBark","Ancient Tea Set","Matryoshka","Singing Bowl","Omamori","Anchor","Orichalcum","Empty Cage","Prayer Wheel","Torii","Lantern","Letter Opener","Bag of Marbles","Boot","ClockworkSouvenir","Turnip","Whetstone"],"acts_visited":["Exordium","TheCity","TheBeyond","TheEnding"],"potions_floor_usage":[20,22,24,27,30,33,39,44,45,47,50,50,55],"damage_taken":[{"damage":0,"enemies":"Jaw Worm","floor":1,"turns":1},{"damage":0,"enemies":"Small Slimes","floor":3,"turns":1},{"damage":0,"enemies":"2 Louse","floor":4,"turns":1},{"damage":0,"enemies":"Looter","floor":5,"turns":1},{"damage":0,"enemies":"Lagavulin","floor":6,"turns":1},{"damage":0,"enemies":"Gremlin Nob","floor":8,"turns":1},{"damage":0,"enemies":"Exordium Wildlife","floor":10,"turns":1},{"damage":0,"enemies":"Lagavulin","floor":12,"turns":1},{"damage":0,"enemies":"2 Fungi Beasts","floor":13,"turns":1},{"damage":0,"enemies":"3 Sentries","floor":14,"turns":1},{"damage":0,"enemies":"The Guardian","floor":16,"turns":1},{"damage":0,"enemies":"Chosen","floor":18,"turns":1},{"damage":0,"enemies":"3 Byrds","floor":20,"turns":1},{"damage":0,"enemies":"3 Cultists","floor":22,"turns":1},{"damage":0,"enemies":"Gremlin Leader","floor":24,"turns":1},{"damage":0,"enemies":"Slavers","floor":27,"turns":1},{"damage":0,"enemies":"Chosen and Byrds","floor":29,"turns":2},{"damage":0,"enemies":"Book of Stabbing","floor":30,"turns":2},{"damage":0,"enemies":"Champ","floor":33,"turns":1},{"damage":0,"enemies":"3 Shapes","floor":35,"turns":1},{"damage":0,"enemies":"3 Darklings","floor":36,"turns":1},{"damage":0,"enemies":"Writhing Mass","floor":38,"turns":1},{"damage":0,"enemies":"Spire Growth","floor":39,"turns":1},{"damage":0,"enemies":"Nemesis","floor":41,"turns":1},{"damage":0,"enemies":"Mind Bloom Boss Battle","floor":42,"turns":1},{"damage":0,"enemies":"Giant Head","floor":44,"turns":1},{"damage":0,"enemies":"4 Shapes","floor":45,"turns":1},{"damage":0,"enemies":"Reptomancer","floor":47,"turns":1},{"damage":0,"enemies":"Maw","floor":48,"turns":1},{"damage":0,"enemies":"Time Eater","floor":50,"turns":3},{"damage":0,"enemies":"Shield and Spear","floor":54,"turns":1},{"damage":0,"enemies":"The Heart","floor":55,"turns":3}],"seed_played":"-6629379769331248791","potions_obtained":[{"floor":1,"key":"ColorlessPotion"},{"floor":10,"key":"Regen Potion"},{"floor":12,"key":"Swift Potion"},{"floor":14,"key":"BlessingOfTheForge"},{"floor":22,"key":"PowerPotion"},{"floor":39,"key":"Strength Potion"},{"floor":41,"key":"BlessingOfTheForge"}],"is_trial":false,"path_per_floor":["M","?","M","M","M","E","R","E","T","M","R","E","M","E","R","B",null,"M","?","M","$","M","R","E","R","T","E","?","M","E","?","R","B",null,"M","M","?","M","M","R","E","?","T","E","M","R","E","M","R","B",null,"R","$","E","B",null],"character_chosen":"THE_SILENT","items_purchased":["Matryoshka","Grand Finale","ClockworkSouvenir","Turnip"],"campfire_rested":0,"item_purchase_floors":[21,53,53,53],"current_hp_per_floor":[63,56,56,56,56,56,56,56,56,56,56,56,56,56,56,56,67,67,67,67,67,67,67,67,67,67,69,69,71,73,59,59,61,78,80,82,82,84,86,86,88,90,90,90,94,94,96,100,100,105,105,105,105,105,105],"gold":39,"neow_bonus":"REMOVE_CARD","is_daily":false,"chose_seed":false,"campfire_upgraded":9,"win_rate":0.0,"timestamp":1613729552,"path_taken":["M","?","M","M","M","E","R","E","T","M","R","E","M","E","R","BOSS","M","?","M","$","M","R","E","R","T","E","?","M","E","?","R","BOSS","M","M","?","M","M","R","E","?","T","E","M","R","E","M","R","BOSS","R","$","E","BOSS"],"items_purchased_type":["Relic","Card","Relic","Relic"],"build_version":"2020-12-22","purchased_purges":1,"victory":true,"max_hp_per_floor":[70,70,70,70,70,70,70,70,70,70,70,70,70,70,70,70,70,70,70,70,70,70,70,70,70,70,72,72,74,76,81,81,83,83,85,87,87,89,91,91,93,95,95,95,99,99,101,105,105,105,105,105,105,105,105],"relic_stats":{"Singing Bowl":30,"Torii":0,"counters":[32,38],"Ginger":[3],"Letter Opener":[140],"Whetstone":["Grand Finale","Grand Finale"],"Orichalcum":[6],"Question Card":24,"Boot":[0],"Prayer Wheel":2,"Turnip":[2],"Kunai":[23],"obtain_stats":[{"Lantern":43,"Singing Bowl":24,"Torii":42,"SacredBark":17,"Omamori":26,"Ginger":9,"Letter Opener":43,"Whetstone":54,"Orichalcum":30,"Question Card":12,"Ancient Tea Set":19,"Empty Cage":34,"Boot":47,"ClockworkSouvenir":53,"Anchor":27,"Matryoshka":21,"Prayer Wheel":41,"Turnip":53,"Bag of Marbles":44,"Bottled Lightning":6,"Kunai":14,"Unceasing Top":8,"Ring of the Snake":0},{"Lantern":25,"Singing Bowl":15,"Torii":25,"SacredBark":11,"Omamori":15,"Ginger":6,"Letter Opener":25,"Whetstone":31,"Orichalcum":18,"Question Card":8,"Ancient Tea Set":12,"Empty Cage":19,"Boot":28,"ClockworkSouvenir":30,"Anchor":16,"Matryoshka":13,"Prayer Wheel":24,"Turnip":30,"Bag of Marbles":26,"Bottled Lightning":5,"Kunai":10,"Unceasing Top":6,"Ring of the Snake":0},{"Lantern":27,"Singing Bowl":15,"Torii":27,"SacredBark":11,"Omamori":15,"Ginger":6,"Letter Opener":27,"Whetstone":35,"Orichalcum":20,"Question Card":8,"Ancient Tea Set":12,"Empty Cage":21,"Boot":30,"ClockworkSouvenir":34,"Anchor":16,"Matryoshka":13,"Prayer Wheel":26,"Turnip":34,"Bag of Marbles":28,"Bottled Lightning":5,"Kunai":10,"Unceasing Top":6,"Ring of the Snake":0}],"Unceasing Top":[0],"Ring of the Snake":[64]},"card_choices":[{"not_picked":["Bane","Prepared"],"picked":"Well Laid Plans","floor":1},{"not_picked":["Blade Dance","All Out Attack","Infinite Blades"],"picked":"SKIP","floor":3},{"not_picked":["Terror","Reflex","Sucker Punch"],"picked":"SKIP","floor":4},{"not_picked":["Dagger Spray","Catalyst","Underhanded Strike"],"picked":"SKIP","floor":5},{"not_picked":["Blade Dance","Dagger Throw","Backstab"],"picked":"SKIP","floor":6},{"not_picked":["Quick Slash","Skewer","Catalyst"],"picked":"SKIP","floor":8},{"not_picked":["Dash","Deflect"],"picked":"PiercingWail","floor":10},{"not_picked":["Bane","Dagger Spray","Phantasmal Killer"],"picked":"SKIP","floor":12},{"not_picked":["Dagger Throw","Heel Hook","PiercingWail","Outmaneuver"],"picked":"SKIP","floor":13},{"not_picked":["Expertise","Deflect","Bouncing Flask"],"picked":"Finisher","floor":14},{"not_picked":["Night Terror","Storm of Steel","Tools of the Trade"],"picked":"Venomology","floor":16},{"not_picked":["Bane+1","Blade Dance","Cloak And Dagger"],"picked":"Slice+1","floor":18},{"not_picked":["PiercingWail+1","Terror","Skewer+1"],"picked":"Leg Sweep+1","floor":20},{"not_picked":["Heel Hook","Outmaneuver","Flying Knee","Backflip"],"picked":"SKIP","floor":22},{"not_picked":["Underhanded Strike","Masterful Stab","Crippling Poison"],"picked":"After Image","floor":24},{"not_picked":["Dagger Spray+1","Burst","Dodge and Roll","PiercingWail+1"],"picked":"Singing Bowl","floor":27},{"not_picked":["Outmaneuver","Crippling Poison","Accuracy","Eviscerate"],"picked":"Singing Bowl","floor":29},{"not_picked":["Backflip","Dodge and Roll","Dagger Spray+1","Masterful Stab"],"picked":"Singing Bowl","floor":30},{"not_picked":["Storm of Steel","Corpse Explosion","Glass Knife","Doppelganger"],"picked":"Singing Bowl","floor":33},{"not_picked":["Outmaneuver","Crippling Poison","Finisher","Dodge and Roll"],"picked":"Singing Bowl","floor":35},{"not_picked":["Prepared","Underhanded Strike+1","Acrobatics","Deadly Poison"],"picked":"Singing Bowl","floor":36},{"not_picked":["Acrobatics","Backflip","Distraction","Well Laid Plans"],"picked":"Singing Bowl","floor":38},{"not_picked":["Cloak And Dagger","Dodge and Roll+1","Deflect","Dagger Throw+1"],"picked":"Singing Bowl","floor":39},{"not_picked":["Masterful Stab+1","Unload","Blade Dance","Slice+1"],"picked":"Singing Bowl","floor":41},{"not_picked":["Dagger Throw+1","Quick Slash","Underhanded Strike+1","Prepared"],"picked":"Singing Bowl","floor":42},{"not_picked":["Choke+1","Underhanded Strike+1","Riddle With Holes+1"],"picked":"Tactician+1","floor":44},{"not_picked":["Bane+1","Tactician","Prepared","Heel Hook+1"],"picked":"Singing Bowl","floor":45},{"not_picked":["Bouncing Flask","Skewer+1","Slice","Leg Sweep+1"],"picked":"Singing Bowl","floor":45},{"not_picked":["Predator+1","Outmaneuver","Accuracy","Envenom"],"picked":"Singing Bowl","floor":47},{"not_picked":["Blade Dance","Acrobatics+1","Blur","Setup+1"],"picked":"Singing Bowl","floor":48},{"not_picked":["Distraction+1","Quick Slash","Deadly Poison","Cloak And Dagger+1"],"picked":"Singing Bowl","floor":48},{"not_picked":["Backstab","Riddle With Holes","Outmaneuver"],"picked":"Adrenaline","floor":54}],"player_experience":289099,"relics_obtained":[{"floor":6,"key":"Bottled Lightning"},{"floor":8,"key":"Unceasing Top"},{"floor":9,"key":"Ginger"},{"floor":12,"key":"Question Card"},{"floor":14,"key":"Kunai"},{"floor":24,"key":"Singing Bowl"},{"floor":26,"key":"Omamori"},{"floor":27,"key":"Anchor"},{"floor":30,"key":"Orichalcum"},{"floor":41,"key":"Prayer Wheel"},{"floor":42,"key":"Torii"},{"floor":43,"key":"Lantern"},{"floor":43,"key":"Letter Opener"},{"floor":44,"key":"Bag of Marbles"},{"floor":47,"key":"Boot"},{"floor":54,"key":"Whetstone"}],"event_choices":[{"cards_removed":["Neutralize"],"damage_healed":0,"gold_gain":0,"player_choice":"Card Removal","damage_taken":7,"max_hp_gain":0,"max_hp_loss":0,"event_name":"Golden Wing","floor":2,"gold_loss":0},{"damage_healed":0,"gold_gain":0,"player_choice":"Obtained Relic","damage_taken":0,"relics_obtained":["Ancient Tea Set"],"max_hp_gain":0,"max_hp_loss":0,"event_name":"Addict","floor":19,"gold_loss":85},{"damage_healed":0,"gold_gain":0,"player_choice":"Ignored","damage_taken":0,"max_hp_gain":0,"max_hp_loss":0,"event_name":"Vampires","floor":28,"gold_loss":0},{"damage_healed":0,"gold_gain":0,"player_choice":"Shed Blood","damage_taken":19,"max_hp_gain":5,"max_hp_loss":0,"event_name":"Forgotten Altar","floor":31,"gold_loss":0},{"cards_removed":["Tactician"],"damage_healed":0,"gold_gain":0,"player_choice":"Removed Skill","damage_taken":0,"max_hp_gain":0,"max_hp_loss":0,"event_name":"Falling","floor":37,"gold_loss":0},{"damage_healed":0,"gold_gain":0,"player_choice":"Fight","damage_taken":0,"max_hp_gain":0,"max_hp_loss":0,"event_name":"MindBloom","floor":42,"gold_loss":0}],"is_beta":false,"boss_relics":[{"not_picked":["Calling Bell","Ectoplasm"],"picked":"SacredBark"},{"not_picked":["Sozu","Velvet Choker"],"picked":"Empty Cage"}],"items_purged_floors":[21],"is_endless":false,"potions_floor_spawned":[1,10,12,13,14,18,22,29,30,33,35,39,41,47,48],"ascension_level":11}}