{"host":"0mhttqdumuceah7q","time":1613724341,"event":{"mods":["AchievementEnabler","BaseMod","Colored Map","DeckTracker","Minty Spire (QoL Compilation)","Permanent Neow"],"gold_per_floor":[117,127,146,321,334,334,334,352,423,456,126,126,156,174,174,277,277,288,277,277,277,277,310,42,42,67,82,108,119,119,218,218,321,321,339,356,375,389,196,196,231,231,256,256,256,281,281,291,291,291,291,291,21,53,53,53],"floor_reached":55,"language":"KOR","playtime":2172,"items_purged":["Doubt","Defend_R"],"score":884,"play_id":"1dfda09c-2836-4715-b893-41ef6ff9fac0","local_time":"20210219174541","is_ascension_mode":true,"campfire_choices":[{"data":"Bash","floor":6.0,"key":"SMITH"},{"data":"Sever Soul","floor":15.0,"key":"SMITH"},{"data":"Wild Strike","floor":25.0,"key":"PURGE"},{"data":"Strike_R","floor":30.0,"key":"PURGE"},{"data":"Strike_R","floor":32.0,"key":"PURGE"},{"data":"Dark Embrace","floor":40.0,"key":"PURGE"},{"data":"Apotheosis","floor":42.0,"key":"SMITH"},{"floor":49.0,"key":"RECALL"},{"data":"Demon Form","floor":52.0,"key":"SMITH"}],"circlet_count":0,"master_deck":["Strike_R","Strike_R","Strike_R","Defend_R","Defend_R","Bash+1","Flame Barrier","Carnage+1","Dropkick+1","Sever Soul+1","Barricade","Juggernaut","Uppercut+1","Entrench","Entrench","Apotheosis+1","Perfected Strike","Twin Strike+1","Bludgeon","Pommel Strike+1","Pommel Strike+1","Perfected Strike","Demon Form+1","Madness","Thinking Ahead","Violence","Spot Weakness+1","Limit Break","Inflame"],"relics":["Snecko Eye","Peace Pipe","Singing Bowl","Blood Vial","Matryoshka","Anchor","Black Star","Ornamental Fan","StrikeDummy","Question Card","Whetstone","Bag of Preparation","Eternal Feather","Velvet Choker","Toy Ornithopter","Akabeko","Meat on the Bone","Happy Flower","Bag of Marbles","Boot","Art of War"],"acts_visited":["Exordium","TheCity","TheBeyond","TheEnding"],"potions_floor_usage":[55,55,55],"damage_taken":[{"damage":0.0,"enemies":"2 Louse","floor":1.0,"turns":2.0},{"damage":12.0,"enemies":"Jaw Worm","floor":2.0,"turns":2.0},{"damage":0.0,"enemies":"Cultist","floor":3.0,"turns":2.0},{"damage":0.0,"enemies":"Large Slime","floor":5.0,"turns":2.0},{"damage":12.0,"enemies":"Blue Slaver","floor":8.0,"turns":2.0},{"damage":13.0,"enemies":"Gremlin Nob","floor":10.0,"turns":3.0},{"damage":8.0,"enemies":"Lagavulin","floor":13.0,"turns":3.0},{"damage":2.0,"enemies":"Exordium Thugs","floor":14.0,"turns":2.0},{"damage":20.0,"enemies":"Slime Boss","floor":16.0,"turns":9.0},{"damage":6.0,"enemies":"3 Byrds","floor":18.0,"turns":3.0},{"damage":7.0,"enemies":"2 Thieves","floor":19.0,"turns":4.0},{"damage":13.0,"enemies":"Book of Stabbing","floor":23.0,"turns":5.0},{"damage":6.0,"enemies":"3 Cultists","floor":27.0,"turns":5.0},{"damage":49.0,"enemies":"Slavers","floor":28.0,"turns":5.0},{"damage":0.0,"enemies":"Centurion and Healer","floor":29.0,"turns":4.0},{"damage":22.0,"enemies":"Automaton","floor":33.0,"turns":8.0},{"damage":4.0,"enemies":"3 Shapes","floor":35.0,"turns":3.0},{"damage":29.0,"enemies":"3 Darklings","floor":36.0,"turns":4.0},{"damage":1.0,"enemies":"Transient","floor":37.0,"turns":5.0},{"damage":0.0,"enemies":"Maw","floor":38.0,"turns":6.0},{"damage":34.0,"enemies":"Giant Head","floor":41.0,"turns":6.0},{"damage":45.0,"enemies":"Nemesis","floor":46.0,"turns":3.0},{"damage":13.0,"enemies":"Writhing Mass","floor":48.0,"turns":3.0},{"damage":58.0,"enemies":"Time Eater","floor":50.0,"turns":7.0},{"damage":63.0,"enemies":"Shield and Spear","floor":54.0,"turns":5.0},{"damage":71,"enemies":"The Heart","floor":55,"turns":5}],"seed_played":"-4516391325044678557","potions_obtained":[{"floor":1.0,"key":"Block Potion"},{"floor":5.0,"key":"Strength Potion"},{"floor":10.0,"key":"Swift Potion"},{"floor":13.0,"key":"SteroidPotion"},{"floor":14.0,"key":"DuplicationPotion"},{"floor":19.0,"key":"BloodPotion"},{"floor":33.0,"key":"SteroidPotion"},{"floor":38.0,"key":"Weak Potion"},{"floor":46.0,"key":"LiquidMemories"},{"floor":48.0,"key":"LiquidMemories"}],"is_trial":false,"path_per_floor":["M","M","M","?","M","R","?","M","T","E","$","?","E","M","R","B",null,"M","M","?","?","?","E","$","R","T","M","E","M","R","?","R","B",null,"M","M","M","M","$","R","E","R","T","?","?","E","?","M","R","B",null,"R","$","E","B"],"character_chosen":"IRONCLAD","items_purchased":["Matryoshka","Apotheosis","The Bomb","Limit Break","Inflame","Dexterity Potion"],"campfire_rested":0,"item_purchase_floors":[11,24,39,53,53,53],"current_hp_per_floor":[80,68,68,68,68,68,68,56,56,43,43,43,39,41,41,23,84,78,73,73,73,84,71,71,71,71,69,22,41,53,53,65,45,86,84,57,58,60,60,75,43,58,58,58,48,19,100,87,100,54,100,100,100,51,0,0],"gold":53,"neow_bonus":"BOSS_RELIC","is_daily":false,"chose_seed":false,"campfire_upgraded":4,"win_rate":0.0,"timestamp":1613724341,"path_taken":["M","M","M","?","M","R","?","M","T","E","?","?","E","M","R","BOSS","M","M","?","?","?","E","$","R","T","?","E","M","R","?","R","BOSS","M","M","M","M","$","R","E","R","T","?","?","E","?","M","R","BOSS","R","$","E","BOSS"],"items_purchased_type":["Relic","Card","Card","Card","Card","Potion"],"build_version":"2020-12-22","purchased_purges":2,"victory":false,"max_hp_per_floor":[80,80,80,80,80,80,80,80,80,80,80,80,82,84,84,84,84,84,84,84,84,84,84,84,84,84,86,86,86,86,86,86,86,86,88,88,88,88,88,88,88,88,88,88,88,90,100,100,100,100,100,100,100,102,102,102],"card_choices":[{"not_picked":["Second Wind","Anger"],"picked":"Wild Strike","floor":1.0},{"not_picked":["Flex","Rage"],"picked":"Flame Barrier","floor":2.0},{"not_picked":["Sword Boomerang","Headbutt"],"picked":"Carnage","floor":3.0},{"not_picked":["True Grit","Metallicize"],"picked":"Dropkick","floor":5.0},{"not_picked":["Thunderclap","Sword Boomerang"],"picked":"Sever Soul","floor":8.0},{"not_picked":["Pommel Strike","Rage"],"picked":"Barricade","floor":10.0},{"not_picked":["Shrug It Off","Clash","Power Through"],"picked":"Singing Bowl","floor":13.0},{"not_picked":["Rage","Blood for Blood","Carnage"],"picked":"Singing Bowl","floor":14.0},{"not_picked":["Fiend Fire","Immolate"],"picked":"Juggernaut","floor":16.0},{"not_picked":["Heavy Blade+1","Feel No Pain"],"picked":"Dark Embrace","floor":18.0},{"not_picked":["Pommel Strike","Heavy Blade"],"picked":"Uppercut+1","floor":19.0},{"not_picked":["Pummel","Thunderclap+1"],"picked":"Entrench","floor":23.0},{"not_picked":["True Grit","Clothesline","Armaments","Twin Strike"],"picked":"Singing Bowl","floor":27.0},{"not_picked":["Heavy Blade","Bloodletting","Hemokinesis"],"picked":"Perfected Strike","floor":28.0},{"not_picked":["Wild Strike+1","Rampage","Juggernaut"],"picked":"Twin Strike+1","floor":29.0},{"not_picked":["Juggernaut","Brutality","Limit Break"],"picked":"Bludgeon","floor":33.0},{"not_picked":["Anger","Rupture","Pommel Strike","Flex"],"picked":"Singing Bowl","floor":35.0},{"not_picked":["Iron Wave","Sword Boomerang","True Grit+1"],"picked":"Pommel Strike+1","floor":36.0},{"not_picked":["Warcry","Anger","Iron Wave"],"picked":"Pommel Strike+1","floor":37.0},{"not_picked":["Cleave+1","Hemokinesis+1","Thunderclap+1"],"picked":"Perfected Strike","floor":38.0},{"not_picked":["Pommel Strike","Second Wind+1","Dark Embrace"],"picked":"Demon Form","floor":41.0},{"not_picked":["Enlightenment","Jack Of All Trades","Bandage Up"],"picked":"Madness","floor":45.0},{"not_picked":["Bandage Up","Jack Of All Trades","Swift Strike"],"picked":"Thinking Ahead","floor":45.0},{"not_picked":["Dark Shackles","Secret Weapon","Purity"],"picked":"Violence","floor":45.0},{"not_picked":["Sword Boomerang+1","Heavy Blade","Headbutt+1","Evolve"],"picked":"Singing Bowl","floor":46.0},{"not_picked":["Armaments+1","Bloodletting","Pommel Strike+1"],"picked":"Spot Weakness+1","floor":48.0},{"not_picked":["Warcry","Dual Wield+1","Havoc+1","Burning Pact"],"picked":"Singing Bowl","floor":54.0}],"player_experience":126519,"relics_obtained":[{"floor":9.0,"key":"Singing Bowl"},{"floor":10.0,"key":"Blood Vial"},{"floor":13.0,"key":"Anchor"},{"floor":23.0,"key":"Ornamental Fan"},{"floor":23.0,"key":"StrikeDummy"},{"floor":26.0,"key":"Question Card"},{"floor":26.0,"key":"Whetstone"},{"floor":28.0,"key":"Bag of Preparation"},{"floor":28.0,"key":"Eternal Feather"},{"floor":41.0,"key":"Toy Ornithopter"},{"floor":41.0,"key":"Akabeko"},{"floor":43.0,"key":"Meat on the Bone"},{"floor":46.0,"key":"Happy Flower"},{"floor":46.0,"key":"Bag of Marbles"},{"floor":54.0,"key":"Boot"},{"floor":54.0,"key":"Art of War"}],"event_choices":[{"damage_healed":0.0,"max_hp_gain":0.0,"max_hp_loss":0.0,"gold_gain":175.0,"event_name":"Liars Game","player_choice":"AGREE","floor":4.0,"gold_loss":0.0,"damage_taken":0.0,"cards_obtained":["Doubt"]},{"damage_healed":0.0,"max_hp_gain":0.0,"max_hp_loss":0.0,"gold_gain":0.0,"event_name":"Big Fish","player_choice":"Box","floor":7.0,"gold_loss":0.0,"damage_taken":0.0,"relics_obtained":["Peace Pipe"],"cards_obtained":["Regret"]},{"cards_removed":["Regret"],"damage_healed":0.0,"max_hp_gain":0.0,"max_hp_loss":0.0,"gold_gain":0.0,"event_name":"Fountain of Cleansing","player_choice":"Removed Curses","floor":12.0,"gold_loss":0.0,"damage_taken":0.0},{"damage_healed":0.0,"max_hp_gain":0.0,"max_hp_loss":0.0,"gold_gain":0.0,"event_name":"The Library","player_choice":"Read","floor":20.0,"gold_loss":0.0,"damage_taken":0.0,"cards_obtained":["Entrench"]},{"damage_healed":0.0,"max_hp_gain":0.0,"max_hp_loss":0.0,"gold_gain":0.0,"event_name":"Ghosts","player_choice":"Ignored","floor":21.0,"gold_loss":0.0,"damage_taken":0.0},{"damage_healed":11.0,"max_hp_gain":0.0,"max_hp_loss":0.0,"gold_gain":0.0,"event_name":"Wheel of Change","player_choice":"Full Heal","floor":22.0,"gold_loss":0.0,"damage_taken":0.0},{"damage_healed":0.0,"max_hp_gain":0.0,"max_hp_loss":0.0,"gold_gain":99.0,"event_name":"Nest","player_choice":"Stole From Cult","floor":31.0,"gold_loss":0.0,"damage_taken":0.0},{"cards_removed":["Defend_R"],"damage_healed":0.0,"max_hp_gain":0.0,"max_hp_loss":0.0,"gold_gain":0.0,"event_name":"Falling","player_choice":"Removed Skill","floor":44.0,"gold_loss":0.0,"damage_taken":0.0},{"damage_healed":0.0,"max_hp_gain":0.0,"max_hp_loss":0.0,"gold_gain":0.0,"event_name":"SensoryStone","player_choice":"Memory 3","floor":45.0,"gold_loss":0.0,"damage_taken":10.0},{"cards_removed":["The Bomb"],"damage_healed":71.0,"max_hp_gain":10.0,"max_hp_loss":0.0,"gold_gain":0.0,"event_name":"Bonfire Elementals","player_choice":"Offered Rare","floor":47.0,"gold_loss":0.0,"damage_taken":0.0}],"is_beta":false,"boss_relics":[{"not_picked":["Fusion Hammer","Runic Dome"],"picked":"Black Star"},{"not_picked":["Empty Cage","Astrolabe"],"picked":"Velvet Choker"}],"items_purged_floors":[11,24],"is_endless":false,"potions_floor_spawned":[1,5,10,13,14,19,33,38,46,48,54],"killed_by":"The Heart","ascension_level":3}}