{"host":"x73jdofm2fk9hsud","time":1613721659,"event":{"mods":["BaseMod","Bestiary","Minty Spire (QoL Compilation)","Relic Stats","ojb\u0027s Better Paths Mod","ojb\u0027s Info Mod"],"gold_per_floor":[109,125,125,136,156,156,173,206,229,229,229,229,229,58,58,130,130,130,1,1,1,1,1,1,1,1,1,1,1,1],"floor_reached":29,"language":"ENG","playtime":1163,"items_purged":["Regret"],"score":486,"play_id":"afe56bbd-c5fb-4722-911f-e7142da6dc30","local_time":"20210219030059","is_ascension_mode":true,"campfire_choices":[{"data":"Apotheosis","floor":6,"key":"SMITH"},{"data":"Noxious Fumes","floor":11,"key":"SMITH"},{"data":"Crippling Poison","floor":13,"key":"SMITH"},{"floor":15,"key":"REST"},{"floor":23,"key":"REST"},{"floor":25,"key":"REST"}],"circlet_count":0,"master_deck":["AscendersBane","Strike_G","Strike_G","Strike_G","Strike_G","Strike_G","Defend_G+1","Defend_G","Defend_G","Defend_G+1","Defend_G","Survivor","Neutralize","Apotheosis+1","Poisoned Stab","Crippling Poison+1","Well Laid Plans","Noxious Fumes+1","Dodge and Roll","Cloak And Dagger","Die Die Die","Acrobatics+1","Deflect","Crippling Poison","Backflip+1","Dodge and Roll+1"],"relics":["Ring of the Snake","Ancient Tea Set","Blood Vial","Snake Skull","Ectoplasm","Orichalcum","Pen Nib","Unceasing Top","Frozen Egg 2"],"acts_visited":["Exordium","TheCity"],"potions_floor_usage":[5,28,28],"damage_taken":[{"damage":6,"enemies":"Small Slimes","floor":1,"turns":5},{"damage":5,"enemies":"2 Louse","floor":2,"turns":4},{"damage":7,"enemies":"Jaw Worm","floor":4,"turns":4},{"damage":4,"enemies":"Lots of Slimes","floor":5,"turns":4},{"damage":9,"enemies":"Large Slime","floor":7,"turns":5},{"damage":12,"enemies":"Lagavulin","floor":8,"turns":9},{"damage":13,"enemies":"Slime Boss","floor":16,"turns":9},{"damage":19,"enemies":"Shell Parasite","floor":18,"turns":5},{"damage":19,"enemies":"Spheric Guardian","floor":20,"turns":6},{"damage":3,"enemies":"3 Cultists","floor":21,"turns":4},{"damage":11,"enemies":"Gremlin Leader","floor":24,"turns":6},{"damage":0,"enemies":"Centurion and Healer","floor":27,"turns":6},{"damage":5,"enemies":"Colosseum Slavers","floor":28,"turns":4},{"damage":34,"enemies":"Colosseum Nobs","floor":28,"turns":4},{"damage":19,"enemies":"Book of Stabbing","floor":29,"turns":3}],"seed_played":"6124821621001709877","potions_obtained":[{"floor":1,"key":"Dexterity Potion"},{"floor":2,"key":"Energy Potion"},{"floor":7,"key":"GamblersBrew"},{"floor":18,"key":"GhostInAJar"},{"floor":28,"key":"Weak Potion"}],"is_trial":false,"path_per_floor":["M","M","?","M","M","R","M","E","T","?","R","?","R","$","R","B",null,"M","$","M","M","$","R","E","R","T","M","?","E"],"character_chosen":"THE_SILENT","items_purchased":["Snake Skull","Deflect"],"campfire_rested":3,"item_purchase_floors":[14,19],"current_hp_per_floor":[53,48,48,41,37,37,28,16,16,38,38,18,18,18,37,26,56,39,39,22,21,21,40,31,50,50,52,17,0,0],"gold":1,"neow_bonus":"RANDOM_COLORLESS_2","is_daily":false,"chose_seed":false,"campfire_upgraded":3,"win_rate":0.0,"timestamp":1613721659,"path_taken":["M","M","?","M","M","R","M","E","T","?","R","?","R","?","R","BOSS","M","?","M","M","$","R","E","R","T","M","?","E"],"items_purchased_type":["Relic","Card"],"build_version":"2020-12-22","purchased_purges":1,"victory":false,"max_hp_per_floor":[66,66,66,66,66,66,66,66,66,66,66,66,66,66,66,66,66,66,66,66,66,66,66,66,66,66,66,66,66,66],"relic_stats":{"Blood Vial":18,"counters":[15,78],"Snake Skull":[87],"Ectoplasm":190,"Pen Nib":[2],"Orichalcum":[12],"obtain_stats":[{"Blood Vial":9,"Snake Skull":14,"Ectoplasm":17,"Pen Nib":26,"Orichalcum":24,"Frozen Egg 2":28,"Ancient Tea Set":8,"Unceasing Top":28,"Ring of the Snake":0},{"Blood Vial":6,"Snake Skull":6,"Ectoplasm":7,"Pen Nib":11,"Orichalcum":11,"Frozen Egg 2":14,"Ancient Tea Set":6,"Unceasing Top":14,"Ring of the Snake":0},{"Blood Vial":31,"Snake Skull":31,"Ectoplasm":40,"Pen Nib":61,"Orichalcum":61,"Frozen Egg 2":75,"Ancient Tea Set":31,"Unceasing Top":75,"Ring of the Snake":0}],"Unceasing Top":[0],"Ring of the Snake":[30]},"card_choices":[{"not_picked":["Secret Technique","Sadistic Nature"],"picked":"Apotheosis","floor":0},{"not_picked":["Reflex","Eviscerate"],"picked":"Poisoned Stab","floor":1},{"not_picked":["Reflex","Poisoned Stab"],"picked":"Crippling Poison","floor":2},{"not_picked":["Slice","Accuracy"],"picked":"Well Laid Plans","floor":4},{"not_picked":["Infinite Blades","Poisoned Stab"],"picked":"Noxious Fumes","floor":5},{"not_picked":["Finisher","Caltrops"],"picked":"Dodge and Roll","floor":7},{"not_picked":["Infinite Blades","Backstab"],"picked":"Cloak And Dagger","floor":8},{"not_picked":["Doppelganger","Bullet Time"],"picked":"Die Die Die","floor":16},{"not_picked":["Deadly Poison","Prepared"],"picked":"Acrobatics+1","floor":18},{"not_picked":["Eviscerate","Deadly Poison"],"picked":"Crippling Poison","floor":20},{"not_picked":["Endless Agony","Quick Slash"],"picked":"Backflip+1","floor":21},{"not_picked":["Bane","Slice","Underhanded Strike"],"picked":"SKIP","floor":24},{"not_picked":["Flechettes","Sucker Punch","Bane"],"picked":"SKIP","floor":27},{"not_picked":["Unload","Dagger Throw"],"picked":"Dodge and Roll+1","floor":28}],"player_experience":5388797,"relics_obtained":[{"floor":8,"key":"Ancient Tea Set"},{"floor":9,"key":"Blood Vial"},{"floor":24,"key":"Orichalcum"},{"floor":26,"key":"Pen Nib"},{"floor":28,"key":"Unceasing Top"},{"floor":28,"key":"Frozen Egg 2"}],"event_choices":[{"damage_healed":0,"gold_gain":0,"player_choice":"Ignored","damage_taken":0,"max_hp_gain":0,"max_hp_loss":0,"event_name":"Liars Game","floor":3,"gold_loss":0},{"damage_healed":22,"gold_gain":0,"player_choice":"Banana","damage_taken":0,"max_hp_gain":0,"max_hp_loss":0,"event_name":"Big Fish","floor":10,"gold_loss":0},{"damage_healed":0,"gold_gain":0,"player_choice":"Entered Light","damage_taken":20,"max_hp_gain":0,"max_hp_loss":0,"event_name":"Shining Light","floor":12,"gold_loss":0,"cards_upgraded":["Defend_G","Defend_G"]},{"damage_healed":0,"gold_gain":0,"player_choice":"Fight","damage_taken":0,"max_hp_gain":0,"max_hp_loss":0,"event_name":"Colosseum","floor":28,"gold_loss":0},{"damage_healed":0,"gold_gain":0,"player_choice":"Fought Nobs","damage_taken":0,"max_hp_gain":0,"max_hp_loss":0,"event_name":"Colosseum","floor":28,"gold_loss":0}],"is_beta":false,"boss_relics":[{"not_picked":["Busted Crown","WristBlade"],"picked":"Ectoplasm"}],"items_purged_floors":[19],"is_endless":false,"potions_floor_spawned":[1,2,7,18,21,28,28],"killed_by":"Book of Stabbing","ascension_level":20}}