{"host":"bzq0skgbben6khkk","time":1613722817,"event":{"mods":["Act Like it!","BaseMod","Minty Spire (QoL Compilation)","MostiFishMod","StSLib","Swap Starting Deck Mod"],"gold_per_floor":[110,121,121,196,211,211,241,256,256,103,117,143,159,171,171,268,268,288,288,203,216,233,263,280,314,341,357,385,256,181,36,36,133,133,153,172,192,192,192,223,223,223,223,223,241,253,33,65,65,65,65,65,15,45,45],"floor_reached":56,"language":"ZHS","playtime":2605,"items_purged":["Strike_B","Strike_B","Strike_B","Hello World"],"score":1640,"play_id":"86f4340b-390d-4862-8655-988ee908d896","local_time":"20210219162017","is_ascension_mode":true,"campfire_choices":[{"data":"Coolheaded","floor":6.0,"key":"SMITH"},{"data":"Skim","floor":15.0,"key":"SMITH"},{"data":"MostiFishMod:LinkProtocol","floor":32,"key":"SMITH"},{"data":"Recycle","floor":41,"key":"SMITH"},{"floor":44,"key":"RECALL"},{"data":"Capacitor","floor":49,"key":"SMITH"},{"data":"Seek","floor":52,"key":"SMITH"}],"circlet_count":0,"master_deck":["Defend_B+1","Defend_B","Defend_B+1","Zap","Dualcast","Coolheaded+1","Genetic Algorithm","Glacier","Capacitor+1","Skim+1","Blizzard","Barrage","MostiFishMod:IceShield","Creative AI","Sunder","Necronomicurse","MostiFishMod:Culaccino","MostiFishMod:LinkProtocol+1","Coolheaded+1","Recycle+1","Seek+1","Meteor Strike","MostiFishMod:PushDownKick+1","Turbo"],"relics":["FrozenCore","DaveBox","NeowsBlessing","Civilization","SynthV:TestCard","War Paint","Darkstone Periapt","Necronomicon","Boot","Gremlin Horn","Centennial Puzzle","Smiling Mask","Eternal Feather","Runic Capacitor","ChiXiaoBlade","DataDisk","Singing Bowl","White Beast Statue","Ying","Shuriken","HornCleat"],"acts_visited":["Exordium","TheCity","TheBeyond","TheEnding"],"potions_floor_usage":[],"damage_taken":[{"damage":0.0,"enemies":"Jaw Worm","floor":1.0,"turns":1.0},{"damage":0.0,"enemies":"2 Louse","floor":2.0,"turns":1.0},{"damage":0.0,"enemies":"Cultist","floor":5.0,"turns":1.0},{"damage":0.0,"enemies":"3 Sentries","floor":7.0,"turns":9.0},{"damage":0.0,"enemies":"3 Louse","floor":8.0,"turns":4.0},{"damage":3.0,"enemies":"Exordium Wildlife","floor":11.0,"turns":4.0},{"damage":0.0,"enemies":"Gremlin Nob","floor":12.0,"turns":4.0},{"damage":0.0,"enemies":"Looter","floor":13.0,"turns":2.0},{"damage":0.0,"enemies":"3 Louse","floor":14.0,"turns":3.0},{"damage":20.0,"enemies":"The Guardian","floor":16.0,"turns":12.0},{"damage":0.0,"enemies":"Spheric Guardian","floor":18.0,"turns":6.0},{"damage":0.0,"enemies":"2 Thieves","floor":21.0,"turns":4.0},{"damage":0.0,"enemies":"Snecko","floor":22.0,"turns":4.0},{"damage":17.0,"enemies":"Gremlin Leader","floor":23.0,"turns":11.0},{"damage":0.0,"enemies":"Snake Plant","floor":24.0,"turns":5.0},{"damage":0.0,"enemies":"Book of Stabbing","floor":25.0,"turns":6.0},{"damage":6.0,"enemies":"Centurion and Healer","floor":27.0,"turns":5.0},{"damage":0.0,"enemies":"Slavers","floor":28.0,"turns":8.0},{"damage":0,"enemies":"Collector","floor":33,"turns":10},{"damage":0,"enemies":"Orb Walker","floor":35,"turns":3},{"damage":18,"enemies":"3 Shapes","floor":36,"turns":7},{"damage":0,"enemies":"Sphere and 2 Shapes","floor":37,"turns":6},{"damage":0,"enemies":"Nemesis","floor":40,"turns":7},{"damage":0,"enemies":"Transient","floor":45,"turns":5},{"damage":0,"enemies":"4 Shapes","floor":46,"turns":4},{"damage":0,"enemies":"Giant Head","floor":48,"turns":6},{"damage":0,"enemies":"Awakened One","floor":50,"turns":7},{"damage":0,"enemies":"Shield and Spear","floor":54,"turns":6},{"damage":18,"enemies":"The Heart","floor":55,"turns":7}],"seed_played":"7271612271355689201","potions_obtained":[{"floor":2.0,"key":"LiquidMemories"},{"floor":7.0,"key":"Ancient Potion"},{"floor":8.0,"key":"SpeedPotion"},{"floor":25.0,"key":"AttackPotion"},{"floor":27.0,"key":"FocusPotion"}],"is_trial":false,"path_per_floor":["M","M","?","?","M","R","E","M","T","$","M","E","M","M","R","B",null,"M","?","?","M","M","E","M","E","T","M","E","$","?","$","R","B",null,"M","M","M","?","?","E","R","T","T","R","M","M","$","E","R","B",null,"R","$","E","B",null],"character_chosen":"DEFECT","items_purchased":["Blizzard","Seek","Runic Capacitor","Ying","Turbo"],"campfire_rested":0,"item_purchase_floors":[10,29,31,47,47],"current_hp_per_floor":[76,79,79,72,76,76,81,86,86,86,88,93,98,103,103,88,118,123,113,113,118,123,111,116,121,121,120,125,125,125,125,137,142,169,174,161,166,166,166,171,180,180,180,180,187,194,194,201,201,206,206,206,206,213,200],"gold":45,"neow_bonus":"THREE_ENEMY_KILL","is_daily":false,"chose_seed":false,"campfire_upgraded":6,"win_rate":0.0,"timestamp":1613722817,"path_taken":["M","M","?","?","?","R","E","M","T","$","M","E","M","M","R","BOSS","M","?","?","M","M","E","M","E","T","M","E","?","?","$","R","BOSS","M","M","M","?","?","E","R","?","T","R","?","M","$","E","R","BOSS","R","$","E","BOSS"],"items_purchased_type":["Card","Card","Relic","Relic","Card"],"build_version":"2020-12-22","purchased_purges":4,"victory":true,"max_hp_per_floor":[76,79,79,79,83,83,88,93,93,93,98,103,108,113,113,118,118,123,129,129,134,139,144,149,154,154,159,164,164,164,164,164,169,169,174,179,184,175,175,180,180,180,180,180,187,194,194,201,201,206,206,206,206,213,218],"card_choices":[{"not_picked":["Conserve Battery","MostiFishMod:IceShield"],"picked":"Coolheaded","floor":1.0},{"not_picked":["Beam Cell","Hologram","Cold Snap","Undo"],"picked":"Genetic Algorithm","floor":2.0},{"not_picked":["Glacier","Redo","Steam","Coolheaded"],"picked":"Capacitor","floor":5.0},{"not_picked":["Melter","Cold Snap","Conserve Battery","Genetic Algorithm","Redo"],"picked":"SKIP","floor":7.0},{"not_picked":["White Noise","Hello World","Stack","Gash"],"picked":"Skim","floor":8.0},{"not_picked":["Stack","MostiFishMod:Impulse","Sweeping Beam","Streamline"],"picked":"Barrage","floor":11.0},{"not_picked":["Sweeping Beam","Steam","MostiFishMod:TalkingToTheRain","MostiFishMod:FluxCapactior"],"picked":"Hello World","floor":12.0},{"not_picked":["Streamline","Gash","Reprogram","Hologram"],"picked":"MostiFishMod:IceShield","floor":13.0},{"not_picked":["Sweeping Beam","Rebound","Static Discharge","Barrage","Ball Lightning"],"picked":"SKIP","floor":14.0},{"not_picked":["MostiFishMod:Prepare","All For One","Amplify","Reboot"],"picked":"Creative AI","floor":16.0},{"not_picked":["Reprogram","Cold Snap","Hologram+1","Streamline"],"picked":"Sunder","floor":18.0},{"not_picked":["Steam Power","Streamline+1","Gash+1","Conserve Battery","Barrage+1"],"picked":"SKIP","floor":21.0},{"not_picked":["Leap","White Noise+1","Steam","Sunder+1"],"picked":"MostiFishMod:SeaWaves","floor":22.0},{"not_picked":["Loop","Turbo","Redo","Stack"],"picked":"MostiFishMod:Culaccino","floor":23.0},{"not_picked":["Gash","Double Energy+1","Storm+1","Hologram"],"picked":"MostiFishMod:LinkProtocol","floor":24.0},{"not_picked":["MostiFishMod:ReprogramOld","Beam Cell","Chill","Cold Snap"],"picked":"Coolheaded+1","floor":25.0},{"not_picked":["Cold Snap+1","Rebound","Genetic Algorithm+1","Stack"],"picked":"Recycle","floor":27.0},{"not_picked":["Double Energy","Blizzard","Heatsinks+1","Stack","Conserve Battery"],"picked":"SKIP","floor":28.0},{"not_picked":["MostiFishMod:Prepare","MostiFishMod:ATRI","MostiFishMod:SeaWaves","Core Surge"],"picked":"Meteor Strike","floor":33},{"not_picked":["Chaos","Conserve Battery","Redo","Beam Cell+1"],"picked":"MostiFishMod:PushDownKick+1","floor":35},{"not_picked":["Aggregate+1","MostiFishMod:PushDownKick","Conserve Battery+1","Heatsinks+1","Steam+1"],"picked":"SKIP","floor":36},{"not_picked":["Recycle","Redo+1","Sunder","Streamline","Reprogram"],"picked":"SKIP","floor":37},{"not_picked":["Sweeping Beam","Leap","Scrape+1","Auto Shields+1","MostiFishMod:Exploitation"],"picked":"SKIP","floor":40},{"not_picked":["Gash","Go for the Eyes","MostiFishMod:PushDownKick","Leap+1","Rebound+1"],"picked":"Singing Bowl","floor":45},{"not_picked":["Beam Cell","Coolheaded","Cold Snap+1","MostiFishMod:ATRI","Force Field"],"picked":"Singing Bowl","floor":46},{"not_picked":["Beam Cell+1","FTL+1","Hologram","Coolheaded","Stack"],"picked":"Singing Bowl","floor":48},{"not_picked":["Beam Cell+1","Barrage","Compile Driver+1","Steam","Go for the Eyes"],"picked":"Singing Bowl","floor":54}],"player_experience":470977,"relics_obtained":[{"floor":1.0,"key":"SynthV:TestCard"},{"floor":7.0,"key":"War Paint"},{"floor":12.0,"key":"Darkstone Periapt"},{"floor":19.0,"key":"Necronomicon"},{"floor":23.0,"key":"Gremlin Horn"},{"floor":25.0,"key":"Centennial Puzzle"},{"floor":26.0,"key":"Smiling Mask"},{"floor":28.0,"key":"Eternal Feather"},{"floor":40,"key":"DataDisk"},{"floor":42,"key":"Singing Bowl"},{"floor":43,"key":"White Beast Statue"},{"floor":48,"key":"Shuriken"},{"floor":54,"key":"HornCleat"}],"event_choices":[{"damage_healed":0.0,"max_hp_gain":0.0,"max_hp_loss":0.0,"gold_gain":0.0,"cards_transformed":["Strike_B"],"event_name":"Living Wall","player_choice":"Change","floor":3.0,"gold_loss":0.0,"damage_taken":0.0,"cards_obtained":["Glacier"]},{"damage_healed":0.0,"max_hp_gain":0.0,"max_hp_loss":0.0,"gold_gain":75.0,"event_name":"FaceTrader","player_choice":"Touch","floor":4.0,"gold_loss":0.0,"damage_taken":7.0},{"damage_healed":0.0,"max_hp_gain":0.0,"max_hp_loss":0.0,"gold_gain":0.0,"event_name":"Cursed Tome","player_choice":"Obtained Book","floor":19.0,"gold_loss":0.0,"damage_taken":16.0},{"damage_healed":0.0,"max_hp_gain":0.0,"max_hp_loss":0.0,"gold_gain":0.0,"event_name":"Addict","player_choice":"Obtained Relic","floor":20.0,"gold_loss":85.0,"damage_taken":0.0,"relics_obtained":["Boot"]},{"cards_removed":["Defend_B"],"damage_healed":0.0,"max_hp_gain":0.0,"max_hp_loss":0.0,"gold_gain":0.0,"event_name":"Beggar","player_choice":"Gave Gold","floor":30.0,"gold_loss":75.0,"damage_taken":0.0},{"damage_healed":0,"gold_gain":0,"player_choice":"Max HP","damage_taken":0,"max_hp_gain":0,"max_hp_loss":9,"event_name":"Winding Halls","floor":38,"gold_loss":0},{"cards_removed":["MostiFishMod:SeaWaves"],"damage_healed":0,"gold_gain":0,"player_choice":"Removed Power","damage_taken":0,"max_hp_gain":0,"max_hp_loss":0,"event_name":"Falling","floor":39,"gold_loss":0}],"is_beta":false,"boss_relics":[{"not_picked":["xbg","MoonlightInvasionPlan"],"picked":"FrozenCore"},{"not_picked":["Sozu","Tiny House"],"picked":"ChiXiaoBlade"}],"items_purged_floors":[10,29,47,53],"is_endless":false,"potions_floor_spawned":[2,7,8,14,18,25,27,28,35,37,45,46,48,54],"ascension_level":1}}