{"host":"684z1xpuwaoqmmh1","time":1613757396,"event":{"mods":["A Magickal Journey","BaseMod","Downfall","Hermit","Jorbs\u0027s Wanderer Trilogy","Marisa????????","Minty Spire (QoL Compilation)","Robot Space Explorer","Shade Mod","StSLib","The Bug Knight","The Dragon Tamer","The Elementalist","The Hayseed","The Hierophant","The Marked","The Mystic","The Runesmith","The Saiyan","The Senshi","The Spell Scribe","The Vixen","TheBandit","TheFirefly"],"gold_per_floor":[219,144,144,164,89,89,100,125,125,135,161,161,180,200,200,275,275,230,230,248,258,173,173,173,173],"floor_reached":24,"language":"ENG","playtime":1300,"items_purged":["Pain"],"score":412,"play_id":"ae2767e5-c8a3-4065-accd-2d1a31362969","local_time":"20210219195636","is_ascension_mode":true,"campfire_choices":[{"data":"theSenshi:SailorChibiMoonAssists","floor":6,"key":"SMITH"},{"data":"theSenshi:KlutzyLuck","floor":12,"key":"SMITH"},{"data":"theSenshi:MoonCrystalPowerMakeUp","floor":15,"key":"SMITH"},{"data":"theSenshi:MoonPrismPowerMakeUp","floor":23,"key":"SMITH"}],"circlet_count":0,"master_deck":["AscendersBane","theSenshi:SailorKick","theSenshi:SailorKick","theSenshi:SailorKick","theSenshi:SailorBlock","theSenshi:SailorBlock","theSenshi:SailorBlock","theSenshi:RoseThrow","theSenshi:MoonPrismPowerMakeUp+1","theSenshi:SailorChibiMoonAssists+1","theSenshi:SailorPlanetAttack","theSenshi:SaturnsMystery","theSenshi:KlutzyLuck+1","theSenshi:MercurysCunning","theSenshi:SaturnsMystery","theSenshi:MoonCrystalPowerMakeUp+1","theSenshi:StarlightHoneymoonTherapyKiss","theSenshi:SailorSaturnAssists","CurseOfTheBell","theSenshi:SailorMarsAssists","theSenshi:PlutosSolemnity"],"relics":["theSenshi:TransformationBroochRelic","WarpedTongs","CaptainsWheel","Pantograph","Letter Opener","Odd Mushroom","Calling Bell","Guardian:PocketSentry","Ornamental Fan","Mango","Bag of Marbles"],"acts_visited":["TheCity"],"potions_floor_usage":[10,14],"damage_taken":[{"damage":5,"enemies":"Jaw Worm","floor":1,"turns":5},{"damage":6,"enemies":"Small Slimes","floor":4,"turns":4},{"damage":0,"enemies":"Cultist","floor":7,"turns":3},{"damage":43,"enemies":"3 Sentries","floor":8,"turns":13},{"damage":0,"enemies":"3 Louse","floor":10,"turns":5},{"damage":10,"enemies":"Lagavulin","floor":11,"turns":6},{"damage":0,"enemies":"Blue Slaver","floor":13,"turns":3},{"damage":5,"enemies":"The Mushroom Lair","floor":14,"turns":4},{"damage":61,"enemies":"Hexaghost","floor":16,"turns":14},{"damage":13,"enemies":"2 Thieves","floor":18,"turns":5},{"damage":12,"enemies":"3 Byrds","floor":20,"turns":6},{"damage":20,"enemies":"Snecko","floor":21,"turns":6},{"damage":125,"enemies":"Slavers","floor":24,"turns":7}],"seed_played":"6776387614026202849","potions_obtained":[{"floor":8,"key":"Energy Potion"},{"floor":10,"key":"FairyPotion"},{"floor":11,"key":"Explosive Potion"}],"is_trial":false,"path_per_floor":["M","?","?","M","$","R","M","E","T","M","E","R","M","?","R","B",null,"M","?","M","M","?","R","E"],"character_chosen":"THE_SENSHI","items_purchased":[],"campfire_rested":0,"item_purchase_floors":[],"current_hp_per_floor":[63,63,63,57,57,57,57,29,29,40,37,37,47,62,62,42,81,83,83,86,69,69,69,0,0],"gold":173,"neow_bonus":"HUNDRED_GOLD","is_daily":false,"chose_seed":false,"campfire_upgraded":4,"win_rate":0.0,"timestamp":1613757396,"path_taken":["M","?","?","M","$","R","M","E","T","?","E","R","M","?","R","BOSS","M","?","?","M","?","R","E"],"items_purchased_type":[],"build_version":"2020-12-22","purchased_purges":1,"victory":false,"max_hp_per_floor":[75,75,75,75,75,75,75,75,75,75,75,75,75,75,75,75,89,89,89,89,89,89,89,89,89],"card_choices":[{"not_picked":["theSenshi:SailorStarFighterAssists","theSenshi:MoonPower"],"picked":"theSenshi:SailorChibiMoonAssists","floor":1},{"not_picked":["theSenshi:MoonTiaraMagic","theSenshi:VenusGlamour"],"picked":"theSenshi:SailorPlanetAttack","floor":4},{"not_picked":["theSenshi:SailorV","theSenshi:LunasBite"],"picked":"theSenshi:SaturnsMystery","floor":7},{"not_picked":["theSenshi:LunaWiseMentor","theSenshi:SchoolBag"],"picked":"theSenshi:KlutzyLuck","floor":8},{"not_picked":["theSenshi:SailorV","theSenshi:MoonsReflection"],"picked":"theSenshi:MercurysCunning","floor":10},{"not_picked":["theSenshi:MoonPrincessHalation","theSenshi:TuxedoSmokingBomber"],"picked":"theSenshi:SaturnsMystery","floor":11},{"not_picked":["theSenshi:MoonPunch","theSenshi:MoonKick"],"picked":"theSenshi:MoonCrystalPowerMakeUp","floor":13},{"not_picked":["theSenshi:SailorVenusAssists","theSenshi:SailorV"],"picked":"theSenshi:StarlightHoneymoonTherapyKiss","floor":14},{"not_picked":["theSenshi:SailorStarHealerAssists","theSenshi:ChibiMoonsLove"],"picked":"theSenshi:SailorSaturnAssists","floor":16},{"not_picked":["theSenshi:LateForSchool","theSenshi:OdangoHead","theSenshi:EncouragingSpeech"],"picked":"SKIP","floor":18},{"not_picked":["theSenshi:SupersonicWaves","theSenshi:TuxedoSmokingBomber"],"picked":"theSenshi:SailorMarsAssists","floor":20},{"not_picked":["theSenshi:MoonTiaraMagic","theSenshi:LunasBite"],"picked":"theSenshi:PlutosSolemnity","floor":21}],"player_experience":3337421,"relics_obtained":[{"floor":8,"key":"CaptainsWheel"},{"floor":9,"key":"Pantograph"},{"floor":11,"key":"Letter Opener"},{"floor":14,"key":"Odd Mushroom"},{"floor":17,"key":"Guardian:PocketSentry"},{"floor":17,"key":"Ornamental Fan"},{"floor":17,"key":"Mango"}],"event_choices":[{"cards_removed":["theSenshi:SailorKick"],"damage_healed":0,"gold_gain":0,"player_choice":"Card Removal","damage_taken":0,"max_hp_gain":0,"max_hp_loss":0,"event_name":"The Cleric","floor":2,"gold_loss":75},{"damage_healed":0,"gold_gain":0,"player_choice":"Rummage","damage_taken":0,"relics_obtained":["WarpedTongs"],"max_hp_gain":0,"max_hp_loss":0,"event_name":"Accursed Blacksmith","floor":3,"gold_loss":0,"cards_obtained":["Pain"]},{"damage_healed":0,"gold_gain":0,"player_choice":"Fought Mushrooms","damage_taken":0,"max_hp_gain":0,"max_hp_loss":0,"event_name":"Mushrooms","floor":14,"gold_loss":0},{"cards_removed":["theSenshi:SailorBlock"],"damage_healed":0,"gold_gain":0,"player_choice":"Card Removal","damage_taken":0,"max_hp_gain":0,"max_hp_loss":0,"event_name":"Wheel of Change","floor":19,"gold_loss":0},{"damage_healed":0,"gold_gain":0,"player_choice":"Obtained Relic","damage_taken":0,"relics_obtained":["Bag of Marbles"],"max_hp_gain":0,"max_hp_loss":0,"event_name":"Addict","floor":22,"gold_loss":85}],"is_beta":false,"boss_relics":[{"not_picked":["Pandora\u0027s Box","Cursed Key"],"picked":"Calling Bell"}],"items_purged_floors":[5],"is_endless":false,"potions_floor_spawned":[8,10,11,13],"killed_by":"Slavers","ascension_level":20}}