{"host":"id1lehtnb7dzklac","time":1613753000,"event":{"mods":["AchievementEnabler","BaseMod","Bestiary","Block Reminder","Colored Map","Highlight Path","Minty Spire (QoL Compilation)","Permanent Neow","Quick Restart","Random Character Button","StSLib","slay the spire mod where everything is the same but ironclad has a cowboy hat"],"gold_per_floor":[115,115,12,31,48,79,79,113,113,132,165,185,196,43,43,43,43],"floor_reached":16,"language":"ENG","playtime":593,"items_purged":[],"score":154,"play_id":"a434147a-a212-4aef-9ea2-fb3b88605c31","local_time":"20210220004320","is_ascension_mode":true,"campfire_choices":[{"data":"CutThroughFate","floor":7.0,"key":"SMITH"},{"data":"Wireheading","floor":15,"key":"SMITH"}],"circlet_count":0,"master_deck":["Strike_P","Strike_P","Strike_P","Strike_P","Defend_P","Defend_P","Defend_P","Defend_P","Eruption","Vigilance","FlyingSleeves","CutThroughFate+1","Wireheading+1","Protect","SashWhip","CarveReality","FearNoEvil","Weave"],"relics":["Philosopher\u0027s Stone","CaptainsWheel","TungstenRod","OrangePellets"],"acts_visited":["Exordium"],"potions_floor_usage":[],"damage_taken":[{"damage":1.0,"enemies":"Small Slimes","floor":1.0,"turns":3.0},{"damage":0.0,"enemies":"Cultist","floor":4.0,"turns":4.0},{"damage":4.0,"enemies":"2 Louse","floor":5.0,"turns":2.0},{"damage":5.0,"enemies":"Gremlin Nob","floor":6.0,"turns":4.0},{"damage":8.0,"enemies":"Lagavulin","floor":8.0,"turns":6.0},{"damage":0.0,"enemies":"Large Slime","floor":10.0,"turns":5.0},{"damage":0.0,"enemies":"Gremlin Nob","floor":11.0,"turns":2.0},{"damage":0,"enemies":"3 Louse","floor":12,"turns":4},{"damage":0,"enemies":"2 Fungi Beasts","floor":13,"turns":2},{"damage":0,"enemies":"The Guardian","floor":16,"turns":2}],"seed_played":"8819466209053380230","potions_obtained":[{"floor":6.0,"key":"PowerPotion"},{"floor":8.0,"key":"FearPotion"},{"floor":12,"key":"PowerPotion"}],"is_trial":false,"path_per_floor":["M","?","$","M","M","E","R","E","T","M","E","M","M","$","R","B"],"character_chosen":"WATCHER","items_purchased":["CutThroughFate","Wireheading","OrangePellets"],"campfire_rested":0,"item_purchase_floors":[3,3,14],"current_hp_per_floor":[71,71,71,71,67,62,62,54,54,54,54,54,54,54,54,54,54],"gold":43,"neow_bonus":"BOSS_RELIC","is_daily":false,"chose_seed":false,"campfire_upgraded":2,"win_rate":0.0,"timestamp":1613753000,"path_taken":["M","?","?","M","M","E","R","E","T","M","E","M","?","$","R","BOSS"],"items_purchased_type":["Card","Card","Relic"],"build_version":"2020-12-22","purchased_purges":0,"victory":false,"max_hp_per_floor":[72,72,72,72,72,72,72,72,72,72,72,72,72,72,72,72,72],"card_choices":[{"not_picked":["ThirdEye","PathToVictory"],"picked":"FlyingSleeves","floor":1.0},{"not_picked":["CrushJoints","JustLucky","Study"],"picked":"SKIP","floor":4.0},{"not_picked":["Prostrate","LikeWater"],"picked":"Protect","floor":5.0},{"not_picked":["Sanctity","Study"],"picked":"SashWhip","floor":6.0},{"not_picked":["FlurryOfBlows","PathToVictory"],"picked":"CarveReality","floor":8.0},{"not_picked":["DevaForm","BattleHymn"],"picked":"FearNoEvil","floor":10.0},{"not_picked":["Vengeance","PathToVictory"],"picked":"Weave","floor":11.0},{"not_picked":["Pray","WindmillStrike","FlurryOfBlows"],"picked":"SKIP","floor":12},{"not_picked":["Evaluate","Prostrate","SashWhip"],"picked":"SKIP","floor":13}],"player_experience":253878,"relics_obtained":[{"floor":8.0,"key":"CaptainsWheel"},{"floor":9.0,"key":"TungstenRod"}],"event_choices":[{"damage_healed":0.0,"max_hp_gain":0.0,"max_hp_loss":0.0,"gold_gain":0.0,"event_name":"NoteForYourself","player_choice":"Ignored","floor":2.0,"gold_loss":0.0,"damage_taken":0.0}],"is_beta":false,"boss_relics":[],"items_purged_floors":[],"is_endless":false,"potions_floor_spawned":[6,8,12],"killed_by":"The Guardian","ascension_level":1}}