{"host":"ve5hox67eka4rdnb","time":1613742008,"event":{"mods":["ATMod(∞¢Ë™Mod)","AchievementEnabler","Act Like it!","BaseMod","Downfall","Hermit","Lobotomy","LobotomyExtend","Marisa£®ÏF”Í°°ƒß¿Ì…≥£©","Minty Spire (QoL Compilation)","Quick Restart","Remilia£®¿Ÿ√◊¿Ú—«£©","Replay The Spire","Shop Mod","StSLib"],"gold_per_floor":[118,141,157,157,180,219,234,234,234,252,271,271,271],"floor_reached":12,"language":"ZHS","playtime":402,"items_purged":[],"score":96,"play_id":"bbb76831-1bd0-47a1-8b06-94b0efb236aa","local_time":"20210219214008","is_ascension_mode":true,"campfire_choices":[{"data":"Acrobatics","floor":8,"key":"SMITH"}],"circlet_count":0,"master_deck":["Strike_G","Strike_G","Strike_G","Strike_G","Strike_G","Defend_G","Defend_G","Defend_G","Defend_G","Defend_G","Survivor","Neutralize","AT_EssenceShift","AbeCurse","Acrobatics+1","Blade Dance","Acrobatics","After Image"],"relics":["AT_ATBox","Abe\u0027s Treasure","LetterFromLob","Golden Idol","Ancient Tea Set","Bag of Marbles","Kunai"],"acts_visited":["Exordium"],"potions_floor_usage":[11,12,12,12,12],"damage_taken":[{"damage":2,"enemies":"Cultist","floor":1,"turns":4},{"damage":10,"enemies":"Small Slimes","floor":3,"turns":5},{"damage":14,"enemies":"Gremlin Nob","floor":6,"turns":4},{"damage":0,"enemies":"Jaw Worm","floor":7,"turns":2},{"damage":6,"enemies":"Lots of Slimes","floor":10,"turns":6},{"damage":5,"enemies":"Exordium Thugs","floor":11,"turns":7},{"damage":1,"enemies":"3 Sentries","floor":12,"turns":2}],"seed_played":"-42203180304042348","potions_obtained":[{"floor":3,"key":"Dexterity Potion"},{"floor":6,"key":"BlessingOfTheForge"},{"floor":10,"key":"EntropicBrew"},{"floor":11,"key":"BlessingOfTheForge"}],"is_trial":false,"path_per_floor":["M","T","M","?","T","E","M","R","T","M","M","E"],"character_chosen":"THE_SILENT","items_purchased":[],"campfire_rested":0,"item_purchase_floors":[],"current_hp_per_floor":[68,68,58,41,41,27,27,27,27,21,16,15,15],"gold":271,"neow_bonus":"BOSS_RELIC","is_daily":false,"chose_seed":false,"campfire_upgraded":1,"win_rate":0.0,"timestamp":1613742008,"path_taken":["M","?","M","?","?","E","M","R","T","M","?","E"],"items_purchased_type":[],"build_version":"2020-12-22","purchased_purges":0,"victory":false,"max_hp_per_floor":[70,70,70,70,70,70,70,70,70,70,70,70,70],"card_choices":[{"not_picked":["Cloak And Dagger","Dagger Spray"],"picked":"Acrobatics","floor":1},{"not_picked":["AT_WindFlip","Skewer"],"picked":"Blade Dance","floor":3},{"not_picked":["Replay:Poison Smokescreen","Bane","AT_WindRun"],"picked":"SKIP","floor":6},{"not_picked":["Bane","Poisoned Stab","Slice"],"picked":"SKIP","floor":7},{"not_picked":["Sucker Punch","Skewer"],"picked":"Acrobatics","floor":10},{"not_picked":["Dagger Spray","AT_ShadowStep"],"picked":"After Image","floor":11}],"player_experience":240100,"relics_obtained":[{"floor":1,"key":"LetterFromLob"},{"floor":5,"key":"Ancient Tea Set"},{"floor":6,"key":"Bag of Marbles"},{"floor":9,"key":"Kunai"}],"event_choices":[{"damage_healed":0,"gold_gain":0,"player_choice":"Take Damage","damage_taken":17,"relics_obtained":["Golden Idol"],"max_hp_gain":0,"max_hp_loss":0,"event_name":"Golden Idol","floor":4,"gold_loss":0}],"is_beta":false,"boss_relics":[],"items_purged_floors":[],"is_endless":false,"potions_floor_spawned":[3,6,10,11],"killed_by":"3 Sentries","ascension_level":4}}