{"host":"f9ztaq6figs4snwj","time":1613758804,"event":{"mods":["BaseMod","Bestiary","Colored Map","Colored Powertips","Curses Come First","DeckTracker","Minty Spire (QoL Compilation)","Quick Restart","StSLib"],"gold_per_floor":[119,130,26,26,26,57,57,57,57,57,86,86,105,130,130,255,318,343,367,53,53,77,77,77,77,103,103,127,171,190,233,233,233,233],"floor_reached":33,"language":"ENG","playtime":1821,"items_purged":["Deadly Poison"],"score":407,"play_id":"441c8c93-cb1d-4dd7-9138-5856fe06571f","local_time":"20210219192004","is_ascension_mode":true,"campfire_choices":[{"data":"Dash","floor":7,"key":"SMITH"},{"data":"Footwork","floor":10,"key":"SMITH"},{"floor":15,"key":"REST"},{"data":"After Image","floor":23,"key":"SMITH"},{"data":"Tools of the Trade","floor":25,"key":"SMITH"},{"data":"Blade Dance","floor":27,"key":"SMITH"},{"data":"Venomology","floor":32,"key":"SMITH"}],"circlet_count":0,"master_deck":["Defend_G","Defend_G","Defend_G","Defend_G","Defend_G","Survivor","Neutralize","Dash+1","Deadly Poison","Footwork+1","Venomology+1","Acrobatics","Blade Dance+1","Backstab","Tools of the Trade+1","After Image+1","Slice","Blade Dance+1","Bite","Bite","Bite","Bite","Bite","Cloak And Dagger","Writhe","PiercingWail"],"relics":["Ring of the Snake","NeowsBlessing","Ninja Scroll","Toy Ornithopter","Mummified Hand","Singing Bowl","Golden Idol","Tiny House","Kunai","Pear","Ancient Tea Set","Orichalcum","Pen Nib"],"acts_visited":["Exordium","TheCity"],"potions_floor_usage":[11,16,16,19,22,28,29,30,30,31,33,33],"damage_taken":[{"damage":0,"enemies":"Cultist","floor":1,"turns":1},{"damage":0,"enemies":"2 Louse","floor":2,"turns":1},{"damage":0,"enemies":"Gremlin Nob","floor":6,"turns":1},{"damage":16,"enemies":"3 Sentries","floor":11,"turns":12},{"damage":0,"enemies":"Small Slimes","floor":13,"turns":2},{"damage":0,"enemies":"Blue Slaver","floor":14,"turns":2},{"damage":5,"enemies":"The Guardian","floor":16,"turns":10},{"damage":5,"enemies":"Shell Parasite","floor":18,"turns":6},{"damage":17,"enemies":"3 Byrds","floor":19,"turns":5},{"damage":9,"enemies":"Shelled Parasite and Fungi","floor":22,"turns":5},{"damage":10,"enemies":"Cultist and Chosen","floor":28,"turns":5},{"damage":5,"enemies":"Slavers","floor":29,"turns":5},{"damage":2,"enemies":"Snake Plant","floor":30,"turns":4},{"damage":9,"enemies":"Book of Stabbing","floor":31,"turns":5},{"damage":101,"enemies":"Automaton","floor":33,"turns":12}],"seed_played":"5504191591716316704","potions_obtained":[{"floor":11,"key":"Strength Potion"},{"floor":13,"key":"LiquidBronze"},{"floor":17,"key":"ColorlessPotion"},{"floor":28,"key":"DistilledChaos"},{"floor":29,"key":"Block Potion"},{"floor":30,"key":"SkillPotion"}],"is_trial":false,"path_per_floor":["M","M","$","?","?","E","R","?","T","R","E","?","M","M","R","B",null,"M","M","$","?","M","R","?","R","T","R","M","E","M","E","R","B"],"character_chosen":"THE_SILENT","items_purchased":["Deadly Poison","Footwork","Kunai"],"campfire_rested":1,"item_purchase_floors":[3,3,20],"current_hp_per_floor":[70,70,70,70,45,45,45,50,50,50,39,21,21,21,43,48,82,77,65,65,57,52,52,62,62,62,62,64,71,73,66,66,0,0],"gold":233,"neow_bonus":"THREE_ENEMY_KILL","is_daily":false,"chose_seed":false,"campfire_upgraded":6,"win_rate":0.0,"timestamp":1613758804,"path_taken":["M","?","$","?","?","E","R","?","T","R","E","?","M","M","R","BOSS","M","M","$","?","M","R","?","R","T","R","M","E","M","E","R","BOSS"],"items_purchased_type":["Card","Card","Relic"],"build_version":"2020-12-22","purchased_purges":1,"victory":false,"max_hp_per_floor":[70,70,70,70,70,70,70,75,75,75,75,75,75,75,75,75,82,82,82,82,57,57,57,67,67,67,67,69,71,73,73,73,73,73],"card_choices":[{"not_picked":["Dagger Throw","Deflect"],"picked":"Deadly Poison","floor":1},{"not_picked":["All Out Attack","Dagger Throw"],"picked":"Dash","floor":2},{"not_picked":["Leg Sweep","Dagger Throw"],"picked":"Acrobatics","floor":6},{"not_picked":["Dagger Throw","Cloak And Dagger"],"picked":"Blade Dance","floor":11},{"not_picked":["Prepared","Bouncing Flask"],"picked":"Backstab","floor":13},{"not_picked":["Well Laid Plans","Acrobatics"],"picked":"Tools of the Trade","floor":14},{"not_picked":["Burst","Die Die Die"],"picked":"After Image","floor":16},{"not_picked":["Poisoned Stab","Dagger Spray","Bane"],"picked":"Singing Bowl","floor":17},{"not_picked":["Distraction+1","Flying Knee"],"picked":"Slice","floor":18},{"not_picked":["Underhanded Strike","Calculated Gamble+1"],"picked":"Blade Dance","floor":19},{"not_picked":["Dagger Throw+1","Well Laid Plans"],"picked":"Cloak And Dagger","floor":22},{"not_picked":["Reflex","Distraction+1","Setup"],"picked":"Singing Bowl","floor":28},{"not_picked":["Noxious Fumes","Setup","Eviscerate+1"],"picked":"Singing Bowl","floor":29},{"not_picked":["Calculated Gamble","Deadly Poison+1","PiercingWail"],"picked":"Singing Bowl","floor":30},{"not_picked":["Prepared","Die Die Die"],"picked":"PiercingWail","floor":31}],"player_experience":414063,"relics_obtained":[{"floor":6,"key":"Toy Ornithopter"},{"floor":9,"key":"Mummified Hand"},{"floor":11,"key":"Singing Bowl"},{"floor":26,"key":"Ancient Tea Set"},{"floor":29,"key":"Orichalcum"},{"floor":31,"key":"Pen Nib"}],"event_choices":[{"damage_healed":0,"gold_gain":0,"cards_transformed":["Strike_G"],"player_choice":"Change","damage_taken":0,"max_hp_gain":0,"max_hp_loss":0,"event_name":"Living Wall","floor":4,"gold_loss":0,"cards_obtained":["Venomology"]},{"damage_healed":0,"gold_gain":0,"player_choice":"Success","damage_taken":25,"relics_obtained":["Ninja Scroll"],"max_hp_gain":0,"max_hp_loss":0,"event_name":"Scrap Ooze","floor":5,"gold_loss":0},{"damage_healed":0,"gold_gain":0,"player_choice":"Donut","damage_taken":0,"max_hp_gain":5,"max_hp_loss":0,"event_name":"Big Fish","floor":8,"gold_loss":0},{"damage_healed":0,"gold_gain":0,"player_choice":"Take Damage","damage_taken":18,"relics_obtained":["Golden Idol"],"max_hp_gain":0,"max_hp_loss":0,"event_name":"Golden Idol","floor":12,"gold_loss":0},{"damage_healed":0,"gold_gain":0,"player_choice":"Became a vampire","damage_taken":0,"max_hp_gain":0,"max_hp_loss":25,"event_name":"Vampires","floor":21,"gold_loss":0,"cards_obtained":["Bite","Bite","Bite","Bite","Bite"]},{"damage_healed":0,"gold_gain":0,"player_choice":"Opened","damage_taken":0,"relics_obtained":["Pear"],"max_hp_gain":0,"max_hp_loss":0,"event_name":"The Mausoleum","floor":24,"gold_loss":0,"cards_obtained":["Writhe"]}],"is_beta":false,"boss_relics":[{"not_picked":["Velvet Choker","Sozu"],"picked":"Tiny House"}],"items_purged_floors":[20],"is_endless":false,"potions_floor_spawned":[11,13,28,29,30],"killed_by":"Automaton","ascension_level":4}}