{"host":"rw1trt79hfpl7pom","time":1613726292,"event":{"mods":["BaseMod","Bestiary","Colored Map","Jorbs\u0027s Wanderer Trilogy","Minty Spire (QoL Compilation)","Relic Stats","StSLib","SuperFastMode"],"gold_per_floor":[366,366,366,366,11,38,38,66,66,85,112,125,138,150,150,227,227,238,238,238,238,33,60,76,93,165,200,200,228,228,242,242,319,319,335,17,1016,583,598,625,638,663,663,677,677,706,718,734,734,734,734,734,734,7,37,37],"floor_reached":57,"language":"ENG","playtime":5721,"items_purged":["Strike_R","Strike_R","Normality","Normality"],"score":3265,"play_id":"6cf03e4e-1c43-4bab-b3b4-28f0b748e209","local_time":"20210219011812","is_ascension_mode":true,"campfire_choices":[{"data":"Apotheosis","floor":7.0,"key":"SMITH"},{"data":"Offering","floor":15.0,"key":"SMITH"},{"data":"Brutality","floor":28.0,"key":"SMITH"},{"data":"Rupture","floor":30.0,"key":"SMITH"},{"data":"Dual Wield","floor":32.0,"key":"SMITH"},{"data":"1","floor":45,"key":"LIFT"},{"floor":49,"key":"RECALL"},{"data":"2","floor":53,"key":"LIFT"}],"circlet_count":0,"master_deck":["AscendersBane","Strike_R","Strike_R","Defend_R+1","Defend_R","Defend_R","Defend_R+1","Bash","Power Through","Feed","Apotheosis+1","Clothesline","Reaper","Evolve","Dual Wield+1","Offering+1","Carnage","Headbutt","Battle Trance","Brutality+1","Feel No Pain","Ghostly","Ghostly","Ghostly","Dark Embrace","Feel No Pain","Blood for Blood","Heavy Blade+1","Rupture+1","Shrug It Off","Disarm","Second Wind+1","Bloodletting","Exhume","Entrench","Exhume","Shockwave","Disarm","Thinking Ahead","Warcry","Limit Break","Feel No Pain","Warcry+1","Flame Barrier+1","Havoc+1","Pommel Strike+1","Rupture"],"relics":["Burning Blood","Lizard Tail","Oddly Smooth Stone","Smiling Mask","Pantograph","Sundial","Runic Dome","Nilry\u0027s Codex","Blue Candle","Mummified Hand","War Paint","Coffee Dripper","Membership Card","Boot","MealTicket","HandDrill","Regal Pillow","Girya","The Courier","Magic Flower","Frozen Eye","Du-Vu Doll","Self Forming Clay","Pen Nib","Kunai","Shuriken","Centennial Puzzle","Toy Ornithopter"],"acts_visited":["Exordium","TheCity","TheBeyond","TheEnding"],"potions_floor_usage":[48,56,56],"damage_taken":[{"damage":11.0,"enemies":"Small Slimes","floor":1.0,"turns":7.0},{"damage":74.0,"enemies":"3 Sentries","floor":6.0,"turns":15.0},{"damage":25.0,"enemies":"Gremlin Nob","floor":8.0,"turns":5.0},{"damage":3.0,"enemies":"Jaw Worm","floor":10.0,"turns":6.0},{"damage":15.0,"enemies":"Lagavulin","floor":11.0,"turns":10.0},{"damage":8.0,"enemies":"Cultist","floor":12.0,"turns":6.0},{"damage":6.0,"enemies":"2 Fungi Beasts","floor":13.0,"turns":4.0},{"damage":17.0,"enemies":"3 Louse","floor":14.0,"turns":5.0},{"damage":26.0,"enemies":"Slime Boss","floor":16.0,"turns":13.0},{"damage":23.0,"enemies":"Spheric Guardian","floor":18.0,"turns":4.0},{"damage":25.0,"enemies":"Slavers","floor":23.0,"turns":8.0},{"damage":30.0,"enemies":"2 Thieves","floor":24.0,"turns":5.0},{"damage":15.0,"enemies":"Centurion and Healer","floor":25.0,"turns":16.0},{"damage":16.0,"enemies":"Book of Stabbing","floor":27.0,"turns":6.0},{"damage":49.0,"enemies":"Slavers","floor":29.0,"turns":17.0},{"damage":25.0,"enemies":"3 Cultists","floor":31.0,"turns":7.0},{"damage":20.0,"enemies":"Automaton","floor":33.0,"turns":9.0},{"damage":6.0,"enemies":"Orb Walker","floor":35.0,"turns":5.0},{"damage":18.0,"enemies":"3 Shapes","floor":39.0,"turns":5.0},{"damage":14.0,"enemies":"Nemesis","floor":40.0,"turns":3.0},{"damage":23.0,"enemies":"Spire Growth","floor":41.0,"turns":7.0},{"damage":25.0,"enemies":"Reptomancer","floor":42.0,"turns":9.0},{"damage":35.0,"enemies":"3 Darklings","floor":44.0,"turns":7.0},{"damage":16,"enemies":"Nemesis","floor":46,"turns":5},{"damage":42,"enemies":"Transient","floor":47,"turns":6},{"damage":59,"enemies":"Jaw Worm Horde","floor":48,"turns":5},{"damage":70,"enemies":"Donu and Deca","floor":50,"turns":9},{"damage":47,"enemies":"Time Eater","floor":51,"turns":8},{"damage":12,"enemies":"Shield and Spear","floor":55,"turns":7},{"damage":50,"enemies":"The Heart","floor":56,"turns":8}],"seed_played":"-8784121972338550175","potions_obtained":[{"floor":6.0,"key":"DuplicationPotion"},{"floor":10.0,"key":"BlessingOfTheForge"},{"floor":12.0,"key":"PowerPotion"},{"floor":23.0,"key":"Swift Potion"},{"floor":27.0,"key":"Energy Potion"},{"floor":39.0,"key":"FearPotion"},{"floor":44.0,"key":"Swift Potion"},{"floor":48,"key":"Block Potion"}],"is_trial":false,"path_per_floor":["M","?","?","?","$","E","R","E","T","M","E","M","M","M","R","B",null,"M","?","?","?","$","E","M","M","T","E","R","E","R","M","R","B",null,"M","$","?","$","M","E","M","E","T","M","R","E","M","M","R","B","B",null,"R","$","E","B",null],"character_chosen":"IRONCLAD","items_purchased":["Feed","Apotheosis","Clothesline","Feel No Pain","Blood for Blood","Membership Card","Exhume","Shockwave","Disarm","Boot","MealTicket","HandDrill","Thinking Ahead","Frozen Eye","Du-Vu Doll","Self Forming Clay","Pen Nib","Kunai","Shuriken","Centennial Puzzle","Rupture","Dexterity Potion"],"campfire_rested":0,"item_purchase_floors":[5,5,5,22,22,36,36,36,38,38,38,38,38,54,54,54,54,54,54,54,54,54],"current_hp_per_floor":[63,68,68,63,63,44,44,29,29,41,41,50,64,63,63,90,110,97,60,39,39,39,34,22,80,80,84,84,96,96,100,100,104,104,108,108,108,108,120,116,128,132,132,136,136,140,107,75,75,156,160,160,160,160,168,172],"gold":37,"neow_bonus":"TWO_FIFTY_GOLD","is_daily":false,"chose_seed":false,"campfire_upgraded":5,"win_rate":0.0,"timestamp":1613726292,"path_taken":["M","?","?","?","$","E","R","E","T","M","E","?","?","M","R","BOSS","M","?","?","?","$","E","M","M","T","E","R","E","R","?","R","BOSS","M","$","?","$","M","E","M","E","T","M","R","E","M","M","R","BOSS","BOSS","R","$","E","BOSS"],"items_purchased_type":["Card","Card","Card","Card","Card","Relic","Card","Card","Card","Relic","Relic","Relic","Card","Relic","Relic","Relic","Relic","Relic","Relic","Relic","Card","Potion"],"build_version":"2020-12-22","purchased_purges":4,"victory":true,"max_hp_per_floor":[68,73,73,73,73,77,77,81,81,85,89,93,97,101,101,117,117,121,60,60,60,60,68,72,80,80,84,84,96,96,100,100,104,104,108,108,108,108,120,124,128,132,132,136,136,140,140,152,152,156,160,160,160,160,168,172],"relic_stats":{"Regal Pillow":0,"counters":[30,227],"Self Forming Clay":[126],"Blue Candle":[11],"Magic Flower":[64],"Pen Nib":[2],"War Paint":["Defend_R","Defend_R"],"Smiling Mask":48,"Boot":[36],"Burning Blood":119,"Lizard Tail":38,"Centennial Puzzle":[6],"Sundial":[32],"Mummified Hand":[151],"Shuriken":[1],"Pantograph":63,"MealTicket":0,"HandDrill":[32],"Kunai":[1],"obtain_stats":[{"Regal Pillow":40,"Nilry\u0027s Codex":20,"Magic Flower":46,"Smiling Mask":8,"Boot":38,"Burning Blood":0,"Frozen Eye":54,"Lizard Tail":4,"Centennial Puzzle":54,"Sundial":11,"Mummified Hand":27,"Pantograph":9,"MealTicket":38,"HandDrill":38,"Kunai":54,"Girya":42,"Self Forming Clay":54,"Blue Candle":23,"Oddly Smooth Stone":6,"The Courier":43,"Pen Nib":54,"War Paint":29,"Du-Vu Doll":54,"Runic Dome":17,"Shuriken":54,"Coffee Dripper":34,"Membership Card":36,"Toy Ornithopter":55},{"Regal Pillow":20,"Nilry\u0027s Codex":10,"Magic Flower":24,"Smiling Mask":3,"Boot":18,"Burning Blood":0,"Frozen Eye":28,"Lizard Tail":1,"Centennial Puzzle":28,"Sundial":5,"Mummified Hand":14,"Pantograph":3,"MealTicket":18,"HandDrill":18,"Kunai":28,"Girya":22,"Self Forming Clay":28,"Blue Candle":11,"Oddly Smooth Stone":2,"The Courier":22,"Pen Nib":28,"War Paint":15,"Du-Vu Doll":28,"Runic Dome":9,"Shuriken":28,"Coffee Dripper":17,"Membership Card":18,"Toy Ornithopter":29},{"Regal Pillow":156,"Nilry\u0027s Codex":75,"Magic Flower":184,"Smiling Mask":27,"Boot":148,"Burning Blood":0,"Frozen Eye":212,"Lizard Tail":7,"Centennial Puzzle":212,"Sundial":43,"Mummified Hand":110,"Pantograph":27,"MealTicket":148,"HandDrill":148,"Kunai":212,"Girya":172,"Self Forming Clay":212,"Blue Candle":83,"Oddly Smooth Stone":22,"The Courier":172,"Pen Nib":212,"War Paint":127,"Du-Vu Doll":212,"Runic Dome":71,"Shuriken":212,"Coffee Dripper":143,"Membership Card":148,"Toy Ornithopter":219}],"Toy Ornithopter":13},"card_choices":[{"not_picked":["Shrug It Off","Pommel Strike"],"picked":"Power Through","floor":1.0},{"not_picked":["Sword Boomerang","Burning Pact"],"picked":"Reaper","floor":6.0},{"not_picked":["Wild Strike","Twin Strike"],"picked":"Evolve","floor":8.0},{"not_picked":["Body Slam","Sword Boomerang"],"picked":"Dual Wield","floor":10.0},{"not_picked":["Thunderclap","Dual Wield"],"picked":"Offering","floor":11.0},{"not_picked":["Pommel Strike","Body Slam"],"picked":"Carnage","floor":12.0},{"not_picked":["Thunderclap","Heavy Blade"],"picked":"Headbutt","floor":13.0},{"not_picked":["Perfected Strike","Cleave"],"picked":"Battle Trance","floor":14.0},{"not_picked":["Double Tap","Demon Form"],"picked":"Brutality","floor":16.0},{"not_picked":["Perfected Strike","Body Slam"],"picked":"Feel No Pain","floor":18.0},{"not_picked":["Havoc","Armaments"],"picked":"Heavy Blade+1","floor":23.0},{"not_picked":["Clothesline","Clash"],"picked":"Rupture","floor":24.0},{"not_picked":["Ghostly Armor+1","Searing Blow"],"picked":"Shrug It Off","floor":25.0},{"not_picked":["Thunderclap+1","Armaments"],"picked":"Disarm","floor":27.0},{"not_picked":["Warcry","Shrug It Off+1"],"picked":"Second Wind+1","floor":29.0},{"not_picked":["Iron Wave","Sword Boomerang"],"picked":"Bloodletting","floor":31.0},{"not_picked":["Fiend Fire","Brutality"],"picked":"Exhume","floor":33.0},{"not_picked":["Searing Blow","Pommel Strike"],"picked":"Entrench","floor":35.0},{"not_picked":["Havoc","Carnage+1","Inflame"],"picked":"SKIP","floor":39.0},{"not_picked":["Anger","Clash"],"picked":"Warcry","floor":40.0},{"not_picked":["Pummel+1","Perfected Strike+1"],"picked":"Limit Break","floor":41.0},{"not_picked":["Intimidate","Armaments"],"picked":"Feel No Pain","floor":42.0},{"not_picked":["Seeing Red+1","Sword Boomerang"],"picked":"Warcry+1","floor":44.0},{"not_picked":["Juggernaut","Rampage"],"picked":"Flame Barrier+1","floor":46},{"not_picked":["Headbutt","Twin Strike"],"picked":"Havoc+1","floor":47},{"not_picked":["Sever Soul","Clash"],"picked":"Pommel Strike+1","floor":48},{"not_picked":["Feed","Bloodletting","Spot Weakness"],"picked":"SKIP","floor":55}],"player_experience":2791543,"relics_obtained":[{"floor":6.0,"key":"Oddly Smooth Stone"},{"floor":8.0,"key":"Smiling Mask"},{"floor":9.0,"key":"Pantograph"},{"floor":11.0,"key":"Sundial"},{"floor":20.0,"key":"Nilry\u0027s Codex"},{"floor":23.0,"key":"Blue Candle"},{"floor":27.0,"key":"Mummified Hand"},{"floor":29.0,"key":"War Paint"},{"floor":40.0,"key":"Regal Pillow"},{"floor":42.0,"key":"Girya"},{"floor":43.0,"key":"The Courier"},{"floor":46,"key":"Magic Flower"},{"floor":55,"key":"Toy Ornithopter"}],"event_choices":[{"damage_healed":0.0,"max_hp_gain":5.0,"max_hp_loss":0.0,"gold_gain":0.0,"event_name":"Big Fish","player_choice":"Donut","floor":2.0,"gold_loss":0.0,"damage_taken":0.0},{"damage_healed":0.0,"max_hp_gain":0.0,"max_hp_loss":0.0,"gold_gain":0.0,"event_name":"Liars Game","player_choice":"Ignored","floor":3.0,"gold_loss":0.0,"damage_taken":0.0},{"damage_healed":0.0,"max_hp_gain":0.0,"max_hp_loss":0.0,"gold_gain":0.0,"event_name":"Scrap Ooze","player_choice":"Success","floor":4.0,"gold_loss":0.0,"damage_taken":5.0,"relics_obtained":["Lizard Tail"]},{"damage_healed":0.0,"max_hp_gain":0.0,"max_hp_loss":61.0,"gold_gain":0.0,"event_name":"Ghosts","player_choice":"Became a Ghost","floor":19.0,"gold_loss":0.0,"damage_taken":0.0,"cards_obtained":["Ghostly","Ghostly","Ghostly"]},{"damage_healed":0.0,"max_hp_gain":0.0,"max_hp_loss":0.0,"gold_gain":0.0,"event_name":"Cursed Tome","player_choice":"Obtained Book","floor":20.0,"gold_loss":0.0,"damage_taken":21.0},{"damage_healed":0.0,"max_hp_gain":0.0,"max_hp_loss":0.0,"gold_gain":0.0,"cards_transformed":["Strike_R"],"event_name":"Transmorgrifier","player_choice":"Transformed","floor":21.0,"gold_loss":0.0,"damage_taken":0.0,"cards_obtained":["Dark Embrace"]},{"damage_healed":0.0,"max_hp_gain":0.0,"max_hp_loss":0.0,"gold_gain":999.0,"event_name":"MindBloom","player_choice":"Gold","floor":37.0,"gold_loss":0.0,"damage_taken":0.0,"cards_obtained":["Normality","Normality"]}],"is_beta":false,"boss_relics":[{"not_picked":["Sozu","Busted Crown"],"picked":"Runic Dome"},{"not_picked":["SlaversCollar","SacredBark"],"picked":"Coffee Dripper"}],"items_purged_floors":[22,36,38,54],"is_endless":false,"potions_floor_spawned":[6,10,12,13,14,16,23,27,39,44,46,48],"ascension_level":20}}