{"host":"n1v11un6j7y72mz7","time":1613721229,"event":{"mods":["Act Like it!","BaseMod","Downfall","Minty Spire (QoL Compilation)","Reliquary","StSLib","The Animator","Waifu the Spire"],"gold_per_floor":[110,33,49,224,104,179,193,193,193,193,193,208,221,221,233,233,233,335,335,354,373,288,31,42,42,72,72,72,72,122,140,140,107,122,122,122,222,222,238,74,74,124,143,143,143],"floor_reached":44,"language":"ZHS","playtime":1280,"items_purged":["Doubt","Defend_R"],"score":458,"play_id":"4fbd72b9-7e2d-4d4f-bd75-e65e379716bf","local_time":"20210219155349","is_ascension_mode":true,"campfire_choices":[{"data":"Armaments","floor":8,"key":"SMITH"},{"data":"Flame Barrier","floor":10,"key":"SMITH"},{"data":"Whirlwind","floor":14,"key":"SMITH"},{"data":"Inflame","floor":17,"key":"SMITH"},{"floor":25,"key":"RECALL"},{"floor":27,"key":"REST"},{"floor":32,"key":"REST"},{"floor":36,"key":"REST"}],"circlet_count":0,"master_deck":["Strike_R","Strike_R","Strike_R","Strike_R+1","Strike_R","Defend_R","Bash","Spot Weakness","Inflame+1","Flame Barrier+1","Armaments+1","Flex+1","Thunderclap","Whirlwind+1","Feed","Battle Trance","Dual Wield+1","Rage","Offering","Magnetism","Trip"],"relics":["Burning Blood","reliquary:RosewoodLute","reliquary:RosewoodLute","Fusion Hammer","reliquary:ExpiredCoupon","Medical Kit","reliquary:Knoch","Blood Vial","reliquary:Boomerang","Coffee Dripper","Peace Pipe"],"acts_visited":["Exordium","TheCity","TheBeyond"],"potions_floor_usage":[18,37,44],"damage_taken":[{"damage":6,"enemies":"2 Louse","floor":1,"turns":3},{"damage":7,"enemies":"Jaw Worm","floor":3,"turns":3},{"damage":2,"enemies":"Small Slimes","floor":7,"turns":4},{"damage":3,"enemies":"Exordium Wildlife","floor":12,"turns":4},{"damage":7,"enemies":"Large Slime","floor":13,"turns":5},{"damage":8,"enemies":"Blue Slaver","floor":15,"turns":2},{"damage":31,"enemies":"The Guardian","floor":18,"turns":6},{"damage":7,"enemies":"2 Thieves","floor":20,"turns":3},{"damage":19,"enemies":"Spheric Guardian","floor":21,"turns":4},{"damage":0,"enemies":"Snecko","floor":24,"turns":3},{"damage":26,"enemies":"Book of Stabbing","floor":26,"turns":5},{"damage":15,"enemies":"Centurion and Healer","floor":31,"turns":5},{"damage":24,"enemies":"Snake Plant","floor":34,"turns":3},{"damage":75,"enemies":"Automaton","floor":37,"turns":9},{"damage":44,"enemies":"3 Shapes","floor":39,"turns":4},{"damage":6,"enemies":"Mind Bloom Boss Battle","floor":42,"turns":2},{"damage":28,"enemies":"3 Darklings","floor":43,"turns":6},{"damage":99,"enemies":"Nemesis","floor":44,"turns":6}],"seed_played":"4930565141129102141","potions_obtained":[{"floor":1,"key":"FairyPotion"},{"floor":3,"key":"DistilledChaos"},{"floor":21,"key":"SpeedPotion"},{"floor":26,"key":"DuplicationPotion"},{"floor":39,"key":"EssenceOfSteel"}],"is_trial":false,"path_per_floor":["M","$","M","?","$","?","M","R","?","R","T","M","M","R","M","?","R","B",null,"M","M","?","$","M","R","E","R","?","T","T","M","R","$","M","$","R","B",null,"M","$","?","?","M","E"],"character_chosen":"IRONCLAD","items_purchased":["Inflame","Armaments","Medical Kit","Rage","Magnetism"],"campfire_rested":3,"item_purchase_floors":[2,5,23,33,40],"current_hp_per_floor":[80,80,79,79,79,68,72,72,56,56,56,59,58,58,56,56,56,31,80,82,73,73,73,79,79,59,85,85,85,85,81,90,90,72,72,90,21,90,55,55,55,57,37,0,0],"gold":143,"neow_bonus":"RANDOM_COMMON_RELIC","is_daily":false,"chose_seed":false,"campfire_upgraded":4,"win_rate":0.0,"timestamp":1613721229,"path_taken":["M","$","M","?","$","?","M","R","?","R","T","M","?","R","M","?","R","BOSS","M","M","?","$","M","R","E","R","?","T","T","M","R","$","?","$","R","BOSS","M","$","?","?","M","E"],"items_purchased_type":["Card","Card","Relic","Card","Card"],"build_version":"2020-12-22","purchased_purges":2,"victory":false,"max_hp_per_floor":[80,80,80,80,80,80,80,80,80,80,80,80,80,80,80,80,80,80,80,83,87,87,87,87,87,87,87,87,87,87,90,90,90,90,90,90,90,90,93,93,93,93,93,93,93],"card_choices":[{"not_picked":["Bloodletting","Wild Strike"],"picked":"Spot Weakness","floor":1},{"not_picked":["Combust","Searing Blow"],"picked":"Flame Barrier","floor":3},{"not_picked":["Clash","Wild Strike"],"picked":"Flex","floor":7},{"not_picked":["Seeing Red","Evolve"],"picked":"Thunderclap","floor":12},{"not_picked":["Power Through","Shrug It Off"],"picked":"Whirlwind","floor":13},{"not_picked":["Wild Strike","Rampage","Anger"],"picked":"SKIP","floor":15},{"not_picked":["Corruption","Double Tap"],"picked":"Feed","floor":18},{"not_picked":["Second Wind","Sword Boomerang"],"picked":"Battle Trance","floor":20},{"not_picked":["Fire Breathing","Hemokinesis","Cleave"],"picked":"SKIP","floor":21},{"not_picked":["Cleave+1","Disarm"],"picked":"Dual Wield+1","floor":24},{"not_picked":["True Grit","Entrench","Clothesline"],"picked":"SKIP","floor":26},{"not_picked":["Combust","Wild Strike+1","Perfected Strike"],"picked":"SKIP","floor":31},{"not_picked":["Shrug It Off","Pommel Strike","Clash"],"picked":"SKIP","floor":34},{"not_picked":["Barricade","Impervious"],"picked":"Offering","floor":37},{"not_picked":["Burning Pact","Thunderclap","Shrug It Off"],"picked":"SKIP","floor":39},{"not_picked":["The Bomb","Mind Blast"],"picked":"Trip","floor":41},{"not_picked":["Infernal Blade+1","Disarm+1","Anger"],"picked":"SKIP","floor":43}],"player_experience":212830,"relics_obtained":[{"floor":11,"key":"reliquary:SculptingSteel"},{"floor":26,"key":"reliquary:Knoch"},{"floor":29,"key":"Blood Vial"},{"floor":30,"key":"reliquary:Boomerang"},{"floor":42,"key":"Peace Pipe"}],"event_choices":[{"damage_healed":0,"gold_gain":175,"player_choice":"AGREE","damage_taken":0,"max_hp_gain":0,"max_hp_loss":0,"event_name":"Liars Game","floor":4,"gold_loss":0,"cards_obtained":["Doubt"]},{"damage_healed":0,"gold_gain":75,"player_choice":"Gather Gold","damage_taken":11,"max_hp_gain":0,"max_hp_loss":0,"event_name":"World of Goop","floor":6,"gold_loss":0},{"damage_healed":0,"gold_gain":0,"player_choice":"Entered Light","damage_taken":16,"max_hp_gain":0,"max_hp_loss":0,"event_name":"Shining Light","floor":9,"gold_loss":0,"cards_upgraded":["Flex","Strike_R"]},{"cards_removed":["Defend_R"],"damage_healed":0,"gold_gain":0,"player_choice":"Forget","damage_taken":0,"max_hp_gain":0,"max_hp_loss":0,"event_name":"Living Wall","floor":16,"gold_loss":0},{"damage_healed":0,"gold_gain":0,"player_choice":"Obtained Relic","damage_taken":0,"relics_obtained":["reliquary:ExpiredCoupon"],"max_hp_gain":0,"max_hp_loss":0,"event_name":"Addict","floor":22,"gold_loss":85},{"cards_removed":["Defend_R"],"damage_healed":0,"gold_gain":0,"player_choice":"Purged","damage_taken":0,"max_hp_gain":0,"max_hp_loss":0,"event_name":"Purifier","floor":28,"gold_loss":0},{"damage_healed":0,"gold_gain":0,"player_choice":"Memory 1","damage_taken":0,"max_hp_gain":0,"max_hp_loss":0,"event_name":"SensoryStone","floor":41,"gold_loss":0},{"damage_healed":0,"gold_gain":0,"player_choice":"Fight","damage_taken":0,"max_hp_gain":0,"max_hp_loss":0,"event_name":"MindBloom","floor":42,"gold_loss":0}],"is_beta":false,"boss_relics":[{"not_picked":["Runic Cube","Busted Crown"],"picked":"Fusion Hammer"},{"not_picked":["reliquary:KinkedSpring","expansioncontent:StudyCardRelic"],"picked":"Coffee Dripper"}],"items_purged_floors":[5,23],"is_endless":false,"potions_floor_spawned":[1,3,21,26,31,39,42,43],"killed_by":"Nemesis","ascension_level":2}}