{"host":"ooy9sn8qgs7oliwr","time":1613750710,"event":{"mods":["100% Spire Juice","ATMod(阿瑾Mod)","Act Like it!","BaseMod","BetterRewards","CapriCore","Friendly Minions","Kiyohime（清姬）","LagranYue(拉格朗・月)","Minty Spire (QoL Compilation)","Pale of the Ancients","Reliquary","Replay The Spire","RumiaBox-露米娅的神秘盒子","StSLib","The Immortal","The Jungle","Yakumo Yukari mod","【遗物卡牌】REMEMod"],"gold_per_floor":[112,112,122,122,2,29,48,64,115,115,8,38,38,38,38,136,16,28,47,47,61,78,78,113,113,140,170,65,65,90,90,90,189,69,86,137,153,203,259,292,139,139,139,170,190,201,201,213,213,213,213],"floor_reached":50,"language":"ZHS","playtime":2878,"items_purged":["Moonworks:Strike"],"score":670,"play_id":"80bb6756-9067-4f36-ac6b-9a2a35737826","local_time":"20210220000510","is_ascension_mode":false,"campfire_choices":[{"data":"Moonworks:x16BigRocket+1","floor":10.0,"key":"SMITH"},{"floor":13.0,"key":"REST"},{"data":"REME_Flogging","floor":15.0,"key":"SMITH"},{"data":"Moonworks:x16BigRocket+2","floor":23.0,"key":"SMITH"},{"floor":25.0,"key":"REST"},{"data":"Moonworks:RagingMadness","floor":47.0,"key":"SMITH"},{"floor":49.0,"key":"REST"}],"circlet_count":0,"master_deck":["Moonworks:Strike","Moonworks:Strike","Moonworks:Defend+1","Moonworks:Defend","Moonworks:Defend","Moonworks:Ambush","Moonworks:LongDistanceShot","REME_Flogging+1","Moonworks:Assault","Moonworks:x16BigRocket+3","Moonworks:BindingChains+1","Moonworks:SakisCookie","Moonworks:CloudOfSeagulls","Moonworks:RocketCannon","Moonworks:PlushieMaster","Moonworks:RedAndBlue+1","Moonworks:EvilSpyWorkPreparation+1","Moonworks:Flamethrower","Moonworks:CookingTime","Moonworks:ShieldCounter","Moonworks:ImOnFire+1","Moonworks:FullSpeedAlicianrone+1","Moonworks:MiracleRedBeanIceCream+1","Moonworks:RagingMadness+1","Moonworks:SinkOrSwim"],"relics":["Moonworks:BrokenBomb","Moonworks:Homemark","AT_ATBox","REME_ComplimentaryCards","NeowsBlessing","ReplayTheSpireMod:Ring of Challenge","reliquary:BoilingFlask","reliquary:RosewoodLute","Bronze Scales","Replay:Grab Bag","ChewingGum","Philosopher\u0027s Stone","Empty Cage","Replay:WaspNest","PreservedInsect","Letter Opener","Bottled Tornado","AT_TrinityForce","Du-Vu Doll","StoneCalendar","Mirror","Bottled Lightning","Divine Protection"],"acts_visited":["Exordium","TheCity","TheBeyond"],"potions_floor_usage":[50],"damage_taken":[{"damage":0.0,"enemies":"2 Louse","floor":1.0,"turns":1.0},{"damage":0.0,"enemies":"Small Slimes","floor":3.0,"turns":1.0},{"damage":0.0,"enemies":"Lagavulin","floor":6.0,"turns":1.0},{"damage":0.0,"enemies":"Cultist","floor":7.0,"turns":3.0},{"damage":0.0,"enemies":"3 Louse","floor":8.0,"turns":4.0},{"damage":4.0,"enemies":"Large Slime","floor":11.0,"turns":4.0},{"damage":24.0,"enemies":"3 Sentries","floor":12.0,"turns":6.0},{"damage":15.0,"enemies":"Hexaghost","floor":16.0,"turns":7.0},{"damage":2.0,"enemies":"3 Byrds","floor":18.0,"turns":3.0},{"damage":2.0,"enemies":"Chosen","floor":19.0,"turns":3.0},{"damage":0.0,"enemies":"Snake Plant","floor":21.0,"turns":3.0},{"damage":6.0,"enemies":"3 Cultists","floor":22.0,"turns":4.0},{"damage":23.0,"enemies":"REME_1_Revenger","floor":24.0,"turns":4.0},{"damage":0.0,"enemies":"Slavers","floor":27.0,"turns":2.0},{"damage":13.0,"enemies":"Centurion and Healer","floor":28.0,"turns":4.0},{"damage":1.0,"enemies":"Gremlin Leader","floor":30.0,"turns":3.0},{"damage":25.0,"enemies":"Automaton","floor":33.0,"turns":7.0},{"damage":5.0,"enemies":"3 Shapes","floor":35.0,"turns":2.0},{"damage":19.0,"enemies":"2 Orb Walkers","floor":36.0,"turns":3.0},{"damage":8.0,"enemies":"3 Darklings","floor":37.0,"turns":3.0},{"damage":6.0,"enemies":"Mind Bloom Boss Battle","floor":38.0,"turns":4.0},{"damage":0.0,"enemies":"Reptomancer","floor":40.0,"turns":3.0},{"damage":0.0,"enemies":"R_Hoarder","floor":44.0,"turns":3.0},{"damage":0.0,"enemies":"4 Shapes","floor":45.0,"turns":2.0},{"damage":0.0,"enemies":"Writhing Mass","floor":46.0,"turns":3.0},{"damage":0.0,"enemies":"3 Darklings","floor":48.0,"turns":3.0},{"damage":77,"enemies":"Awakened One","floor":50,"turns":9}],"seed_played":"-7654161226558646390","potions_obtained":[{"floor":7.0,"key":"Energy Potion"},{"floor":12.0,"key":"SmokeBomb"},{"floor":16.0,"key":"Ancient Potion"},{"floor":19.0,"key":"REME_GoldPotion"},{"floor":22.0,"key":"LifebloodPotion"},{"floor":24.0,"key":"DistilledChaos"},{"floor":28.0,"key":"Swift Potion"},{"floor":37.0,"key":"Weak Potion"}],"is_trial":false,"path_per_floor":["M","?","M","?","$","E","M","M","T","R","M","E","R","?","R","B",null,"M","M","?","M","M","R","E","R","T","E","M","?","E","?","R","B",null,"M","?","M","?","?","E","$","$","T","E","M","M","R","M","R","B"],"character_chosen":"THE_STARBREAKER","items_purchased":["Moonworks:RagingMadness"],"campfire_rested":3,"item_purchase_floors":[41],"current_hp_per_floor":[60,60,60,60,60,60,60,60,60,60,56,32,50,38,38,23,60,58,56,46,46,40,40,17,36,36,36,29,29,28,28,47,28,65,60,46,46,48,32,32,32,32,32,45,45,45,45,45,64,0,0],"gold":213,"neow_bonus":"THREE_ENEMY_KILL","is_daily":false,"chose_seed":false,"campfire_upgraded":4,"win_rate":0.0,"timestamp":1613750710,"path_taken":["M","?","M","?","$","E","M","M","T","R","?","E","R","?","R","BOSS","M","M","?","M","M","R","E","R","T","E","M","?","E","?","R","BOSS","M","?","M","?","?","E","?","$","T","E","M","M","R","M","R","BOSS"],"items_purchased_type":["Card"],"build_version":"2020-12-22","purchased_purges":1,"victory":false,"max_hp_per_floor":[60,60,60,60,60,60,60,60,60,60,60,60,60,60,60,60,60,60,60,65,65,65,65,65,65,65,65,65,65,65,65,65,65,65,65,65,65,65,65,65,65,65,65,65,65,65,65,65,65,65,65],"card_choices":[{"not_picked":["Moonworks:NicePresent","Moonworks:TacticalRetreat"],"picked":"Moonworks:Assault","floor":1.0},{"not_picked":["Moonworks:NicePresent","Moonworks:BigMagnum"],"picked":"Moonworks:x16BigRocket","floor":3.0},{"not_picked":["Moonworks:Assault","Moonworks:EvilSpyWorkPreparation"],"picked":"Moonworks:BindingChains","floor":6.0},{"not_picked":["Moonworks:BackdoorTrade","Moonworks:LulusLuckyEgg"],"picked":"Moonworks:SakisCookie","floor":7.0},{"not_picked":["Moonworks:AnotherUltimateWeapon","Moonworks:BigBangBell"],"picked":"Moonworks:CloudOfSeagulls","floor":8.0},{"not_picked":["Moonworks:NicePresent","Moonworks:EvilSpyWorkPreparation","Moonworks:Dinner"],"picked":"SKIP","floor":11.0},{"not_picked":["Moonworks:DeployBits","Moonworks:SakisCookie"],"picked":"Moonworks:RocketCannon","floor":12.0},{"not_picked":["Moonworks:ReflectiveShell","Moonworks:EvilMastermind"],"picked":"Moonworks:PlushieMaster","floor":16.0},{"not_picked":["Moonworks:NicePresent","Moonworks:JonathanRush","Moonworks:Poppoformation"],"picked":"SKIP","floor":18.0},{"not_picked":["Moonworks:NicePresent","Moonworks:IndiscriminateFireSupport","Moonworks:JonathanRush"],"picked":"SKIP","floor":19.0},{"not_picked":["Moonworks:MixPhenomenon","Moonworks:Dash"],"picked":"Moonworks:RedAndBlue+1","floor":21.0},{"not_picked":["Moonworks:LulusLuckyEgg","Moonworks:ReproductionOfRecords"],"picked":"Moonworks:EvilSpyWorkPreparation+1","floor":22.0},{"not_picked":["Moonworks:LulusLuckyEgg","Moonworks:BigMagnum"],"picked":"Moonworks:Flamethrower","floor":24.0},{"not_picked":["Moonworks:BigMagnum+1","Moonworks:JonathanRush"],"picked":"Moonworks:CookingTime","floor":27.0},{"not_picked":["Moonworks:DeployBits","Moonworks:BigMagnum","Moonworks:SakisCookie"],"picked":"SKIP","floor":28.0},{"not_picked":["Moonworks:LeapThroughSpace","Moonworks:IndiscriminateFireSupport+1","Moonworks:CloudOfSeagulls"],"picked":"SKIP","floor":30.0},{"not_picked":["Moonworks:PlushieMaster","Moonworks:Encore"],"picked":"Moonworks:ShieldCounter","floor":33.0},{"not_picked":["Moonworks:JonathanRush","Moonworks:IndiscriminateFireSupport+1"],"picked":"Moonworks:ImOnFire+1","floor":35.0},{"not_picked":["Moonworks:JonathanRush","Moonworks:BigMagnum"],"picked":"Moonworks:FullSpeedAlicianrone+1","floor":37.0},{"not_picked":["Moonworks:Poppoformation+1","Moonworks:Assault+1"],"picked":"Moonworks:MiracleRedBeanIceCream+1","floor":40.0},{"not_picked":["Moonworks:TacticalRetreat+1","Moonworks:JonathanRush","Moonworks:FinalSurgery"],"picked":"SKIP","floor":44.0},{"not_picked":["Moonworks:JonathanRush","Moonworks:ForcedRevival+1","Moonworks:MiracleWalker"],"picked":"SKIP","floor":45.0},{"not_picked":["Moonworks:NicePresent","Moonworks:Heat300Percent+1"],"picked":"Moonworks:SinkOrSwim","floor":46.0},{"not_picked":["Moonworks:Assault+1","Moonworks:LulusLuckyEgg+1","Moonworks:RagingMadness"],"picked":"SKIP","floor":48.0}],"player_experience":44949,"relics_obtained":[{"floor":2.0,"key":"ReplayTheSpireMod:Ring of Challenge"},{"floor":6.0,"key":"reliquary:BoilingFlask"},{"floor":9.0,"key":"reliquary:RosewoodLute"},{"floor":12.0,"key":"Bronze Scales"},{"floor":24.0,"key":"Replay:WaspNest"},{"floor":26.0,"key":"PreservedInsect"},{"floor":27.0,"key":"Letter Opener"},{"floor":30.0,"key":"Bottled Tornado"},{"floor":36.0,"key":"Du-Vu Doll"},{"floor":38.0,"key":"StoneCalendar"},{"floor":40.0,"key":"Mirror"},{"floor":43.0,"key":"Bottled Lightning"},{"floor":44.0,"key":"Divine Protection"}],"event_choices":[{"damage_healed":0.0,"max_hp_gain":0.0,"max_hp_loss":0.0,"gold_gain":0.0,"event_name":"Upgrade Shrine","player_choice":"Upgraded","floor":4.0,"gold_loss":0.0,"damage_taken":0.0,"cards_upgraded":["Moonworks:x16BigRocket"]},{"damage_healed":0.0,"max_hp_gain":0.0,"max_hp_loss":0.0,"gold_gain":0.0,"event_name":"Shining Light","player_choice":"Entered Light","floor":14.0,"gold_loss":0.0,"damage_taken":12.0,"cards_upgraded":["ReplayTheSpireMod:Faulty Equipment","Moonworks:Defend"]},{"damage_healed":0.0,"max_hp_gain":5.0,"max_hp_loss":0.0,"gold_gain":0.0,"event_name":"Forgotten Altar","player_choice":"Shed Blood","floor":20.0,"gold_loss":0.0,"damage_taken":15.0},{"damage_healed":0.0,"max_hp_gain":0.0,"max_hp_loss":0.0,"gold_gain":0.0,"event_name":"Vampires","player_choice":"Ignored","floor":31.0,"gold_loss":0.0,"damage_taken":0.0},{"damage_healed":0.0,"max_hp_gain":0.0,"max_hp_loss":0.0,"gold_gain":0.0,"event_name":"Mysterious Sphere","player_choice":"Fight","floor":36.0,"gold_loss":0.0,"damage_taken":0.0},{"damage_healed":0.0,"max_hp_gain":0.0,"max_hp_loss":0.0,"gold_gain":0.0,"event_name":"MindBloom","player_choice":"Fight","floor":38.0,"gold_loss":0.0,"damage_taken":0.0}],"is_beta":false,"boss_relics":[{"not_picked":["Sozu","Runic Pyramid"],"picked":"Replay:Grab Bag"},{"not_picked":["Runic Dome","Busted Crown"],"picked":"ChewingGum"},{"not_picked":["SlaversCollar","Velvet Choker"],"picked":"Philosopher\u0027s Stone"},{"not_picked":["EasyGame_NEW","Ring of Chaos"],"picked":"Empty Cage"},{"not_picked":["reliquary:ThirdArm","Replay:Drink Me"],"picked":"AT_TrinityForce"}],"items_purged_floors":[41],"is_endless":false,"potions_floor_spawned":[7,12,16,19,22,24,28,37,44,45],"killed_by":"Awakened One","ascension_level":0}}