{"host":"bwv3g1hezaeonepb","time":1613714628,"event":{"mods":["Aspiration","BaseMod","Colored Powertips","Conspire","KomeijiMod","Minty Spire (QoL Compilation)","Replay The Spire","Shop Mod","StSLib","The Construct","The Cursed","The Runesmith"],"gold_per_floor":[112,112,129,129,142,177,177,177,177,197,197,46,62,75,75,171,271,291,301,301,318,11,11,30,30,30],"floor_reached":25,"language":"ZHS","playtime":1368,"items_purged":[],"score":205,"play_id":"65548ce2-036e-40d6-906d-413d377e5a8b","local_time":"20210219140348","is_ascension_mode":false,"campfire_choices":[{"floor":7,"key":"REST"},{"floor":11,"key":"REST"},{"floor":15,"key":"REST"},{"data":"Sneak Up","floor":23,"key":"SMITH"}],"circlet_count":0,"master_deck":["Strike_G","Strike_G","Strike_G+1","Strike_G","Defend_G","Defend_G+1","Defend_G+1","Defend_G","Survivor","Neutralize","Outmaneuver+1","Sneak Up+1","Dagger Spray","Flying Knee","Finisher+1","Dagger Spray","Fluid Movement","Wraith Form v2","Caltrops+1","Quick Slash","ReplayTheSpireMod:Exploit Weakness+1"],"relics":["Ring of the Snake","Bird Faced Urn","ReplayTheSpireMod:Shallot","Whetstone","Replay:Wanted Poster","Lee\u0027s Waffle","War Paint"],"acts_visited":["Exordium","TheCity"],"potions_floor_usage":[6,16,16,16,21,25],"damage_taken":[{"damage":0,"enemies":"2 Louse","floor":1,"turns":3},{"damage":10,"enemies":"Cultist","floor":3,"turns":6},{"damage":3,"enemies":"conspire:RoseBush","floor":5,"turns":4},{"damage":49,"enemies":"Replay:BlueRogue","floor":6,"turns":14},{"damage":16,"enemies":"Gremlin Gang","floor":10,"turns":3},{"damage":2,"enemies":"Large Slime","floor":13,"turns":7},{"damage":4,"enemies":"Lots of Slimes","floor":14,"turns":3},{"damage":32,"enemies":"Hexaghost","floor":16,"turns":6},{"damage":2,"enemies":"Spheric Guardian","floor":18,"turns":5},{"damage":55,"enemies":"Shell Parasite","floor":19,"turns":8},{"damage":12,"enemies":"Shelled Parasite and Fungi","floor":21,"turns":6},{"damage":34,"enemies":"3 Cultists","floor":24,"turns":7},{"damage":73,"enemies":"Centurion and Healer","floor":25,"turns":9}],"seed_played":"-6062434744610536934","potions_obtained":[{"floor":3,"key":"Fire Potion"},{"floor":6,"key":"Venom Potion"},{"floor":10,"key":"construct:ShiftPotion"},{"floor":14,"key":"Poison Potion"},{"floor":19,"key":"FearPotion"},{"floor":24,"key":"GamblersBrew"}],"is_trial":false,"path_per_floor":["M","?","M","?","M","E","R","?","T","M","R","$","M","M","R","B",null,"M","M","?","M","$","R","M","M"],"character_chosen":"THE_SILENT","items_purchased":["Whetstone","Lee\u0027s Waffle","War Paint"],"campfire_rested":3,"item_purchase_floors":[12,22,22],"current_hp_per_floor":[77,77,67,67,64,15,38,38,38,22,45,45,43,39,62,32,77,77,22,22,16,84,84,54,0,0],"gold":30,"neow_bonus":"TEN_PERCENT_HP_BONUS","is_daily":false,"chose_seed":false,"campfire_upgraded":1,"win_rate":0.0,"timestamp":1613714628,"path_taken":["M","?","?","?","?","E","R","?","T","?","R","$","M","M","R","BOSS","M","M","?","?","?","R","M","M"],"items_purchased_type":["Relic","Relic","Relic"],"build_version":"2020-12-22","purchased_purges":0,"victory":false,"max_hp_per_floor":[77,77,77,77,77,77,77,77,77,77,77,77,77,77,77,77,77,77,77,77,77,84,84,84,84,84],"card_choices":[{"not_picked":["Dodge and Roll","Bouncing Flask"],"picked":"Outmaneuver","floor":1},{"not_picked":["Backflip","Dash"],"picked":"Sneak Up","floor":3},{"not_picked":["Blade Dance","Caltrops"],"picked":"Dagger Spray","floor":5},{"not_picked":["Sucker Punch","Hidden Blade"],"picked":"Flying Knee","floor":6},{"not_picked":["Dodge and Roll","Quick Slash"],"picked":"Finisher","floor":10},{"not_picked":["Underhanded Strike","Outmaneuver"],"picked":"Dagger Spray","floor":13},{"not_picked":["Sucker Punch","Heel Hook"],"picked":"Fluid Movement","floor":14},{"not_picked":["Phantasmal Killer","Night Terror"],"picked":"Wraith Form v2","floor":16},{"not_picked":["Sucker Punch+1","Backflip","Skewer"],"picked":"SKIP","floor":18},{"not_picked":["Backflip+1","Deadly Poison"],"picked":"Caltrops+1","floor":19},{"not_picked":["Sucker Punch","Flying Knee","Backflip"],"picked":"SKIP","floor":21},{"not_picked":["Draining Mist","Crippling Poison+1"],"picked":"ReplayTheSpireMod:Exploit Weakness+1","floor":24}],"player_experience":5956,"relics_obtained":[{"floor":6,"key":"Bird Faced Urn"},{"floor":9,"key":"ReplayTheSpireMod:Shallot"}],"event_choices":[{"cards_removed":["Defend_G"],"damage_healed":0,"gold_gain":0,"player_choice":"Purged","damage_taken":0,"max_hp_gain":0,"max_hp_loss":0,"event_name":"Purifier","floor":2,"gold_loss":0},{"damage_healed":0,"gold_gain":0,"player_choice":"Upgraded","damage_taken":0,"max_hp_gain":0,"max_hp_loss":0,"event_name":"Upgrade Shrine","floor":4,"gold_loss":0,"cards_upgraded":["Outmaneuver"]},{"damage_healed":0,"gold_gain":0,"player_choice":"Bought 0 Potions","damage_taken":0,"max_hp_gain":0,"max_hp_loss":0,"event_name":"The Woman in Blue","floor":8,"gold_loss":0},{"damage_healed":0,"gold_gain":0,"cards_transformed":["Strike_G"],"player_choice":"Transformed","damage_taken":0,"max_hp_gain":0,"max_hp_loss":0,"event_name":"Transmorgrifier","floor":20,"gold_loss":0,"cards_obtained":["Quick Slash"]}],"is_beta":false,"boss_relics":[{"not_picked":["Replay:Drink Me","Replay:Grab Bag"],"picked":"Replay:Wanted Poster"}],"items_purged_floors":[],"is_endless":false,"potions_floor_spawned":[3,6,10,14,19,24],"killed_by":"Centurion and Healer","ascension_level":0}}