{"host":"vtau6v10kn9bsk8e","time":1613738772,"event":{"mods":["Always Whale","BaseMod","Minty Spire (QoL Compilation)","StSLib","SuperFastMode","¡¾ÒÅÎï¿¨ÅÆ¡¿REMEMod"],"gold_per_floor":[110,110,129,147,162,162,175,188,188,188,214,214,275,275,275,392,392,402,402,450,450,481,481,505,505,530,43,74,90,100,120,120,217,217,246,283,283,294,117,117,139,139,139,189,40,40,86,86,86,104],"floor_reached":51,"language":"ZHS","playtime":2946,"items_purged":["Defend_G"],"score":683,"play_id":"824660e0-56ad-4dbf-9de8-5de072d37497","local_time":"20210219204612","is_ascension_mode":false,"campfire_choices":[{"floor":6.0,"key":"REST"},{"data":"REME_GreenPollution","floor":10.0,"key":"SMITH"},{"floor":12.0,"key":"REST"},{"data":"REME_SpectralBlade","floor":15.0,"key":"SMITH"},{"floor":23.0,"key":"REST"},{"floor":25.0,"key":"REST"},{"floor":32.0,"key":"REST"},{"floor":40,"key":"REST"},{"data":"Catalyst","floor":42,"key":"SMITH"},{"data":"Prepared","floor":46,"key":"SMITH"},{"floor":49,"key":"REST"}],"circlet_count":0,"master_deck":["Strike_G","Strike_G","Defend_G","Defend_G","Defend_G","Survivor","Neutralize","REME_BuildACard","Masterful Stab","Bouncing Flask","REME_SpectralBlade+1","PiercingWail","Prepared+1","Noxious Fumes","REME_GreenPollution+1","Noxious Fumes","Backflip+1","Leg Sweep","Prepared+1","Catalyst+1","REME_SpectralBlade+1","Dagger Throw+1","Die Die Die","Acrobatics+1","Backflip+1","Crippling Poison","Prepared+1"],"relics":["Ring of the Snake","REME_ComplimentaryCards","Tiny Chest","REME_ArchaeologicalTools","SlaversCollar","InkBottle","Potion Belt","Bottled Tornado","DollysMirror","Empty Cage","Mercury Hourglass","Tingsha","Cauldron","Boot","Letter Opener"],"acts_visited":["Exordium","TheCity","TheBeyond"],"potions_floor_usage":[35,41,41,41,45,47,50,50,50,50,50,50,50],"damage_taken":[{"damage":0.0,"enemies":"2 Louse","floor":1.0,"turns":2.0},{"damage":0.0,"enemies":"Jaw Worm","floor":3.0,"turns":3.0},{"damage":0.0,"enemies":"Small Slimes","floor":4.0,"turns":2.0},{"damage":13.0,"enemies":"Gremlin Gang","floor":5.0,"turns":5.0},{"damage":0.0,"enemies":"Lots of Slimes","floor":7.0,"turns":5.0},{"damage":11.0,"enemies":"Blue Slaver","floor":8.0,"turns":5.0},{"damage":18.0,"enemies":"Lagavulin","floor":11.0,"turns":7.0},{"damage":6.0,"enemies":"Large Slime","floor":13.0,"turns":5.0},{"damage":28.0,"enemies":"Slime Boss","floor":16.0,"turns":10.0},{"damage":21.0,"enemies":"Shell Parasite","floor":18.0,"turns":5.0},{"damage":28.0,"enemies":"2 Thieves","floor":20.0,"turns":5.0},{"damage":6.0,"enemies":"Chosen and Byrds","floor":22.0,"turns":6.0},{"damage":11.0,"enemies":"Snecko","floor":24.0,"turns":5.0},{"damage":13.0,"enemies":"Snake Plant","floor":28.0,"turns":4.0},{"damage":14.0,"enemies":"Sentry and Sphere","floor":29.0,"turns":4.0},{"damage":14.0,"enemies":"Shelled Parasite and Fungi","floor":30.0,"turns":6.0},{"damage":2.0,"enemies":"Snecko","floor":31.0,"turns":5.0},{"damage":10,"enemies":"Champ","floor":33,"turns":8},{"damage":0,"enemies":"Orb Walker","floor":35,"turns":5},{"damage":7,"enemies":"3 Shapes","floor":36,"turns":6},{"damage":22,"enemies":"Maw","floor":38,"turns":7},{"damage":8,"enemies":"Spire Growth","floor":41,"turns":5},{"damage":0,"enemies":"Mind Bloom Boss Battle","floor":44,"turns":5},{"damage":33,"enemies":"Nemesis","floor":47,"turns":5},{"damage":25,"enemies":"Donu and Deca","floor":50,"turns":6}],"seed_played":"-346824037165730407","potions_obtained":[{"floor":1.0,"key":"Explosive Potion"},{"floor":7.0,"key":"DistilledChaos"},{"floor":16.0,"key":"AttackPotion"},{"floor":19.0,"key":"REME_GoldPotion"},{"floor":20.0,"key":"AttackPotion"},{"floor":22.0,"key":"ColorlessPotion"},{"floor":24.0,"key":"LiquidMemories"},{"floor":28.0,"key":"Dexterity Potion"},{"floor":33,"key":"Block Potion"},{"floor":35,"key":"Weak Potion"},{"floor":38,"key":"ColorlessPotion"},{"floor":45,"key":"Regen Potion"},{"floor":45,"key":"EntropicBrew"},{"floor":45,"key":"REME_GoldPotion"},{"floor":45,"key":"DuplicationPotion"},{"floor":45,"key":"SmokeBomb"},{"floor":47,"key":"ColorlessPotion"}],"is_trial":false,"path_per_floor":["M","?","M","M","M","R","M","M","T","R","E","R","M","?","R","B",null,"M","?","M","T","M","R","M","R","T","$","M","M","M","M","R","B",null,"M","M","?","M","$","R","M","R","T","?","$","R","E","T","R","B",null],"character_chosen":"THE_SILENT","items_purchased":["Catalyst","Bottled Tornado","DollysMirror","PowerPotion","Weak Potion","Cauldron"],"campfire_rested":7,"item_purchase_floors":[27,27,27,39,39,45],"current_hp_per_floor":[70,70,70,70,57,70,70,59,59,59,41,62,56,70,70,42,70,49,49,21,21,15,36,25,46,46,46,33,19,5,3,24,14,70,70,63,63,41,41,62,54,54,54,54,54,54,33,33,54,43],"gold":104,"neow_bonus":"TRANSFORM_CARD","is_daily":false,"chose_seed":false,"campfire_upgraded":4,"win_rate":0.0,"timestamp":1613738772,"path_taken":["M","?","M","M","M","R","M","M","T","R","E","R","M","?","R","BOSS","M","?","?","?","M","R","M","R","T","$","M","M","M","M","R","BOSS","M","M","?","M","$","R","M","R","T","?","?","R","E","?","R","BOSS"],"items_purchased_type":["Card","Relic","Relic","Potion","Potion","Relic"],"build_version":"2020-12-22","purchased_purges":1,"victory":true,"max_hp_per_floor":[70,70,70,70,70,70,70,70,70,70,70,70,70,70,70,70,70,70,70,70,70,70,70,70,70,70,70,70,70,70,70,70,70,70,70,70,70,70,70,70,70,70,70,70,70,70,70,70,70,70],"card_choices":[{"not_picked":["Dodge and Roll","Slice"],"picked":"Bouncing Flask","floor":1.0},{"not_picked":["Terror","Deflect","Heel Hook"],"picked":"SKIP","floor":3.0},{"not_picked":["Blade Dance","Dash"],"picked":"PiercingWail","floor":4.0},{"not_picked":["Acrobatics","Masterful Stab"],"picked":"Prepared","floor":5.0},{"not_picked":["Blur","Deflect"],"picked":"Noxious Fumes","floor":7.0},{"not_picked":["Caltrops","Reflex"],"picked":"REME_GreenPollution","floor":8.0},{"not_picked":["Blade Dance","Storm of Steel","Finisher"],"picked":"SKIP","floor":11.0},{"not_picked":["Flying Knee","Predator","Terror"],"picked":"SKIP","floor":13.0},{"not_picked":["Choke","Deflect"],"picked":"Noxious Fumes","floor":18.0},{"not_picked":["Slice","Quick Slash"],"picked":"Backflip+1","floor":20.0},{"not_picked":["Quick Slash","Dagger Throw"],"picked":"Leg Sweep","floor":22.0},{"not_picked":["Footwork","Poisoned Stab+1"],"picked":"Prepared+1","floor":24.0},{"not_picked":["Cloak And Dagger","Underhanded Strike","Masterful Stab"],"picked":"SKIP","floor":28.0},{"not_picked":["Infinite Blades+1","Outmaneuver","Escape Plan"],"picked":"SKIP","floor":29.0},{"not_picked":["Escape Plan+1","Deadly Poison"],"picked":"Dagger Throw+1","floor":30.0},{"not_picked":["Backflip","Flying Knee","Skewer"],"picked":"SKIP","floor":31.0},{"not_picked":["Envenom","Storm of Steel"],"picked":"Die Die Die","floor":33},{"not_picked":["Cloak And Dagger","Dagger Throw+1"],"picked":"Acrobatics+1","floor":35},{"not_picked":["Flying Knee","Quick Slash+1","Sucker Punch"],"picked":"SKIP","floor":36},{"not_picked":["Underhanded Strike","Dodge and Roll+1"],"picked":"Backflip+1","floor":38},{"not_picked":["Dagger Throw+1","Bouncing Flask","Distraction"],"picked":"SKIP","floor":41},{"not_picked":["Poisoned Stab+1","Bouncing Flask"],"picked":"Crippling Poison","floor":44},{"not_picked":["Bane+1","Outmaneuver"],"picked":"Prepared+1","floor":47}],"player_experience":235898,"relics_obtained":[{"floor":9.0,"key":"Tiny Chest"},{"floor":11.0,"key":"REME_ArchaeologicalTools"},{"floor":21.0,"key":"InkBottle"},{"floor":26.0,"key":"Potion Belt"},{"floor":43,"key":"Mercury Hourglass"},{"floor":44,"key":"Tingsha"},{"floor":47,"key":"Boot"},{"floor":48,"key":"Letter Opener"}],"event_choices":[{"damage_healed":0.0,"max_hp_gain":0.0,"max_hp_loss":0.0,"gold_gain":0.0,"cards_transformed":["Strike_G"],"event_name":"Living Wall","player_choice":"Change","floor":2.0,"gold_loss":0.0,"damage_taken":0.0,"cards_obtained":["REME_SpectralBlade"]},{"damage_healed":23.0,"max_hp_gain":0.0,"max_hp_loss":0.0,"gold_gain":0.0,"event_name":"Big Fish","player_choice":"Banana","floor":14.0,"gold_loss":0.0,"damage_taken":0.0},{"damage_healed":0.0,"max_hp_gain":0.0,"max_hp_loss":0.0,"gold_gain":0.0,"event_name":"Lab","player_choice":"Got Potions","floor":19.0,"gold_loss":0.0,"damage_taken":0.0},{"damage_healed":0,"gold_gain":0,"player_choice":"Memory 1","damage_taken":0,"max_hp_gain":0,"max_hp_loss":0,"event_name":"SensoryStone","floor":37,"gold_loss":0},{"damage_healed":0,"gold_gain":0,"player_choice":"Fight","damage_taken":0,"max_hp_gain":0,"max_hp_loss":0,"event_name":"MindBloom","floor":44,"gold_loss":0}],"is_beta":false,"boss_relics":[{"not_picked":["Fusion Hammer","Busted Crown"],"picked":"SlaversCollar"},{"not_picked":["SacredBark","Black Star"],"picked":"Empty Cage"}],"items_purged_floors":[39],"is_endless":false,"potions_floor_spawned":[1,7,16,20,22,24,28,33,35,38,47],"ascension_level":0}}