{"host":"6pietnjer90du4bs","time":1613736076,"event":{"mods":["Aspiration","BaseMod","Bossed Relics","Colored Map","Infinite Spire","Minty Spire (QoL Compilation)","Replay The Spire","StSLib"],"gold_per_floor":[109,126,21,21,35,35,52,102,102,102,116,116,149,168,168,245,245,260,260,273,312,312,312,312,312,312,343,343,362,362,362],"floor_reached":30,"language":"ENG","playtime":844,"items_purged":[],"score":509,"play_id":"f85f2945-c70f-43c6-b447-71498889a99b","local_time":"20210219130116","is_ascension_mode":true,"campfire_choices":[{"data":"Fiend Fire","floor":10,"key":"SMITH"},{"data":"ReplayTheSpireMod:Strike From Hell","floor":12,"key":"SMITH"},{"floor":15,"key":"REST"},{"data":"Replay:Many Hands","floor":23,"key":"SMITH"},{"data":"Pommel Strike","floor":25,"key":"SMITH"}],"circlet_count":0,"master_deck":["AscendersBane","Defend_R","Bash","Fiend Fire+1","ReplayTheSpireMod:Strike From Hell+1","Replay:Many Hands+1","Replay:Undeath\u0027s Touch+1","Overencumbered","Eruption","Reaper","Swift Strike","infinitespire:TheBestDefense","Pommel Strike+1","Pain","Pommel Strike","Bite","Bite","Bite","Bite","Bite","Pommel Strike","ReplayTheSpireMod:Strike From Hell+1"],"relics":["Burning Blood","Charon\u0027s Ashes","infinitespire:Bottled Soul","Replay:Drink Me","ReplayTheSpireMod:SealedPack","Bottled Flame","Blue Doll","Calipers"],"acts_visited":["Exordium","TheCity"],"potions_floor_usage":[3,5,27,29],"damage_taken":[{"damage":1,"enemies":"Cultist","floor":1,"turns":3},{"damage":11,"enemies":"2 Louse","floor":2,"turns":3},{"damage":0,"enemies":"Jaw Worm","floor":5,"turns":3},{"damage":0,"enemies":"Large Slime","floor":7,"turns":4},{"damage":0,"enemies":"Looter","floor":11,"turns":1},{"damage":30,"enemies":"3 Sentries","floor":13,"turns":5},{"damage":15,"enemies":"3 Louse","floor":14,"turns":3},{"damage":20,"enemies":"Fading Forest","floor":16,"turns":13},{"damage":6,"enemies":"3 Byrds","floor":18,"turns":2},{"damage":22,"enemies":"2 Thieves","floor":20,"turns":2},{"damage":29,"enemies":"Slavers","floor":27,"turns":3},{"damage":14,"enemies":"Chosen and Byrds","floor":29,"turns":3},{"damage":24,"enemies":"Snake Plant","floor":30,"turns":1}],"seed_played":"-8479476926096312711","potions_obtained":[{"floor":1,"key":"SteroidPotion"},{"floor":4,"key":"infinitespire:BlackPotion"},{"floor":4,"key":"PowerPotion"},{"floor":14,"key":"FearPotion"},{"floor":20,"key":"Fire Potion"},{"floor":21,"key":"Strength Potion"},{"floor":27,"key":"LiquidBronze"},{"floor":29,"key":"Elixir"}],"is_trial":false,"path_per_floor":["M","M","$","?","M","$","M","?","T","R","M","R","E","M","R","B",null,"M","AVR","M","?","?","R","?","R","T","E","T","M","M"],"character_chosen":"IRONCLAD","items_purchased":["Fruit Juice"],"campfire_rested":1,"item_purchase_floors":[3],"current_hp_per_floor":[73,68,73,73,79,79,80,80,80,80,80,80,56,47,71,73,60,60,60,44,44,44,44,42,42,42,21,21,22,0,0],"gold":362,"neow_bonus":"ONE_RANDOM_RARE_CARD","is_daily":false,"chose_seed":false,"campfire_upgraded":4,"win_rate":0.0,"timestamp":1613736076,"path_taken":["M","M","$","?","M","?","?","?","T","R","M","R","E","M","R","BOSS","M","AVR","M","?","?","R","?","R","T","E","?","M","M"],"items_purchased_type":["Potion"],"build_version":"2020-12-22","purchased_purges":0,"victory":false,"max_hp_per_floor":[75,75,80,80,80,80,80,80,80,80,80,80,80,80,80,80,60,60,60,60,60,60,60,42,42,42,42,42,42,42,42],"card_choices":[{"not_picked":["Clash","Armaments","Replay:Undeath\u0027s Touch"],"picked":"SKIP","floor":1},{"not_picked":["Pommel Strike","Massacre","Disarm"],"picked":"SKIP","floor":2},{"not_picked":["Uppercut","Demon Form","Clothesline"],"picked":"SKIP","floor":5},{"not_picked":["Feel No Pain","Run Through","Replay:Undeath\u0027s Touch"],"picked":"SKIP","floor":7},{"not_picked":["Headbutt","Wild Strike"],"picked":"ReplayTheSpireMod:Strike From Hell","floor":11},{"not_picked":["Ghostly Armor","Abandon","Seeing Red"],"picked":"SKIP","floor":13},{"not_picked":["True Grit","Thunderclap","Blood for Blood"],"picked":"SKIP","floor":14},{"not_picked":["Fiend Fire","Reaper"],"picked":"Replay:Many Hands","floor":16},{"not_picked":["True Grit","Perfected Strike"],"picked":"Replay:Undeath\u0027s Touch+1","floor":18},{"not_picked":["m_Survivalism","Neutralize"],"picked":"Eruption","floor":19},{"not_picked":["Juggernaut","Corruption"],"picked":"Reaper","floor":19},{"not_picked":["Replay:Parry","Forethought"],"picked":"Swift Strike","floor":19},{"not_picked":["infinitespire:Punishment","infinitespire:FutureSight"],"picked":"infinitespire:TheBestDefense","floor":19},{"not_picked":["Rage","Twin Strike"],"picked":"Pommel Strike","floor":20},{"not_picked":["Headbutt","Anger"],"picked":"Pommel Strike","floor":21},{"not_picked":["Shrug It Off","Havoc","Pommel Strike"],"picked":"SKIP","floor":27},{"not_picked":["Shrug It Off","Havoc"],"picked":"Pommel Strike","floor":27},{"not_picked":["infinitespire:OneForAll","Shrug It Off"],"picked":"ReplayTheSpireMod:Strike From Hell+1","floor":29}],"player_experience":750192,"relics_obtained":[{"floor":9,"key":"Charon\u0027s Ashes"},{"floor":13,"key":"infinitespire:Bottled Soul"},{"floor":26,"key":"Bottled Flame"},{"floor":27,"key":"Blue Doll"},{"floor":28,"key":"Calipers"}],"event_choices":[{"damage_healed":0,"gold_gain":0,"player_choice":"Got Potions","damage_taken":0,"max_hp_gain":0,"max_hp_loss":0,"event_name":"Lab","floor":4,"gold_loss":0},{"damage_healed":0,"gold_gain":50,"player_choice":"Pray","damage_taken":0,"max_hp_gain":0,"max_hp_loss":0,"event_name":"Golden Shrine","floor":8,"gold_loss":0},{"damage_healed":0,"gold_gain":0,"player_choice":"Ignored","damage_taken":0,"max_hp_gain":0,"max_hp_loss":0,"event_name":"Ghosts","floor":22,"gold_loss":0},{"damage_healed":0,"gold_gain":0,"player_choice":"Became a vampire","damage_taken":0,"max_hp_gain":0,"max_hp_loss":18,"event_name":"Vampires","floor":24,"gold_loss":0,"cards_obtained":["Bite","Bite","Bite","Bite","Bite"]}],"is_beta":false,"boss_relics":[{"not_picked":["Runic Cube","Ooze Armor"],"picked":"Replay:Drink Me"}],"items_purged_floors":[],"is_endless":false,"potions_floor_spawned":[1,14,20,27,29],"killed_by":"Snake Plant","ascension_level":19}}