{"host":"z5ogtnuuoxgup8y1","time":1613696046,"event":{"mods":["BaseMod","Better Third Choice","BetterRewards","Hermit","Hubris","Jorbs\u0027s Wanderer Trilogy","Minty Spire (QoL Compilation)","Reliquary","Replay The Spire","Spicy Shops","StSLib","The Cursed","The Disciple","The Hierophant","The Jungle","The Marked","The Runesmith"],"gold_per_floor":[113,126,126,51,51,81,81,113,158,188,111,123,123,152,152,227,227,237,237,252,252,269,302,302,332,386,9,36,36,51,63,63,140,140,160,214,239,256,256,256,270,297,297,297,297,297],"floor_reached":45,"language":"ENG","playtime":3000,"items_purged":["Strike_B"],"score":994,"play_id":"829eae80-14d2-407b-9efa-8c960e40f8d4","local_time":"20210219005406","is_ascension_mode":true,"campfire_choices":[{"data":"Zap","floor":7.0,"key":"SMITH"},{"data":"Biased Cognition","floor":13.0,"key":"SMITH"},{"data":"Glacier","floor":15.0,"key":"SMITH"},{"floor":24.0,"key":"REST"},{"floor":29.0,"key":"REST"},{"floor":32.0,"key":"REST"},{"floor":40,"key":"REST"},{"data":"Spreading Infection","floor":44,"key":"PURGE"}],"circlet_count":0,"master_deck":["AscendersBane","Strike_B","Strike_B","Defend_B","Defend_B","Defend_B","Defend_B","Zap+1","Dualcast","Cold Snap","Conserve Battery","Cold Snap","Biased Cognition+1","Conserve Battery","Glacier+1","Core Surge","Undo","RitualDagger","Streamline+1","ReplayRNGCard","Pot Of Greed","Pot Of Greed","Ball Lightning","Panic Button","Pot Of Greed","Loop+1","Electrodynamics","Self Repair+1","Recycle+1","Static Discharge","Steam Power","Recycle"],"relics":["Cracked Core","NeowsBlessing","hubris:Towel","hubris:MysteriousPyramids","Question Card","reliquary:TatteredRug","reliquary:Boomerang","Replay:Bottled Snecko","Peace Pipe","Replay:Grab Bag","Velvet Choker","reliquary:Craggleroot","Inserter","reliquary:PorcupineQuills","Toy Ornithopter","Grinning Jar","ReplayTheSpireMod:Lightbulb","reliquary:IridiumChain","Torii","Cursed Key","Emotion Chip","hubris:Spice","FossilizedHelix"],"acts_visited":["Exordium","TheCity","TheBeyond"],"potions_floor_usage":[42,45],"damage_taken":[{"damage":0.0,"enemies":"2 Louse","floor":1.0,"turns":1.0},{"damage":0.0,"enemies":"Cultist","floor":2.0,"turns":1.0},{"damage":0.0,"enemies":"Gremlin Nob","floor":6.0,"turns":1.0},{"damage":2.0,"enemies":"3 Sentries","floor":8.0,"turns":8.0},{"damage":4.0,"enemies":"Lagavulin","floor":10.0,"turns":8.0},{"damage":3.0,"enemies":"Small Slimes","floor":12.0,"turns":2.0},{"damage":9.0,"enemies":"3 Sentries","floor":14.0,"turns":9.0},{"damage":50.0,"enemies":"Slime Boss","floor":16.0,"turns":15.0},{"damage":13.0,"enemies":"3 Byrds","floor":18.0,"turns":6.0},{"damage":0.0,"enemies":"Chosen","floor":20.0,"turns":7.0},{"damage":19.0,"enemies":"Centurion and Healer","floor":22.0,"turns":18.0},{"damage":10.0,"enemies":"Book of Stabbing","floor":23.0,"turns":5.0},{"damage":4.0,"enemies":"Replay:Snechameleon","floor":25.0,"turns":9.0},{"damage":9.0,"enemies":"Book of Stabbing","floor":28.0,"turns":5.0},{"damage":2.0,"enemies":"Snake Plant","floor":30.0,"turns":4.0},{"damage":13.0,"enemies":"Cultist and Chosen","floor":31.0,"turns":6.0},{"damage":28.0,"enemies":"Collector","floor":33.0,"turns":19.0},{"damage":12.0,"enemies":"Orb Walker","floor":35.0,"turns":3.0},{"damage":40.0,"enemies":"2 Orb Walkers","floor":36.0,"turns":7.0},{"damage":0,"enemies":"Mind Bloom Boss Battle","floor":37,"turns":3},{"damage":30,"enemies":"3 Shapes","floor":38,"turns":3},{"damage":0,"enemies":"Spire Growth","floor":41,"turns":5},{"damage":1,"enemies":"R_Hoarder","floor":42,"turns":6},{"damage":90,"enemies":"Giant Head","floor":45,"turns":7}],"seed_played":"-3910115192042280439","potions_obtained":[{"floor":6.0,"key":"BlessingOfTheForge"},{"floor":14.0,"key":"AttackPotion"},{"floor":16.0,"key":"EssenceOfDarkness"},{"floor":20.0,"key":"AttackPotion"},{"floor":22.0,"key":"Adrenaline Potion"},{"floor":25.0,"key":"SneckoOil"},{"floor":35.0,"key":"Adrenaline Potion"},{"floor":41,"key":"SkillPotion"},{"floor":42,"key":"ColorlessPotion"}],"is_trial":false,"path_per_floor":["M","M","?","$","?","E","R","E","T","E","?","M","R","E","R","B",null,"M","?","M","?","M","E","R","E","T","$","E","R","M","M","R","B",null,"M","?","?","M","?","R","M","E","T","R","E"],"character_chosen":"DEFECT","items_purchased":["Ball Lightning","reliquary:IridiumChain","Block Potion"],"campfire_rested":4,"item_purchase_floors":[27,27,27],"current_hp_per_floor":[64,64,64,64,69,69,69,67,67,63,63,60,60,51,51,1,57,44,44,44,38,19,9,31,27,27,27,18,40,43,30,52,29,64,52,37,45,15,15,40,50,74,74,74,0,0],"gold":297,"neow_bonus":"THREE_ENEMY_KILL","is_daily":false,"chose_seed":false,"campfire_upgraded":3,"win_rate":0.0,"timestamp":1613696046,"path_taken":["M","M","?","$","?","E","R","E","T","E","?","M","R","E","R","BOSS","M","?","?","?","M","E","R","E","T","$","E","R","M","M","R","BOSS","M","?","?","M","?","R","?","E","T","R","E"],"items_purchased_type":["Card","Relic","Potion"],"build_version":"2020-12-22","purchased_purges":1,"victory":false,"max_hp_per_floor":[71,71,71,71,76,76,76,76,76,76,76,76,76,76,76,76,76,76,76,76,76,76,76,76,76,76,76,76,76,76,76,76,76,76,76,76,84,84,84,84,84,84,84,84,84,84],"card_choices":[{"not_picked":["Go for the Eyes","Gash"],"picked":"Cold Snap","floor":1.0},{"not_picked":["BasicCrystalCard","Self Repair"],"picked":"Conserve Battery","floor":2.0},{"not_picked":["hubris:Ukulele","Stack"],"picked":"Cold Snap","floor":6.0},{"not_picked":["Auto Shields","Steam","Beam Cell"],"picked":"SKIP","floor":8.0},{"not_picked":["Core Surge","Darkness","hubris:PowerSurge"],"picked":"Biased Cognition","floor":10.0},{"not_picked":["Leap","Creative AI","Streamline"],"picked":"Conserve Battery","floor":12.0},{"not_picked":["Steam","Cold Snap","Chill"],"picked":"Glacier","floor":14.0},{"not_picked":["Rainbow","Creative AI","Multi-Cast"],"picked":"Core Surge","floor":16.0},{"not_picked":["Steam","Stack","Redo+1"],"picked":"Undo","floor":18.0},{"not_picked":["Static Discharge","Conserve Battery","Turbo","Sweeping Beam"],"picked":"SKIP","floor":20.0},{"not_picked":["Compile Driver","Coolheaded","ReplayTheSpireMod:Calculation Training"],"picked":"Streamline+1","floor":22.0},{"not_picked":["Chaos+1","Sunder","Cold Snap","Streamline"],"picked":"SKIP","floor":23.0},{"not_picked":["hubris:Ukulele","ReplayTheSpireMod:Repulse","Sweeping Beam"],"picked":"ReplayRNGCard","floor":25.0},{"not_picked":["Steam Power","Sweeping Beam+1","Stack"],"picked":"Panic Button","floor":28.0},{"not_picked":["ReplayTheSpireMod:Fabricate Wheel","Gash","Hologram"],"picked":"Loop+1","floor":30.0},{"not_picked":["hubris:Ukulele","Cold Snap","Conserve Battery","Turbo"],"picked":"SKIP","floor":31.0},{"not_picked":["Rainbow","Buffer","Seek"],"picked":"Electrodynamics","floor":33.0},{"not_picked":["Sweeping Beam","Conserve Battery","Genetic Algorithm"],"picked":"Self Repair+1","floor":35.0},{"not_picked":["Stack","Rebound","Time Bomb"],"picked":"Recycle+1","floor":38},{"not_picked":["Leap","Barrage","hubris:Prefetch"],"picked":"Steam Power","floor":41},{"not_picked":["Lockon+1","Doom and Gloom+1","Force Field"],"picked":"Recycle","floor":42}],"player_experience":698541,"relics_obtained":[{"floor":6.0,"key":"hubris:MysteriousPyramids"},{"floor":8.0,"key":"Question Card"},{"floor":9.0,"key":"reliquary:TatteredRug"},{"floor":10.0,"key":"reliquary:Boomerang"},{"floor":14.0,"key":"reliquary:FerryPass"},{"floor":16.0,"key":"Peace Pipe"},{"floor":23.0,"key":"Toy Ornithopter"},{"floor":25.0,"key":"Grinning Jar"},{"floor":26.0,"key":"ReplayTheSpireMod:Lightbulb"},{"floor":28.0,"key":"Torii"},{"floor":36,"key":"Emotion Chip"},{"floor":37,"key":"hubris:Spice"},{"floor":42,"key":"FossilizedHelix"}],"event_choices":[{"damage_healed":0.0,"max_hp_gain":5.0,"max_hp_loss":0.0,"gold_gain":0.0,"event_name":"Big Fish","player_choice":"Donut","floor":5.0,"gold_loss":0.0,"damage_taken":0.0},{"damage_healed":0.0,"max_hp_gain":0.0,"max_hp_loss":0.0,"gold_gain":0.0,"event_name":"WeMeetAgain","player_choice":"Paid Gold","floor":11.0,"gold_loss":77.0,"damage_taken":0.0,"relics_obtained":["Replay:Bottled Snecko"]},{"damage_healed":0.0,"max_hp_gain":0.0,"max_hp_loss":0.0,"gold_gain":0.0,"event_name":"betterThird:BetterNest","player_choice":"Dagger","floor":21.0,"gold_loss":0.0,"damage_taken":6.0,"cards_obtained":["RitualDagger"]},{"damage_healed":0.0,"max_hp_gain":0.0,"max_hp_loss":0.0,"gold_gain":0.0,"event_name":"Mysterious Sphere","player_choice":"Fight","floor":36.0,"gold_loss":0.0,"damage_taken":0.0},{"damage_healed":0,"gold_gain":0,"player_choice":"Fight","damage_taken":0,"max_hp_gain":0,"max_hp_loss":0,"event_name":"MindBloom","floor":37,"gold_loss":0},{"damage_healed":0,"gold_gain":0,"cards_transformed":["Strike_B"],"player_choice":"Transformed","damage_taken":0,"max_hp_gain":0,"max_hp_loss":0,"event_name":"Transmorgrifier","floor":39,"gold_loss":0,"cards_obtained":["Static Discharge"]}],"is_beta":false,"boss_relics":[{"not_picked":["reliquary:WritOfMandamus","hubris:VirtuousBlindfold"],"picked":"Replay:Grab Bag"},{"not_picked":["Painkiller Herb","Replay:Fungal Core"],"picked":"Velvet Choker"},{"not_picked":["Runic Dome","ReplayTheSpireMod:Onyx Gauntlets"],"picked":"reliquary:Craggleroot"},{"not_picked":["hubris:Backtick","SlaversCollar"],"picked":"Inserter"},{"not_picked":["reliquary:KinkedSpring","hubris:RunicObelisk"],"picked":"Cursed Key"}],"items_purged_floors":[4],"is_endless":false,"potions_floor_spawned":[6,14,16,20,22,25,35,41,42],"killed_by":"Giant Head","ascension_level":16}}