{"host":"gm50ke85n5jz306u","time":1613735474,"event":{"mods":["AchievementEnabler","AlwaysNeverKeys","Aspiration","BaseMod","Bestiary","Better Altar","Better Match","Better Note","Better Sensory Stone","Better Skull","Better Third Choice","Better Vampires","Better-Laid Plans","BetterRewards","Colored Powertips","Curses Come First","DNKmod","Decade(???)","Defuse TimeMaze Blight","Disable Question Mark Monsters","Displayed Cursed Tome","Downfall","Duelist Mod","Emptier Cage","Extra Virgin Snecko Oil","Filter the Spire","Friendly Minions","Gremlin Skip","Hermit","Hubris","Hyrulean Relics","Ironclad Rager","Jorbs\u0027s Wanderer Trilogy","KinomotoSakuraMod(????)","Koishi","Lobotomy","Marisa????????","Marked Mod","Minty Spire (QoL Compilation)","Permanent Neow","Poor People Problems","Quick Restart","Reimu??????","Relic Filter Mod","Relic Sorter","Remilia??????","Remove Card Discount Mod","Reorder Act Four","Replay The Spire","Shop Mod","StSLib","Synergy Search","Td1madao Mod","The Administrix","The Animator","The Blue Laboratory","The Bug Knight","The Construct","The Cursed","The Disciple","The Hierophant","The Necromancer","The Poker Player","The Runesmith","The Senshi","The Servant 0.9.4","Thieving Mod","Transform Curses","WarShipGirlsR/????R mod","Youmu??????"],"gold_per_floor":[1000,1015,1026,1026,475,491,491,471,471,489,508,518,538,229,248,347,347,347,363,363,363,373,357,380,394,410,251,275,312,335,353,372,476,476,476,493,493,508,535,1206,1206,1232,1232,1232,1232,1112,1112,1212,1212,1123,1152,1166],"floor_reached":53,"language":"ENG","playtime":5270,"items_purged":["Replay:Sluggish","Slimebound:Strike_Slimebound","Slimebound:Strike_Slimebound","Slimebound:Strike_Slimebound","Good Instincts","Slimebound:MassFeed+1","Slimebound:ComboTackle","Slimebound:MegaLick","theDuelist:OrbMetronome","Slimebound:Defend_Slimebound","Slimebound:Defend_Slimebound","Slimebound:Defend_Slimebound","Slimebound:Defend_Slimebound","Slimebound:ItLooksTasty","Slimebound:SplitLeeching","Slimebound:PressTheAttack","Slimebound:MinionMaster+1","Slimebound:PressTheAttack","Slimebound:Schlurp","Slimebound:Schlurp","Slimebound:LeadByExample+1","Slimebound:Repurpose+1","Slimebound:Split+1","Slimebound:SplitMire","Blind+1"],"score":800,"play_id":"b811ec48-712f-4a9e-b4c3-4c98ec08c8d0","local_time":"20210219125114","is_ascension_mode":false,"campfire_choices":[{"data":"Slimebound:Split","floor":9.0,"key":"SMITH"},{"data":"Blind","floor":18.0,"key":"SMITH"},{"data":"Slimebound:SpikyOuterGoop","floor":35,"key":"SMITH"},{"data":"Slimebound:Gluttony","floor":45,"key":"SMITH"},{"data":"Slimebound:Gluttony","floor":47,"key":"SMITH"}],"circlet_count":0,"master_deck":["Slimebound:TongueLash+1","Slimebound:TongueLash","Slimebound:LeechingTouch","Slimebound:ItLooksTasty","Slimebound:Schlurp","Slimebound:LeechingTouch+1","Slimebound:RejuvenatingLick+1","Slimebound:SpikyOuterGoop+1","Slimebound:Schlurp","Slimebound:RejuvenatingLick+1","Pot Of Greed","Pot Of Greed","Slimebound:GoopSpray","Apotheosis+1","Slimebound:GoopSpray","Pot Of Greed","Slimebound:Schlurp","Slimebound:Gluttony+1","Slimebound:ItLooksTasty+1","Slimebound:SamplingLick+1","Slimebound:Schlurp+1","Slimebound:Gluttony+1","Slimebound:SpikyOuterGoop+1"],"relics":["Slimebound:AbsorbEndCombat","ReplayTheSpireMod:Ninjato","InkBottle","Replay:Bandana","MerchantsRug","Membership Card","Tiny Chest","Replay:Bottled Eggs","Sozu","Strawberry","Guide Book","Philosopher\u0027s Stone","hubris:Towel","Question Card","aspiration:FetidBarrel","CrazyTorch:ReiMu","ReplayTheSpireMod:Shallot","ClockworkSouvenir"],"acts_visited":["Exordium","TheCity","TheBeyond"],"potions_floor_usage":[],"damage_taken":[{"damage":3.0,"enemies":"Jaw Worm","floor":2.0,"turns":6.0},{"damage":1.0,"enemies":"Cultist","floor":3.0,"turns":4.0},{"damage":5.0,"enemies":"downfall:FleeingMerchant","floor":5.0,"turns":4.0},{"damage":0.0,"enemies":"Small Slimes","floor":6.0,"turns":2.0},{"damage":4.0,"enemies":"3 Louse","floor":10.0,"turns":3.0},{"damage":7.0,"enemies":"2 Fungi Beasts","floor":11.0,"turns":3.0},{"damage":2.0,"enemies":"Gremlin Gang","floor":12.0,"turns":3.0},{"damage":0.0,"enemies":"Exordium Thugs","floor":13.0,"turns":3.0},{"damage":0.0,"enemies":"downfall:FleeingMerchant","floor":14.0,"turns":4.0},{"damage":3.0,"enemies":"Red Slaver","floor":15.0,"turns":2.0},{"damage":4.0,"enemies":"SI_SHIV_ARCHETYPE","floor":16.0,"turns":6.0},{"damage":9.0,"enemies":"downfall:LooterAlt2","floor":19.0,"turns":4.0},{"damage":7.0,"enemies":"Shell Parasite","floor":22.0,"turns":4.0},{"damage":1.0,"enemies":"downfall:FleeingMerchant","floor":23.0,"turns":4.0},{"damage":0,"enemies":"Snake Plant","floor":25,"turns":3},{"damage":18,"enemies":"Chosen and Byrds","floor":26,"turns":8},{"damage":6,"enemies":"downfall:FleeingMerchant","floor":27,"turns":4},{"damage":6,"enemies":"theDuelist:KaibaA2","floor":29,"turns":3},{"damage":24,"enemies":"Centurion and Healer","floor":30,"turns":4},{"damage":0,"enemies":"Snake Plant","floor":31,"turns":3},{"damage":1,"enemies":"Sentry and Sphere","floor":32,"turns":3},{"damage":0,"enemies":"WA_ARCHETYPE_CALM","floor":33,"turns":5},{"damage":9,"enemies":"3 Darklings","floor":36,"turns":5},{"damage":6,"enemies":"3 Shapes","floor":38,"turns":6},{"damage":0,"enemies":"Transient","floor":39,"turns":5},{"damage":0,"enemies":"downfall:FleeingMerchant","floor":40,"turns":1},{"damage":0,"enemies":"Sphere and 2 Shapes","floor":42,"turns":3},{"damage":2,"enemies":"Writhing Mass","floor":51,"turns":3},{"damage":0,"enemies":"DF_ARCHETYPE_ORBS","floor":52,"turns":5}],"seed_played":"-4130843322824845110","potions_obtained":[{"floor":2.0,"key":"ZuzhouPotion:ReiMu"},{"floor":4.0,"key":"downfall:CursedFountainPotion"},{"floor":6.0,"key":"blueLaboratory:AbyssPotion"},{"floor":11.0,"key":"Weak Potion"}],"is_trial":false,"path_per_floor":["R","M","M","?","$","M","T","?","R","M","M","M","M","$","M","B",null,"R","M","?","?","M","$","T","M","M","$","T","E","M","M","M","B",null,"R","M","?","M","M","$","T","M","PTL","PTL","R","$","R","?","T","?","M","B",null],"character_chosen":"SLIMEBOUND","items_purchased":["Slimebound:TongueLash","Orrery","Slimebound:LeechingTouch+1","Tiny Chest","ReplayTheSpireMod:ShopPack","Membership Card","MerchantsRug","Grinning Jar","Guide Book","Slimebound:ItLooksTasty+1","aspiration:SeaSaltIceCream","Slimebound:SplitLeeching","Question Card","aspiration:FetidBarrel","ReplayTheSpireMod:Ninjato","ClockworkSouvenir"],"campfire_rested":0,"item_purchase_floors":[5,5,5,5,5,14,14,14,23,27,27,27,40,40,46,50],"current_hp_per_floor":[65,69,69,69,68,69,69,69,69,69,64,69,69,69,69,65,69,69,66,66,73,72,75,75,76,58,60,60,62,46,50,53,61,76,76,71,71,73,76,76,76,76,76,76,76,76,76,76,76,76,76,76],"gold":1166,"neow_bonus":"TRANSFORM_TWO_CARDS","is_daily":false,"chose_seed":false,"campfire_upgraded":5,"win_rate":0.0,"timestamp":1613735474,"path_taken":["R","M","M","?","?","M","T","?","R","M","M","M","M","$","M","BOSS","R","M","?","?","M","$","T","M","M","$","?","E","M","?","M","BOSS","R","M","?","M","M","$","T","M","PTL","PTL","R","$","R","?","?","?","M","BOSS"],"items_purchased_type":["Card","Relic","Card","Relic","Relic","Relic","Relic","Relic","Relic","Card","Relic","Card","Relic","Relic","Relic","Relic"],"build_version":"2020-12-22","purchased_purges":25,"victory":true,"max_hp_per_floor":[65,69,69,69,69,69,69,69,69,69,69,69,69,69,69,69,69,69,69,69,76,76,76,76,76,76,76,76,76,76,76,76,76,76,76,76,76,76,76,76,76,76,76,76,76,76,76,76,76,76,76,76],"card_choices":[{"not_picked":["Slimebound:Nibble","Slimebound:SplitBruiser"],"picked":"Slimebound:SplitMire","floor":2.0},{"not_picked":["Slimebound:AcidTongue","Slimebound:LevelUp"],"picked":"Slimebound:TongueLash","floor":3.0},{"not_picked":["Slimebound:SlimeSpikes","Slimebound:FormOfPuddle","Slimebound:SlimeTap"],"picked":"SKIP","floor":5.0},{"not_picked":["Slimebound:RollThrough","Slimebound:SplitAcid"],"picked":"Slimebound:LeechingTouch","floor":5.0},{"not_picked":["Slimebound:SplitAcid","Slimebound:SplitMire"],"picked":"Slimebound:ItLooksTasty","floor":5.0},{"not_picked":["Slimebound:HauntingLick","Slimebound:MegaLick"],"picked":"Slimebound:PressTheAttack","floor":5.0},{"not_picked":["Slimebound:SlimeSpikes","Slimebound:Overexert"],"picked":"Slimebound:ItLooksTasty","floor":5.0},{"not_picked":["Slimebound:ViciousTackle","Slimebound:Replication"],"picked":"Slimebound:Schlurp","floor":5.0},{"not_picked":["Panache","Poisoned Strike"],"picked":"theDuelist:OrbMetronome","floor":5.0},{"not_picked":["Replay:BasicMightCard","Discovery"],"picked":"Blind","floor":5.0},{"not_picked":["Mind Blast","PanicButton"],"picked":"Good Instincts","floor":5.0},{"not_picked":["Slimebound:Prepare","Slimebound:ViciousTackle"],"picked":"Slimebound:RejuvenatingLick","floor":6.0},{"not_picked":["Slimebound:AcidTongue","Slimebound:Prepare"],"picked":"Slimebound:SpikyOuterGoop","floor":10.0},{"not_picked":["Slimebound:ForwardTackle","Slimebound:SlimeBarrage"],"picked":"Slimebound:MegaLick","floor":11.0},{"not_picked":["Slimebound:ComboTackle","Slimebound:Dissolve"],"picked":"Slimebound:Schlurp","floor":12.0},{"not_picked":["Slimebound:SplitLeeching","Slimebound:SplitMire"],"picked":"Slimebound:RejuvenatingLick","floor":13.0},{"not_picked":["Slimebound:SlimeSlap","Slimebound:RollThrough","Slimebound:SlimeSpikes"],"picked":"SKIP","floor":14.0},{"not_picked":["Slimebound:SlimeTap","Slimebound:GoopTackle"],"picked":"Slimebound:PressTheAttack","floor":15.0},{"not_picked":["Slimebound:DouseInSlime","Slimebound:DuplicatedForm"],"picked":"Slimebound:MinionMaster","floor":16.0},{"not_picked":["Slimebound:SplitAcid","Slimebound:LeechingTouch"],"picked":"Slimebound:GoopSpray","floor":19.0},{"not_picked":["Slimebound:LeechEnergy+1","Slimebound:MegaLick"],"picked":"Slimebound:GoopSpray","floor":22.0},{"not_picked":["Slimebound:ViciousTackle","Slimebound:Dissolve","Slimebound:Equalize+1"],"picked":"SKIP","floor":23},{"not_picked":["Slimebound:PressTheAttack+1","Slimebound:SplitBruiser"],"picked":"Slimebound:Schlurp","floor":25},{"not_picked":["Slimebound:SplitBruiser+1","Slimebound:Equalize","Slimebound:LeechEnergy"],"picked":"SKIP","floor":26},{"not_picked":["Slimebound:Prepare","Slimebound:WasteNot"],"picked":"Slimebound:Gluttony","floor":27},{"not_picked":["Slimebound:DisruptingSlam","Slimebound:LeadByExample"],"picked":"Slimebound:SamplingLick+1","floor":29},{"not_picked":["Slimebound:RainOfGoop+1","Slimebound:HauntingLick"],"picked":"Slimebound:Schlurp+1","floor":30},{"not_picked":["Slimebound:Equalize","Slimebound:FormOfPuddle+1"],"picked":"Slimebound:Gluttony","floor":31},{"not_picked":["Slimebound:RollThrough+1","Slimebound:AcidTongue","Slimebound:LeechEnergy+1"],"picked":"SKIP","floor":32},{"not_picked":["Slimebound:LeechingTouch+1","Slimebound:Prepare"],"picked":"Slimebound:Schlurp","floor":36},{"not_picked":["Slimebound:SplitLeeching+1","Slimebound:Grow+1"],"picked":"Slimebound:Schlurp","floor":38},{"not_picked":["Slimebound:PrepareCrush","Slimebound:Dissolve+1","Slimebound:FormOfPuddle"],"picked":"SKIP","floor":39},{"not_picked":["Slimebound:ItLooksTasty","Slimebound:SplitAcid+1"],"picked":"Slimebound:Repurpose+1","floor":40},{"not_picked":["Slimebound:SlimeBarrage","Slimebound:SlimeSpikes+1","Slimebound:Schlurp"],"picked":"Slimebound:LeadByExample+1","floor":42},{"not_picked":["Slimebound:SplitMire+1","Slimebound:DisruptingSlam+1","Slimebound:Prepare"],"picked":"Slimebound:SpikyOuterGoop+1","floor":51}],"player_experience":290196,"relics_obtained":[{"floor":7.0,"key":"Replay:Bottled Eggs"},{"floor":24,"key":"Replay:Baseball"},{"floor":28,"key":"Replay:Bandana"},{"floor":29,"key":"InkBottle"},{"floor":41,"key":"CrazyTorch:ReiMu"},{"floor":49,"key":"ReplayTheSpireMod:Shallot"}],"event_choices":[{"damage_healed":0.0,"max_hp_gain":0.0,"max_hp_loss":0.0,"gold_gain":0.0,"event_name":"betterNote:BetterNote","player_choice":"Take","floor":20.0,"gold_loss":0.0,"damage_taken":0.0,"cards_obtained":["Apotheosis"]}],"is_beta":false,"boss_relics":[{"not_picked":["Tiny House","hubris:HollowSoul"],"picked":"Sozu"},{"not_picked":["Snecko Eye","Cursed Key"],"picked":"Philosopher\u0027s Stone"}],"items_purged_floors":[5,5,5,5,5,5,5,14,14,27,27,27,27,27,27,40,40,40,40,40,50,50,50,50,50],"is_endless":false,"potions_floor_spawned":[2,6,11,15,16,19,22,29,31,33,42,51],"ascension_level":0}}