{"host":"y087t2reloz9bi43","time":1613699062,"event":{"mods":["2.2 Compatiblity","AchievementEnabler","Aspiration","BaseMod","Beaked The Cultist","Bestiary","Better Note","Better Vampires","BetterRewards","ChefMod","Clockwork Mod","Colored Map","Colored Powertips","Conspire","Downfall","Ekko","Fireblade Mod","Friendly Minions","GifTheSpireLib","Gold Saver","Gremlin Mod","Halation","Hermit","Hubris","Infinite Spire","Jedi Mod","JesterMod","Jorbs\u0027s Wanderer Trilogy","Mad Scientist","Marisa????????","Mimic Mod","Minty Spire (QoL Compilation)","Permanent Neow","Potionbrewer","Rare Cards Sparkle","Relic Stats","Reliquary","Replay The Spire","Robot Space Explorer","Shade Mod","Shop Mod","StSLib","The Alterego","The Blackbeard","The Bug Knight","The Construct","The Cursed","The Disciple","The Exalted","The Hierophant","The Marked","The Mystic","The Necromancer","The Runesmith","The Senshi","The Servant 0.9.4","TheFirefly","TheHero","TheVacant","Transform Curses","Uncapped","everything is the same but u backflip on backflip","thorton"],"gold_per_floor":[116,191,206,221,233,264,264,289,289,308,43,43,79,108,108,210,210,229,229,179,179,179,196,214,214,242,255,255,289,289,309,309,321,321,425,425,440,440,466,504,504,504,533,533,533,483,524,524,524,543,543,543,543,543,493,524,524],"floor_reached":58,"language":"ENG","playtime":6205,"items_purged":["potionbrewer:PotionbrewerStrike","potionbrewer:PotionbrewerStrike","Delirium","potionbrewer:PortableLab+1"],"score":1340,"play_id":"2d670bac-ec2e-4b87-a40d-5bc1681c78ae","local_time":"20210219014422","is_ascension_mode":false,"campfire_choices":[{"data":"potionbrewer:Collect","floor":7,"key":"SMITH"},{"data":"potionbrewer:TestFormula","floor":12,"key":"SMITH"},{"data":"potionbrewer:FlareUp","floor":15,"key":"SMITH"},{"data":"potionbrewer:TestFormula","floor":25,"key":"SMITH"},{"floor":30,"key":"RECALL"},{"data":"potionbrewer:FlareUp","floor":32,"key":"SMITH"},{"data":"potionbrewer:TestFormula","floor":34,"key":"SMITH"},{"data":"potionbrewer:PortableLab","floor":42,"key":"SMITH"},{"data":"potionbrewer:PrivateReserves","floor":44,"key":"SMITH"},{"data":"potionbrewer:AcidCloud","floor":48,"key":"SMITH"},{"floor":49,"key":"REST"},{"floor":51,"key":"DIG"},{"data":"potionbrewer:AnotherRound","floor":54,"key":"SMITH"}],"circlet_count":0,"master_deck":["potionbrewer:PotionbrewerDefend","potionbrewer:PotionbrewerDefend","potionbrewer:PotionbrewerDefend","potionbrewer:Collect+1","potionbrewer:ChemicalSpill","potionbrewer:AnotherRound+1","potionbrewer:DigDeep","potionbrewer:Shovel","potionbrewer:FlareUp+1","potionbrewer:Prototype","potionbrewer:Prototype","potionbrewer:TestFormula+1","potionbrewer:TestFormula+1","potionbrewer:ChemicalRage+1","potionbrewer:LabJournal","potionbrewer:Prototype","potionbrewer:Prototype","potionbrewer:IronHeart+1","potionbrewer:FlareUp+1","potionbrewer:TestFormula+1","potionbrewer:Prototype","potionbrewer:CausticBarrier+1","potionbrewer:ChokingPowder+1","potionbrewer:Prototype","potionbrewer:PrivateReserves+1","potionbrewer:AcidCloud+1","potionbrewer:FlareUp+1"],"relics":["potionbrewer:PotionKit","Blood Vial","potionbrewer:RamsHorn","Incense Burner","potionbrewer:ToyAutogyro","Smiling Mask","FossilizedHelix","reliquary:WritOfMandamus","jedi:firstaidkit","jedi:arcanewood","construct:ClawGrip","Ring of Misfortune","ReplayTheSpireMod:Ring of Challenge","hubris:MedicalManual","jedi:ashlotus","Empty Cage","CaptainsWheel","jedi:archwizardhat","reliquary:SharkskinSheath","jedi:Pinwheel"],"acts_visited":["Exordium","TheCity","TheBeyond","TheEnding"],"potions_floor_usage":[3,4,5,6,6,6,6,8,8,13,14,14,16,16,16,16,16,23,23,24,24,26,26,27,29,29,29,31,33,35,35,37,37,40,40,43,52,52,52,52,52,56,56,57,57],"damage_taken":[{"damage":5,"enemies":"Cultist","floor":1,"turns":4},{"damage":1,"enemies":"Jaw Worm","floor":3,"turns":5},{"damage":0,"enemies":"conspire:RoseBush","floor":4,"turns":4},{"damage":1,"enemies":"2 Fungi Beasts","floor":5,"turns":4},{"damage":9,"enemies":"HollowMod:MossKnight","floor":6,"turns":4},{"damage":13,"enemies":"Replay:BlueRogue","floor":8,"turns":10},{"damage":6,"enemies":"3 Louse","floor":10,"turns":4},{"damage":0,"enemies":"Exordium Thugs","floor":13,"turns":4},{"damage":0,"enemies":"Gremlin Nob","floor":14,"turns":4},{"damage":0,"enemies":"Fading Forest","floor":16,"turns":11},{"damage":1,"enemies":"Chosen","floor":18,"turns":4},{"damage":10,"enemies":"2 Thieves","floor":23,"turns":4},{"damage":23,"enemies":"Snake Plant","floor":24,"turns":3},{"damage":0,"enemies":"HollowMod:Nosk","floor":26,"turns":6},{"damage":0,"enemies":"Snecko","floor":27,"turns":5},{"damage":0,"enemies":"Slavers","floor":29,"turns":3},{"damage":15,"enemies":"Centurion and Healer","floor":31,"turns":5},{"damage":0,"enemies":"conspire:HollyBat","floor":33,"turns":6},{"damage":12,"enemies":"conspire:MysteriousRune","floor":35,"turns":7},{"damage":23,"enemies":"3 Shapes","floor":37,"turns":5},{"damage":0,"enemies":"Orb Walker","floor":39,"turns":3},{"damage":0,"enemies":"Spire Growth","floor":40,"turns":8},{"damage":0,"enemies":"Spire Growth","floor":43,"turns":4},{"damage":0,"enemies":"Sphere and 2 Shapes","floor":50,"turns":4},{"damage":21,"enemies":"Awakened One","floor":52,"turns":7},{"damage":17,"enemies":"Shield and Spear","floor":56,"turns":8},{"damage":73,"enemies":"The Heart","floor":57,"turns":9}],"seed_played":"7360458652092124089","potions_obtained":[{"floor":1,"key":"BlessingOfTheForge"},{"floor":5,"key":"Languid Potion"},{"floor":10,"key":"Toxic Potion"},{"floor":14,"key":"AttackPotion"},{"floor":16,"key":"Elixir"},{"floor":23,"key":"AttackPotion"},{"floor":26,"key":"Dexterity Potion"},{"floor":27,"key":"Fire Potion"},{"floor":33,"key":"jedi:tentaclejuice"},{"floor":35,"key":"SteroidPotion"},{"floor":39,"key":"Adrenaline Potion"},{"floor":56,"key":"jedi:wingpotion"}],"is_trial":false,"path_per_floor":["M","?","M","M","M","E","R","E","T","M","$","R","MIM","E","R","B",null,"M","?","$","PTL","PTL","M","M","R","E","M","T","E","R","M","R","M","R","B",null,"M","?","M","MIM","AVR","R","M","R","T","$","?","R","R","M","R_BF","B",null,"R","$","E","B",null],"character_chosen":"POTIONBREWER","items_purchased":["potionbrewer:ToyAutogyro","potionbrewer:TestFormula","potionbrewer:ChemicalRage+1"],"campfire_rested":1,"item_purchase_floors":[11,11,11],"current_hp_per_floor":[70,63,62,62,61,52,52,41,41,37,37,37,39,41,41,43,75,74,74,74,74,74,65,44,44,46,48,48,50,50,40,40,42,42,35,75,57,57,59,61,61,61,63,63,63,63,63,63,75,75,75,72,75,75,75,75,32],"gold":524,"neow_bonus":"RANDOM_EVENT","is_daily":false,"chose_seed":false,"campfire_upgraded":10,"win_rate":0.0,"timestamp":1613699062,"path_taken":["M","?","?","?","M","E","R","E","T","M","$","R","?","E","R","BOSS","M","?","?","PTL","PTL","M","M","R","E","M","T","E","R","M","R","M","R","BOSS","M","?","?","?","AVR","R","M","R","T","?","?","?","R","M","R_BF","BOSS","R","$","E","BOSS"],"items_purchased_type":["Relic","Card","Card"],"build_version":"2020-12-22","purchased_purges":4,"victory":true,"max_hp_per_floor":[75,75,75,75,75,75,75,75,75,75,75,75,75,75,75,75,75,75,75,75,75,75,75,75,75,75,75,75,75,75,75,75,75,75,75,75,75,75,75,75,75,75,75,75,75,75,75,75,75,75,75,75,75,75,75,75,75],"relic_stats":{"Blood Vial":31,"counters":[27,145],"Smiling Mask":150,"obtain_stats":[{"construct:ClawGrip":36,"hubris:MedicalManual":40,"Incense Burner":9,"potionbrewer:ToyAutogyro":11,"jedi:archwizardhat":47,"jedi:Pinwheel":56,"Smiling Mask":13,"Empty Cage":41,"potionbrewer:PotionKit":0,"Blood Vial":6,"potionbrewer:RamsHorn":8,"CaptainsWheel":45,"jedi:firstaidkit":26,"Ring of Misfortune":38,"jedi:ashlotus":41,"reliquary:WritOfMandamus":17,"ReplayTheSpireMod:Ring of Challenge":38,"jedi:arcanewood":29,"FossilizedHelix":14,"reliquary:SharkskinSheath":51},{"construct:ClawGrip":19,"hubris:MedicalManual":22,"Incense Burner":6,"potionbrewer:ToyAutogyro":7,"jedi:archwizardhat":23,"jedi:Pinwheel":26,"Smiling Mask":8,"Empty Cage":22,"potionbrewer:PotionKit":0,"Blood Vial":5,"potionbrewer:RamsHorn":6,"CaptainsWheel":23,"jedi:firstaidkit":14,"Ring of Misfortune":20,"jedi:ashlotus":22,"reliquary:WritOfMandamus":10,"ReplayTheSpireMod:Ring of Challenge":20,"jedi:arcanewood":16,"FossilizedHelix":9,"reliquary:SharkskinSheath":24},{"construct:ClawGrip":97,"hubris:MedicalManual":113,"Incense Burner":31,"potionbrewer:ToyAutogyro":35,"jedi:archwizardhat":117,"jedi:Pinwheel":136,"Smiling Mask":39,"Empty Cage":113,"potionbrewer:PotionKit":0,"Blood Vial":21,"potionbrewer:RamsHorn":31,"CaptainsWheel":117,"jedi:firstaidkit":71,"Ring of Misfortune":102,"jedi:ashlotus":113,"reliquary:WritOfMandamus":54,"ReplayTheSpireMod:Ring of Challenge":102,"jedi:arcanewood":79,"FossilizedHelix":43,"reliquary:SharkskinSheath":121}]},"card_choices":[{"not_picked":["potionbrewer:OneTwoPunch","potionbrewer:AcidCloud"],"picked":"potionbrewer:AnotherRound","floor":1},{"not_picked":["potionbrewer:ChemicalWeapons","potionbrewer:Smack"],"picked":"potionbrewer:DigDeep","floor":3},{"not_picked":["potionbrewer:ChokingPowder","potionbrewer:QuickStep"],"picked":"potionbrewer:Shovel","floor":4},{"not_picked":["potionbrewer:VolatileSolution","potionbrewer:Toxicity","potionbrewer:Prototype"],"picked":"potionbrewer:FlareUp","floor":5},{"not_picked":["potionbrewer:FuelCell","potionbrewer:Biohazard","potionbrewer:TestFormula"],"picked":"potionbrewer:Prototype","floor":6},{"not_picked":["potionbrewer:Biohazard","potionbrewer:FlashPowder","potionbrewer:ChainReaction"],"picked":"potionbrewer:Prototype","floor":8},{"not_picked":["potionbrewer:Shovel","potionbrewer:FlashPowder"],"picked":"potionbrewer:TestFormula","floor":10},{"not_picked":["potionbrewer:LeftoverSpecimen","potionbrewer:DigDeep","potionbrewer:Prototype"],"picked":"potionbrewer:LabJournal","floor":13},{"not_picked":["potionbrewer:Refill","potionbrewer:FortifiedSerum","potionbrewer:ChokingPowder"],"picked":"potionbrewer:Prototype","floor":14},{"not_picked":["potionbrewer:Transmute","potionbrewer:IronFlesh","potionbrewer:Hoarder"],"picked":"potionbrewer:Prototype","floor":16},{"not_picked":["potionbrewer:FlashPowder","potionbrewer:LabJournal","potionbrewer:Biohazard"],"picked":"SKIP","floor":18},{"not_picked":["potionbrewer:ChemicalWeapons","potionbrewer:Toxicity"],"picked":"potionbrewer:PortableLab","floor":23},{"not_picked":["potionbrewer:OneTwoPunch+1","potionbrewer:Shovel","potionbrewer:Prototype"],"picked":"potionbrewer:IronHeart+1","floor":24},{"not_picked":["potionbrewer:FortifiedSerum+1","potionbrewer:BlindingMist","potionbrewer:Prototype"],"picked":"potionbrewer:FlareUp","floor":26},{"not_picked":["potionbrewer:ExplosiveReaction","potionbrewer:OneTwoPunch"],"picked":"potionbrewer:TestFormula","floor":27},{"not_picked":["potionbrewer:ChemicalWeapons","potionbrewer:UnstableFormula+1","potionbrewer:BalancedFormula"],"picked":"SKIP","floor":29},{"not_picked":["potionbrewer:WizBang+1","potionbrewer:QuickStep","potionbrewer:Smokescreen"],"picked":"potionbrewer:Prototype","floor":31},{"not_picked":["potionbrewer:Refill","potionbrewer:QuickStep"],"picked":"potionbrewer:CausticBarrier+1","floor":33},{"not_picked":["potionbrewer:Contingency+1","potionbrewer:OneTwoPunch+1","potionbrewer:Biohazard+1"],"picked":"SKIP","floor":37},{"not_picked":["potionbrewer:Smokescreen+1","potionbrewer:BlindingMist+1"],"picked":"potionbrewer:ChokingPowder+1","floor":39},{"not_picked":["potionbrewer:ExothermicReaction","potionbrewer:ExplosiveReaction+1","potionbrewer:QuickStep"],"picked":"potionbrewer:Prototype","floor":40},{"not_picked":["potionbrewer:QuickStep","potionbrewer:Biohazard+1"],"picked":"potionbrewer:PrivateReserves","floor":43},{"not_picked":["potionbrewer:TwoForOne","potionbrewer:FortifiedSerum+1"],"picked":"potionbrewer:AcidCloud","floor":47},{"not_picked":["potionbrewer:HazardousMaterials","potionbrewer:UnstableFormula","potionbrewer:Contingency+1"],"picked":"SKIP","floor":50},{"not_picked":["potionbrewer:UnstableFormula","potionbrewer:AnotherRound+1"],"picked":"potionbrewer:FlareUp+1","floor":56}],"player_experience":512633,"relics_obtained":[{"floor":6,"key":"Blood Vial"},{"floor":8,"key":"potionbrewer:RamsHorn"},{"floor":9,"key":"Incense Burner"},{"floor":13,"key":"Smiling Mask"},{"floor":14,"key":"FossilizedHelix"},{"floor":26,"key":"jedi:firstaidkit"},{"floor":29,"key":"jedi:arcanewood"},{"floor":38,"key":"Ring of Misfortune"},{"floor":38,"key":"ReplayTheSpireMod:Ring of Challenge"},{"floor":40,"key":"hubris:MedicalManual"},{"floor":45,"key":"CaptainsWheel"},{"floor":47,"key":"jedi:archwizardhat"},{"floor":51,"key":"reliquary:SharkskinSheath"},{"floor":56,"key":"jedi:Pinwheel"}],"event_choices":[{"damage_healed":0,"gold_gain":75,"player_choice":"Touch","damage_taken":7,"max_hp_gain":0,"max_hp_loss":0,"event_name":"FaceTrader","floor":2,"gold_loss":0},{"damage_healed":0,"gold_gain":0,"player_choice":"Bought 0 Potions","damage_taken":0,"max_hp_gain":0,"max_hp_loss":0,"event_name":"The Woman in Blue","floor":19,"gold_loss":0}],"is_beta":false,"boss_relics":[{"not_picked":["Cursed Key","halation:HeavySnake"],"picked":"reliquary:WritOfMandamus"},{"not_picked":["Runic Dome","aspiration:FutureDiary"],"picked":"construct:ClawGrip"}],"items_purged_floors":[20,41,46,55],"is_endless":false,"potions_floor_spawned":[1,5,10,14,16,23,26,27,33,35,39,56],"ascension_level":0}}