{"host":"kv06jx36eid0zw4n","time":1613755400,"event":{"mods":["AchievementEnabler","Act Like it!","Aspiration","BaseMod","Beaked The Cultist","Better Note","Better Skull","Better Third Choice","BetterRewards","Block Reminder","Bossed Relics","CCEM2","Colored Map","Conspire","Curses Come First","Dota2Spire","Elementarium","Energized Spire","Fox Events","Friendly Minions","Gensokyo","GifTheSpireLib","Glutton Mod","GungeonMod","Halation","Hallownest","Hermit","Hubris","Infinite Spire","Key Reminder","KomeijiMod","Lobotomy","LobotomyExtend","Menagerie","Mimic Mod","Minty Spire (QoL Compilation)","MostiFishMod","Pale of the Ancients","Quarter Circle Forward PUNCH!","Rare Cards Sparkle","Reliquary","Replay The Spire","Ruina","RumiaBox-????????","Small Relic Pack","Spicy Shops","StSLib","Stuff the Spire","The Blue Laboratory","The Cursed","Trackpad","Uncapped","Wandering Minibosses","Wide Potions","[IsaacMod]????"],"gold_per_floor":[112,35,55,68,68,96,96,122,155,171,189,217,230,230,230,301,301,312,327,327,327,347,455,455,755,826,958,978,1114,1133,1148,1148,1223,1223,1233,1283,1283,1297,1317,1317,1331,1343,1369,1369,1369,430,542,556,556,756,756],"floor_reached":50,"language":"ENG","playtime":5173,"items_purged":["Writhe"],"score":1846,"play_id":"809ef7b9-0031-4682-9c48-67eb643b18d8","local_time":"20210219182320","is_ascension_mode":true,"campfire_choices":[{"floor":7,"key":"RECALL"},{"data":"DoctorFetus","floor":15,"key":"SMITH"},{"data":"After Image","floor":24,"key":"SMITH"},{"data":"Noxious Fumes","floor":32,"key":"SMITH"},{"data":"MostiFishMod:WinterMarkForm","floor":40,"key":"SMITH"},{"data":"MostiFishMod:WinterMarkForm","floor":45,"key":"SMITH"},{"data":"MostiFishMod:FullyArmed","floor":49,"key":"SMITH"}],"circlet_count":0,"master_deck":["AscendersBane","Strike_G","Strike_G","Strike_G","Strike_G","Defend_G","Defend_G","Defend_G","Defend_G","Defend_G","Survivor","Neutralize","DoctorFetus+1","Defend_P","SpecialBullet","infinitespire:Neurotoxin","Sucker Punch","MostiFishMod:WinterMarkForm+1","PiercingWail","StuffTheSpire:MirrorStance","Phantasmal Killer","Slice","Deadly Poison","PiercingWail","MostiFishMod:VineMother","Outmaneuver","StuffTheSpire:BrimstoneBlast","Atom Bomb","PiercingWail","MostiFishMod:PerfectParry","ReplayTheSpireMod:Echoes of Time","Sickly","conspire:PoisonWeapons","After Image+1","Bane","PiercingWail","Noxious Fumes+1","ruina:Smile","ruina:Lumber","MostiFishMod:PerfectParry","Backstab","Corpse Explosion","Caltrops","Terror","MostiFishMod:WinterMarkForm+1","StuffTheSpire:Python","Terror","MostiFishMod:PerfectParry","MostiFishMod:PerfectParry","conspire:PoisonWeapons+1","StuffTheSpire:MirrorStance","Venomology","Gensokyo:MysteriousEgg","Gensokyo:BlemishedSteel","Gensokyo:LockedMedkit","Gensokyo:SlitMouthedWoman","Footwork"],"relics":["Ring of the Snake","DaveBox","HushsDoor","BirthdayGift-Tetrahedron","BookofShadows","SynthV:TestCard","LetterFromLob","aspiration:TomeofQuesting","Dota2Spire:PhaseBoots","reliquary:TatteredRug","SoulBox","StuffTheSpire:TintedRock","Ring of Peace","Ring of Misfortune","hubris:NiceRug","reliquary:FerryPass","Vajra","TheAbacus","reliquary:RosewoodLute","qcfpunch:White_Boots","hubris:HerbalPaste","halation:TwoAmDonut","reliquary:PartyBalloon","DemoMod:GlassGuonStoneRelic","reliquary:HotPoker","Replay:Bronze Core","qcfpunch:Red_Gi","reliquary:RoseTintedGlasses","trackpad:SappingStone","TwistedFunnel","halation:Sosunser","MostiFishMod:AdaptiveDefenses","halation:SelfBoilingWater","BelialBook"],"acts_visited":["Hallownest:Greenpath","ruina:Briah","Gensokyo:Gensokyoest"],"potions_floor_usage":[6,16,22,27,28,31,33,35,47,48,50],"damage_taken":[{"damage":4,"enemies":"Hallownest:2_MossCreeps","floor":1,"turns":3},{"damage":2,"enemies":"Hallownest:monsterHuskWarrior","floor":3,"turns":2},{"damage":2,"enemies":"Hallownest:2_Tiktiks_and_1_Crawlid","floor":4,"turns":2},{"damage":4,"enemies":"Hallownest:eliteVengeflyKing","floor":6,"turns":3},{"damage":4,"enemies":"Hallownest:eliteCrystalGuardian","floor":8,"turns":3},{"damage":4,"enemies":"Hallownest:Guard_and_Warrior","floor":9,"turns":3},{"damage":4,"enemies":"Hallownest:Guard_and_Warrior","floor":10,"turns":3},{"damage":2,"enemies":"Hallownest:monsterMossCharger","floor":11,"turns":2},{"damage":6,"enemies":"Hallownest:eliteMossKnight","floor":12,"turns":4},{"damage":2,"enemies":"Hallownest:1_Baldur_1_Crawlid_1_Warrior","floor":13,"turns":2},{"damage":10,"enemies":"Hallownest:BossFalseKnight","floor":16,"turns":5},{"damage":2,"enemies":"ruina:3_Bats","floor":18,"turns":2},{"damage":7,"enemies":"ruina:2_Scarecrows","floor":19,"turns":2},{"damage":8,"enemies":"ruina:KnightOfDespair","floor":22,"turns":3},{"damage":7,"enemies":"ruina:ServantOfWrath","floor":23,"turns":3},{"damage":2,"enemies":"hubris:Merchant","floor":25,"turns":5},{"damage":8,"enemies":"ruina:Mountain","floor":27,"turns":5},{"damage":0,"enemies":"ruina:3_Scarecrows","floor":28,"turns":2},{"damage":1,"enemies":"Nightmare","floor":29,"turns":4},{"damage":3,"enemies":"ruina:Nos_and_Bat","floor":30,"turns":3},{"damage":3,"enemies":"ruina:KnightOfDespair","floor":31,"turns":3},{"damage":11,"enemies":"ruina:Red_and_Wolf","floor":33,"turns":5},{"damage":1,"enemies":"Gensokyo:3_Boulders","floor":35,"turns":2},{"damage":1,"enemies":"Hiden Room Battle","floor":36,"turns":2},{"damage":1,"enemies":"Gensokyo:AncientGuardian","floor":38,"turns":3},{"damage":3,"enemies":"Gensokyo:AtlasGolem","floor":39,"turns":3},{"damage":4,"enemies":"Gensokyo:Rafflesia","floor":41,"turns":3},{"damage":0,"enemies":"Gensokyo:SeedOfUnknown","floor":42,"turns":3},{"damage":9,"enemies":"Gensokyo:Kasen","floor":47,"turns":3},{"damage":0,"enemies":"Gensokyo:4_Bats","floor":48,"turns":3},{"damage":10,"enemies":"Gensokyo:Scarlet_Devils","floor":50,"turns":7}],"seed_played":"-4175199490590060518","potions_obtained":[{"floor":3,"key":"DemoMod:LeadSkinPotion"},{"floor":4,"key":"Regen Potion"},{"floor":13,"key":"Dexterity Potion"},{"floor":18,"key":"CultistPotion"},{"floor":25,"key":"Dexterity Potion"},{"floor":25,"key":"SteroidPotion"},{"floor":27,"key":"SkillPotion"},{"floor":29,"key":"blueLaboratory:BlinkPotion"},{"floor":30,"key":"DuplicationPotion"},{"floor":33,"key":"blueLaboratory:ArtistsPotion"},{"floor":41,"key":"blueLaboratory:NinjaPotion"},{"floor":42,"key":"Venom Potion"},{"floor":47,"key":"blueLaboratory:PolymorphPotion"},{"floor":48,"key":"CunningPotion"}],"is_trial":false,"path_per_floor":["M","$","M","M","?","E","R","E","MIM","M","M","E","M","?","R","B",null,"M","M","AVR","?","M","E","R","$","T","E","M","NM","M","M","R","B",null,"M","?","?","M","M","R","M","M","T","?","R","COS","E","M","R","B"],"character_chosen":"THE_SILENT","items_purchased":["MostiFishMod:WinterMarkForm"],"campfire_rested":0,"item_purchase_floors":[2],"current_hp_per_floor":[55,55,53,51,59,64,64,60,56,52,50,44,42,42,42,32,64,62,55,55,55,47,40,40,38,38,36,41,46,48,50,50,45,67,71,73,59,63,65,65,66,71,71,71,71,71,68,73,73,66,66],"gold":756,"neow_bonus":"THREE_RARE_CARDS","is_daily":false,"chose_seed":false,"campfire_upgraded":6,"win_rate":0.0,"timestamp":1613755400,"path_taken":["M","$","M","M","?","E","R","E","MIM","M","M","E","M","?","R","BOSS","M","M","AVR","?","?","E","R","$","T","E","M","NM","M","M","R","BOSS","M","?","?","M","M","R","M","M","T","?","R","COS","E","M","R","BOSS"],"items_purchased_type":["Card"],"build_version":"2020-12-22","purchased_purges":1,"victory":false,"max_hp_per_floor":[66,66,66,66,74,74,74,74,74,74,74,74,74,74,74,74,74,74,74,74,74,74,74,74,74,74,74,74,74,74,74,74,74,74,74,74,74,74,74,74,74,74,74,74,74,74,74,74,74,74,74],"card_choices":[{"not_picked":[],"picked":"DoctorFetus","floor":0},{"not_picked":["MostiFishMod:LethalBlade","Wraith Form v2"],"picked":"infinitespire:Neurotoxin","floor":0},{"not_picked":["hubris:SlightOfHand","StuffTheSpire:BumpUp"],"picked":"Sucker Punch","floor":1},{"not_picked":["StuffTheSpire:Injection","StuffTheSpire:Python","Reflex","Eviscerate"],"picked":"PiercingWail","floor":3},{"not_picked":["Expertise","MostiFishMod:Listen","Deadly Poison","Bane"],"picked":"StuffTheSpire:MirrorStance","floor":4},{"not_picked":["Poisoned Stab","Skewer","MostiFishMod:PoisonShield","hubris:Sniper"],"picked":"Phantasmal Killer","floor":6},{"not_picked":["Tools of the Trade","Dagger Throw","hubris:Sniper","Concentrate"],"picked":"Slice","floor":8},{"not_picked":["Fluid Movement","Prepared","Hidden Blade","StuffTheSpire:Injection"],"picked":"Deadly Poison","floor":9},{"not_picked":["Deadly Poison","Skewer","MostiFishMod:PoisonShield","Tools of the Trade"],"picked":"PiercingWail","floor":10},{"not_picked":["StuffTheSpire:Python","Blade Dance","StuffTheSpire:ClusterCrunch","Cloak And Dagger"],"picked":"MostiFishMod:VineMother","floor":11},{"not_picked":["Escape Plan","Sucker Punch","Blur","Underhanded Strike"],"picked":"Outmaneuver","floor":12},{"not_picked":["Dodge and Roll","StuffTheSpire:Repulse","Blade Dance","Dagger Spray"],"picked":"StuffTheSpire:BrimstoneBlast","floor":13},{"not_picked":["StuffTheSpire:FinalStruggle","MostiFishMod:Listen","Glass Knife","Bullet Time"],"picked":"Atom Bomb","floor":16},{"not_picked":["Dagger Throw","Sucker Punch","Dagger Spray","Concentrate"],"picked":"PiercingWail","floor":18},{"not_picked":["Bane","Backflip","Deflect","Blade Dance"],"picked":"MostiFishMod:PerfectParry","floor":19},{"not_picked":["Setup","Crippling Poison+1","Blade Dance","Quick Slash"],"picked":"conspire:PoisonWeapons","floor":22},{"not_picked":["ReplayTheSpireMod:Tripwire","Underhanded Strike","StuffTheSpire:Incursion","Blade Dance"],"picked":"After Image","floor":23},{"not_picked":[],"picked":"Bane","floor":25},{"not_picked":[],"picked":"PiercingWail","floor":25},{"not_picked":[],"picked":"Noxious Fumes","floor":25},{"not_picked":[],"picked":"ruina:Smile","floor":25},{"not_picked":[],"picked":"ruina:Lumber","floor":25},{"not_picked":["All Out Attack"],"picked":"SKIP","floor":25},{"not_picked":["Leg Sweep"],"picked":"SKIP","floor":25},{"not_picked":["Slice","Underhanded Strike","conspire:DoublingDagger","Cloak And Dagger"],"picked":"MostiFishMod:PerfectParry","floor":27},{"not_picked":["Underhanded Strike+1","Eviscerate","Blade Dance","StuffTheSpire:BumpUp"],"picked":"Backstab","floor":28},{"not_picked":["Poisoned Stab","Dash","MostiFishMod:FullyArmed","Calculated Gamble+1"],"picked":"Corpse Explosion","floor":29},{"not_picked":["Dagger Spray","hubris:SlightOfHand+1","Slice","Escape Plan"],"picked":"Caltrops","floor":30},{"not_picked":["Backstab","Hidden Blade","MostiFishMod:HiddenBlade","conspire:DoublingDagger"],"picked":"Terror","floor":31},{"not_picked":["MostiFishMod:Listen","infinitespire:Neurotoxin","Grand Finale","ReplayTheSpireMod:From All Sides"],"picked":"MostiFishMod:WinterMarkForm","floor":33},{"not_picked":["Masterful Stab+1","Slice","StuffTheSpire:Repulse","Outmaneuver"],"picked":"StuffTheSpire:Python","floor":35},{"not_picked":["Dodge and Roll","Deflect","StuffTheSpire:Python","Underhanded Strike"],"picked":"Terror","floor":36},{"not_picked":["Dodge and Roll","Setup+1","Outmaneuver","Backflip+1"],"picked":"MostiFishMod:PerfectParry","floor":38},{"not_picked":["Flechettes+1","Quick Slash","Blade Dance","ReplayTheSpireMod:Exploit Weakness"],"picked":"MostiFishMod:PerfectParry","floor":39},{"not_picked":["Dodge and Roll","Prepared","ReplayTheSpireMod:Exploit Weakness","Dagger Throw+1"],"picked":"conspire:PoisonWeapons+1","floor":41},{"not_picked":["Poisoned Stab","MostiFishMod:Listen","Backstab","Sneak Up"],"picked":"StuffTheSpire:MirrorStance","floor":42},{"not_picked":["ReplayTheSpireMod:Tripwire+1","StuffTheSpire:Repulse","Calculated Gamble","Dagger Spray"],"picked":"MostiFishMod:FullyArmed","floor":47},{"not_picked":["Flying Knee+1","Distraction","Prepared","Underhanded Strike"],"picked":"Footwork","floor":48}],"player_experience":1665143,"relics_obtained":[{"floor":1,"key":"SynthV:TestCard"},{"floor":1,"key":"LetterFromLob"},{"floor":6,"key":"aspiration:TomeofQuesting"},{"floor":8,"key":"Dota2Spire:PhaseBoots"},{"floor":12,"key":"reliquary:TatteredRug"},{"floor":21,"key":"Ring of Peace"},{"floor":21,"key":"Ring of Misfortune"},{"floor":25,"key":"reliquary:FerryPass"},{"floor":25,"key":"Vajra"},{"floor":25,"key":"TheAbacus"},{"floor":25,"key":"reliquary:RosewoodLute"},{"floor":25,"key":"qcfpunch:White_Boots"},{"floor":25,"key":"hubris:HerbalPaste"},{"floor":26,"key":"halation:TwoAmDonut"},{"floor":27,"key":"reliquary:PartyBalloon"},{"floor":29,"key":"reliquary:HotPoker"},{"floor":36,"key":"qcfpunch:Red_Gi"},{"floor":36,"key":"reliquary:RoseTintedGlasses"},{"floor":43,"key":"trackpad:SappingStone"},{"floor":47,"key":"halation:SelfBoilingWater"}],"event_choices":[{"damage_healed":0,"gold_gain":0,"player_choice":"Fight","damage_taken":0,"max_hp_gain":0,"max_hp_loss":0,"event_name":"HidenRoomEvent","floor":36,"gold_loss":0}],"is_beta":false,"boss_relics":[{"not_picked":["FixedStarFall","infinitespire:Cupcake"],"picked":"SoulBox"},{"not_picked":[]},{"not_picked":["hubris:VirtuousBlindfold","energizedSpire:HugeHouse"],"picked":"Replay:Bronze Core"},{"not_picked":[]}],"items_purged_floors":[20],"is_endless":false,"potions_floor_spawned":[3,4,12,13,18,22,27,29,30,33,41,42,47,48],"killed_by":"Gensokyo:Scarlet_Devils","ascension_level":15}}