{"host":"z3m7ofiwbo1p8b5b","time":1613725457,"event":{"mods":["BaseMod","BetterRewards","Downfall","Duelist Mod","Marisa????????","Minty Spire (QoL Compilation)","Replay The Spire","StSLib","The Disciple","The Mystic","The Servant 0.9.4"],"gold_per_floor":[143,158,333,333,350,350,380,132,158,158,168,243,262,290,290,390,390,402,402,302,302,302,302,3,64,64,80,94,106,119,136,136,231,231,248,248,174,174,0,29,5,5,53,53,85,85,98,111,111,111],"floor_reached":51,"language":"ENG","playtime":4255,"items_purged":["Doubt","downfall:Bewildered"],"score":765,"play_id":"d4f63ed2-c682-46ce-ad37-3f8f979a06ac","local_time":"20210219040417","is_ascension_mode":false,"campfire_choices":[{"data":"theDuelist:MagiciansRod","floor":6,"key":"SMITH"},{"floor":15,"key":"REST"},{"data":"theDuelist:MagiciansRod","floor":23,"key":"SMITH"},{"floor":32,"key":"REST"},{"floor":46,"key":"REST"},{"floor":49,"key":"REST"}],"circlet_count":0,"master_deck":["theDuelist:CastleWalls","theDuelist:DarkMagician","theDuelist:MysticalElf","theDuelist:MysticalElf","theDuelist:NeoMagic","theDuelist:NeoMagic","theDuelist:Sparks","theDuelist:Sparks","theDuelist:Sparks","m_Survivalism","Strike_MRS","theDuelist:RedMedicine","theDuelist:MagiciansRod+1","theDuelist:GraniteLoyalist","theDuelist:MagicalBlast","theDuelist:MagiciansRod+1","theDuelist:FairyBox+1","theDuelist:ApprenticeIllusionMagician","theDuelist:RainbowMagician+1","theDuelist:InvitationDarkSleep","theDuelist:InvitationDarkSleep","theDuelist:FuryFire","theDuelist:PowerKaishin+1","theDuelist:MagiciansRobe","theDuelist:MirrorForce","theDuelist:SolemnStrike+1","theDuelist:InjectionFairy","theDuelist:GrandSpellbookTower","theDuelist:Yami","theDuelist:Illusionist+1"],"relics":["theDuelist:MillenniumPuzzle","theDuelist:CardPoolRelic","theDuelist:CardPoolBasicRelic","theDuelist:BoosterPackPoolRelic","theDuelist:CardPoolAddRelic","theDuelist:CardPoolMinusRelic","theDuelist:CardPoolSaveRelic","theDuelist:CardPoolOptionsRelic","Bronze Scales","Art of War","Tingsha","Philosopher\u0027s Stone","sneckomod:BabySnecko","Membership Card","Gremlin Food","Replay:Baseball","Velvet Choker","Blue Candle","Blood Vial","Red Mask","Prayer Wheel","theDuelist:ShopToken","theDuelist:MonsterEggRelic","theDuelist:ZombieRelic","Ancient Tea Set"],"acts_visited":["Exordium","TheCity","TheBeyond"],"potions_floor_usage":[7,14,33,33],"damage_taken":[{"damage":2,"enemies":"2 Louse","floor":1,"turns":3},{"damage":0,"enemies":"Jaw Worm","floor":2,"turns":3},{"damage":3,"enemies":"Small Slimes","floor":5,"turns":6},{"damage":4,"enemies":"3 Sentries","floor":7,"turns":9},{"damage":3,"enemies":"Exordium Wildlife","floor":11,"turns":6},{"damage":0,"enemies":"2 Fungi Beasts","floor":13,"turns":5},{"damage":13,"enemies":"Gremlin Nob","floor":14,"turns":5},{"damage":35,"enemies":"The Guardian","floor":16,"turns":14},{"damage":6,"enemies":"Spheric Guardian","floor":18,"turns":6},{"damage":0,"enemies":"Chosen","floor":25,"turns":6},{"damage":0,"enemies":"Snecko","floor":27,"turns":6},{"damage":0,"enemies":"Cultist and Chosen","floor":28,"turns":7},{"damage":11,"enemies":"Centurion and Healer","floor":29,"turns":6},{"damage":12,"enemies":"Snake Plant","floor":30,"turns":2},{"damage":1,"enemies":"Snecko","floor":31,"turns":7},{"damage":9,"enemies":"Champ","floor":33,"turns":15},{"damage":19,"enemies":"3 Darklings","floor":35,"turns":3},{"damage":24,"enemies":"R_Hoarder","floor":40,"turns":11},{"damage":3,"enemies":"Reptomancer","floor":45,"turns":7},{"damage":11,"enemies":"Orb Walker","floor":47,"turns":5},{"damage":7,"enemies":"Spire Growth","floor":48,"turns":8},{"damage":45,"enemies":"Time Eater","floor":50,"turns":13}],"seed_played":"3092811717098842424","potions_obtained":[{"floor":5,"key":"AttackPotion"},{"floor":7,"key":"FairyPotion"},{"floor":13,"key":"FearPotion"},{"floor":18,"key":"Milkshake"},{"floor":27,"key":"SkillPotion"},{"floor":45,"key":"theDuelist:SummonArmorPotion"},{"floor":47,"key":"theDuelist:LavaBottle"}],"is_trial":false,"path_per_floor":["M","M","?","?","M","R","E","$","T","?","M","?","M","E","R","B",null,"M","?","$","?","$","R","$","M","T","M","M","M","M","M","R","B",null,"M","?","$","?","?","E","$","?","T","?","E","R","M","M","R","B",null],"character_chosen":"THE_DUELIST","items_purchased":["theDuelist:MagiciansRod","theDuelist:FairyBox","theDuelist:ApprenticeIllusionMagician","Membership Card","Gremlin Food","theDuelist:InvitationDarkSleep","theDuelist:FuryFire","Blood Vial","theDuelist:ShopToken"],"campfire_rested":4,"item_purchase_floors":[8,8,8,24,24,24,24,37,41],"current_hp_per_floor":[94,94,94,99,96,96,92,92,92,92,89,78,78,65,95,60,101,95,95,95,95,95,95,95,95,95,95,95,84,72,71,101,92,101,82,77,77,77,77,59,59,53,53,53,60,90,85,89,101,59],"gold":111,"neow_bonus":"TWENTY_PERCENT_HP_BONUS","is_daily":false,"chose_seed":false,"campfire_upgraded":2,"win_rate":0.0,"timestamp":1613725457,"path_taken":["M","M","?","?","M","R","E","$","T","?","?","?","M","E","R","BOSS","M","?","$","?","$","R","$","M","T","M","M","?","M","M","R","BOSS","M","?","$","?","?","E","$","?","T","?","E","R","M","?","R","BOSS"],"items_purchased_type":["Card","Card","Card","Relic","Relic","Card","Card","Relic","Relic"],"build_version":"2020-12-22","purchased_purges":2,"victory":true,"max_hp_per_floor":[96,96,96,101,101,101,101,101,101,101,101,101,101,101,101,101,101,101,101,101,101,101,101,101,101,101,101,101,101,101,101,101,101,101,101,101,101,101,101,101,101,101,101,101,101,101,101,101,101,101],"card_choices":[{"not_picked":["theDuelist:GilfordLegend","theDuelist:MillenniumScorpion","theDuelist:BlackPendant","theDuelist:MagicHoleGolem"],"picked":"theDuelist:RedMedicine","floor":1},{"not_picked":["theDuelist:SpellShatteringArrow","theDuelist:OnslaughtFireKings","theDuelist:InjectionFairy","theDuelist:SangaThunder"],"picked":"theDuelist:MagiciansRod","floor":2},{"not_picked":["theDuelist:DestroyerGolem","theDuelist:EarthEffigy","theDuelist:GiantSoldierSteel","theDuelist:WeepingIdol"],"picked":"theDuelist:GraniteLoyalist","floor":5},{"not_picked":["theDuelist:InjectionFairy","theDuelist:WhiteMagicalHat","theDuelist:GeminiElf","theDuelist:AltarTribute"],"picked":"theDuelist:MagicalBlast","floor":7},{"not_picked":["theDuelist:SangaThunder","theDuelist:GeminiElf","theDuelist:DarkMagician","theDuelist:SpellShatteringArrow","theDuelist:AltarTribute"],"picked":"SKIP","floor":11},{"not_picked":["theDuelist:DarkMagician","theDuelist:ThousandEyesIdol","theDuelist:LordD","theDuelist:FlyingSaucer","theDuelist:Relinquished"],"picked":"SKIP","floor":13},{"not_picked":["theDuelist:SkilledDarkMagician","theDuelist:FairyBox","theDuelist:ExodiaLL","theDuelist:WonderWand","theDuelist:ExodiaRA"],"picked":"SKIP","floor":14},{"not_picked":["theDuelist:RainbowDarkDragon","theDuelist:IrisEarthMother","theDuelist:RainbowKuriboh","theDuelist:RainbowOverdragon"],"picked":"theDuelist:RainbowMagician","floor":16},{"not_picked":["theDuelist:CosmoBrain+1","theDuelist:Illusionist","theDuelist:AncientElf","theDuelist:ExodiaRL"],"picked":"theDuelist:InvitationDarkSleep","floor":18},{"not_picked":["theDuelist:NeoMagic","theDuelist:OnslaughtFireKings+1","theDuelist:MysticalElf","theDuelist:SkilledDarkMagician"],"picked":"theDuelist:PowerKaishin+1","floor":25},{"not_picked":["theDuelist:InfernoFireBlast+1","theDuelist:DiffusionWaveMotion","theDuelist:MagiciansRod","theDuelist:GoblinSecret"],"picked":"theDuelist:MagiciansRobe","floor":27},{"not_picked":["theDuelist:CosmicHorrorGangiel","theDuelist:ApprenticeIllusionMagician","theDuelist:MythicalBeast"],"picked":"SKIP","floor":28},{"not_picked":["theDuelist:BigFire","theDuelist:FeatherPho+1","theDuelist:RainbowOverdragon","theDuelist:ReleaseFromStone+1"],"picked":"theDuelist:MirrorForce","floor":29},{"not_picked":["theDuelist:DarklordSuperbia","theDuelist:DestroyerGolem+1","theDuelist:MudragonSwamp","theDuelist:WormWarlord"],"picked":"theDuelist:SolemnStrike+1","floor":30},{"not_picked":["theDuelist:ExodiaLL+1","theDuelist:SangaEarth","theDuelist:Graverobber","theDuelist:WonderWand"],"picked":"theDuelist:InjectionFairy","floor":31},{"not_picked":["theDuelist:RainbowDarkDragon","theDuelist:IrisEarthMother+1","theDuelist:VoidVanishment+1","theDuelist:GateGuardian"],"picked":"theDuelist:GrandSpellbookTower","floor":33},{"not_picked":["theDuelist:ExodiaNecross+1","theDuelist:RainbowDarkDragon","theDuelist:GrandSpellbookTower","theDuelist:ThousandEyesRestrict","theDuelist:GateGuardian"],"picked":"SKIP","floor":35},{"not_picked":["theDuelist:MagicalBlast+1","theDuelist:BookSecret","theDuelist:GoblinSecret+1","theDuelist:InfernoFireBlast+1"],"picked":"theDuelist:Yami","floor":40},{"not_picked":["theDuelist:MagicalBlast+1","theDuelist:BlizzardWarrior+1","theDuelist:DoomShaman+1","theDuelist:GeminiElf","theDuelist:CrystalWingDragon+1"],"picked":"SKIP","floor":45},{"not_picked":["theDuelist:PowerGiant","theDuelist:BlackPendant","theDuelist:DummyGolem+1","theDuelist:HammerShot+1","theDuelist:StormingMirrorForce+1"],"picked":"SKIP","floor":47},{"not_picked":["theDuelist:CrystalWingDragon","theDuelist:RainbowDarkDragon","theDuelist:RainbowMagician","theDuelist:QueenDragunDjinn+1","theDuelist:IrisEarthMother+1"],"picked":"SKIP","floor":47},{"not_picked":["theDuelist:CircleFireKings+1","theDuelist:Mudballman+1","theDuelist:DarkHorizon+1","theDuelist:ContractExodia"],"picked":"theDuelist:Illusionist","floor":48},{"not_picked":["theDuelist:DarkMagician","theDuelist:FlyingSaucer","theDuelist:ExodiaRA+1","theDuelist:DarkHorizon+1","theDuelist:AlienTelepath+1"],"picked":"SKIP","floor":48}],"player_experience":250382,"relics_obtained":[{"floor":7,"key":"Bronze Scales"},{"floor":9,"key":"Art of War"},{"floor":14,"key":"Tingsha"},{"floor":26,"key":"Replay:Baseball"},{"floor":40,"key":"Prayer Wheel"},{"floor":43,"key":"theDuelist:ZombieRelic"},{"floor":45,"key":"Ancient Tea Set"}],"event_choices":[{"damage_healed":0,"gold_gain":175,"player_choice":"AGREE","damage_taken":0,"max_hp_gain":0,"max_hp_loss":0,"event_name":"Liars Game","floor":3,"gold_loss":0,"cards_obtained":["Doubt"]},{"damage_healed":0,"gold_gain":0,"player_choice":"Donut","damage_taken":0,"max_hp_gain":5,"max_hp_loss":0,"event_name":"Big Fish","floor":4,"gold_loss":0},{"damage_healed":0,"gold_gain":0,"player_choice":"Ignored","damage_taken":0,"max_hp_gain":0,"max_hp_loss":0,"event_name":"NoteForYourself","floor":10,"gold_loss":0},{"damage_healed":0,"gold_gain":75,"player_choice":"Gather Gold","damage_taken":11,"max_hp_gain":0,"max_hp_loss":0,"event_name":"World of Goop","floor":12,"gold_loss":0},{"total_magic_score":60,"gold_gain":0,"duelist":true,"damage_taken":0,"relics_obtained":[],"points":1,"max_hp_gain":0,"max_hp_loss":0,"spent_points":{"magic":1,"greed":0,"war":0,"power":0,"hunger":0},"event_name":"Nameless Tomb","floor":21,"gold_loss":0,"cards_obtained":[]},{"cards_removed":["theDuelist:CastleWalls"],"damage_healed":0,"gold_gain":0,"player_choice":"Removed Skill","damage_taken":0,"max_hp_gain":0,"max_hp_loss":0,"event_name":"Falling","floor":38,"gold_loss":0},{"damage_healed":0,"gold_gain":0,"player_choice":"Paid","damage_taken":0,"relics_obtained":["Red Mask"],"max_hp_gain":0,"max_hp_loss":0,"event_name":"Tomb of Lord Red Mask","floor":39,"gold_loss":174},{"damage_healed":0,"gold_gain":0,"player_choice":"Dig - random Duelist relic","duelist":true,"damage_taken":0,"max_hp_gain":0,"max_hp_loss":0,"event_name":"Aknamkanon\u0027s Tomb","floor":42,"gold_loss":0},{"damage_healed":0,"gold_gain":0,"player_choice":"Leave","duelist":true,"damage_taken":0,"max_hp_gain":0,"max_hp_loss":0,"event_name":"Egyptian Village","floor":44,"gold_loss":0}],"is_beta":false,"boss_relics":[{"not_picked":["Abe\u0027s Treasure","Black Star"],"picked":"Philosopher\u0027s Stone"},{"not_picked":["HoveringKite","HangingClock"],"picked":"Velvet Choker"}],"items_purged_floors":[8,20],"is_endless":false,"potions_floor_spawned":[5,7,13,18,27,30,45,47],"ascension_level":0}}