{"host":"q57ekfojy3i00x9o","time":1613760697,"event":{"mods":["Act Like it!","Arknights","Aspiration","BaseMod","Colored Map","Energized Spire","Hermit","Minty Spire (QoL Compilation)","Quick Restart","Spicy Shops","Spikes Relics","StSLib","slay the spire mod where everything is the same but ironclad has a cowboy hat"],"gold_per_floor":[118,129,129,129,146,173,173,207,207,207,247,247,247,268,268,361,361,375,325,325,375,226,261,261,301,325,348,369,384,384,434,434,525,525,544,558,891,891,647,647,353,367,367,377,377,99,116,148,148,148],"floor_reached":51,"language":"RUS","playtime":1333,"items_purged":["ats:Strike V","Injury","ats:Shell Defense"],"score":1404,"play_id":"a3ef85ce-106a-4522-bc08-a4afc3e38419","local_time":"20210219235137","is_ascension_mode":true,"campfire_choices":[{"floor":7.0,"key":"REST"},{"data":"ats:Serious Mode","floor":12.0,"key":"SMITH"},{"data":"ats:Roar Of Ursus","floor":15.0,"key":"SMITH"},{"floor":24.0,"key":"REST"},{"floor":32,"key":"REST"},{"floor":40,"key":"REST"},{"data":"ats:Ambush","floor":45,"key":"SMITH"},{"data":"Mind Blast","floor":49,"key":"SMITH"}],"circlet_count":0,"master_deck":["AscendersBane","ats:Strike G","ats:Strike S","ats:Armor Crushing Shot+1","ats:Defend","ats:Defend","ats:Defend","ats:Defend","ats:Emotion Absorption","ats:Hammer On","ats:Powerful Strike","ats:Mental Burst","ats:Curse Doll","Bash","ats:Roar Of Ursus+1","ats:Poison Spread","ats:Serious Mode+1","ats:Leaping Hammer","ats:Flexible Camouflage","ats:Soul Rend","ats:Overload+1","ats:Explosion Area Strengthen","ats:Flexible Camouflage","ats:Curse Doll+1","ats:Ambush+1","ats:Cat Scratch","ats:Nebulous Foxfire","ats:Magnetic Hammer+1","ats:Poison Spread+1","ats:Encircling Forest+1","ats:Cat Scratch","Mind Blast+1","ats:Explosion Area Strengthen","ats:Explosion Area Strengthen","ats:Neurotoxin","ats:Powerful Strike","ats:Explosion Area Strengthen","ats:Blood Oath+1","ats:Closed Bolt Burst Fire"],"relics":["ats:Sanity","NeowsBlessing","ats:Originium","Lantern","Smiling Mask","ats:Lavender","Gremlin Horn","Sozu","Bird Faced Urn","Boot","Orichalcum","RetroEgg","Astrolabe","RollingBoulder","Kunai","Art of War","Lee\u0027s Waffle","Pantograph"],"acts_visited":["Exordium","TheCity","TheBeyond"],"potions_floor_usage":[],"damage_taken":[{"damage":0.0,"enemies":"Small Slimes","floor":1.0,"turns":1.0},{"damage":0.0,"enemies":"Jaw Worm","floor":2.0,"turns":1.0},{"damage":0.0,"enemies":"Cultist","floor":5.0,"turns":1.0},{"damage":18.0,"enemies":"Lagavulin","floor":6.0,"turns":4.0},{"damage":16.0,"enemies":"Gremlin Nob","floor":8.0,"turns":3.0},{"damage":20.0,"enemies":"3 Sentries","floor":11.0,"turns":6.0},{"damage":4.0,"enemies":"3 Louse","floor":14.0,"turns":2.0},{"damage":0.0,"enemies":"Slime Boss","floor":16.0,"turns":5.0},{"damage":44.0,"enemies":"2 Thieves","floor":18.0,"turns":3.0},{"damage":32.0,"enemies":"Book of Stabbing","floor":23.0,"turns":3.0},{"damage":33.0,"enemies":"Gremlin Leader","floor":25.0,"turns":3.0},{"damage":4,"enemies":"Shell Parasite","floor":27,"turns":2},{"damage":0,"enemies":"3 Cultists","floor":28,"turns":2},{"damage":4,"enemies":"Centurion and Healer","floor":29,"turns":3},{"damage":39,"enemies":"Automaton","floor":33,"turns":9},{"damage":10,"enemies":"Orb Walker","floor":35,"turns":4},{"damage":43,"enemies":"3 Darklings","floor":36,"turns":3},{"damage":16,"enemies":"Maw","floor":42,"turns":7},{"damage":52,"enemies":"Writhing Mass","floor":44,"turns":5},{"damage":10,"enemies":"3 Darklings","floor":47,"turns":6},{"damage":40,"enemies":"Reptomancer","floor":48,"turns":7},{"damage":105,"enemies":"Awakened One","floor":50,"turns":14}],"seed_played":"-7999068901668008585","potions_obtained":[{"floor":1.0,"key":"SteroidPotion"},{"floor":5.0,"key":"EssenceOfSteel"},{"floor":8.0,"key":"AttackPotion"},{"floor":11.0,"key":"Dexterity Potion"},{"floor":16.0,"key":"Dexterity Potion"}],"is_trial":false,"path_per_floor":["M","M","?","?","M","E","R","E","T","?","E","R","?","M","R","B",null,"M","$","?","?","$","E","R","E","T","M","M","M","T","?","R","B",null,"M","M","?","?","$","R","$","M","T","M","R","$","M","E","R","B",null],"character_chosen":"DOCTOR_CLASS","items_purchased":["ats:Explosion Area Strengthen","ats:Flexible Camouflage","Bird Faced Urn","RollingBoulder","Mind Blast","ats:Explosion Area Strengthen","Kunai","ats:Explosion Area Strengthen","Lee\u0027s Waffle","ats:Powerful Strike","ats:Explosion Area Strengthen"],"campfire_rested":4,"item_purchase_floors":[22,22,22,39,39,39,41,41,46,46,46],"current_hp_per_floor":[65,65,43,43,43,25,46,30,30,30,38,38,43,40,40,48,65,27,27,27,27,27,9,30,9,9,12,19,25,25,25,46,35,61,64,28,28,28,28,47,47,53,53,19,19,73,72,52,52,12],"gold":148,"neow_bonus":"THREE_ENEMY_KILL","is_daily":false,"chose_seed":false,"campfire_upgraded":4,"win_rate":0.0,"timestamp":1613760697,"path_taken":["M","M","?","?","?","E","R","E","T","?","E","R","?","M","R","BOSS","M","$","?","?","$","E","R","E","T","M","M","M","?","?","R","BOSS","M","M","?","?","$","R","?","M","T","M","R","$","?","E","R","BOSS"],"items_purchased_type":["Card","Card","Relic","Relic","Card","Card","Relic","Card","Relic","Card","Card"],"build_version":"2020-12-22","purchased_purges":3,"victory":true,"max_hp_per_floor":[72,72,72,72,72,72,72,72,72,65,65,65,70,70,70,70,70,70,70,70,70,70,70,70,70,70,70,70,70,70,70,70,70,70,70,70,70,66,66,66,66,66,66,66,66,73,73,73,73,73],"card_choices":[{"not_picked":["ats:Rapid Magazine","ats:Flame Of Heaven"],"picked":"ats:Hammer On","floor":1.0},{"not_picked":["ats:Spore Proliferation","ats:Serious Mode"],"picked":"ats:Powerful Strike","floor":2.0},{"not_picked":["ats:Hammer On","ats:Revitalization"],"picked":"ats:Poison Spread","floor":5.0},{"not_picked":["ats:Soul Absorption","ats:Fractured Body"],"picked":"ats:Apocalypse","floor":6.0},{"not_picked":["ats:Healing Strengthening","ats:Guard Mode"],"picked":"ats:Serious Mode","floor":8.0},{"not_picked":["ats:Beaten Up","ats:LN2 Cannon"],"picked":"ats:Leaping Hammer","floor":11.0},{"not_picked":["ats:Hammer On","ats:Assault Order"],"picked":"ats:Flexible Camouflage","floor":14.0},{"not_picked":["ats:Fractured Body","ats:Disruption Kick"],"picked":"ats:Soul Rend","floor":16.0},{"not_picked":["ats:Rapid Magazine","ats:Revitalization"],"picked":"ats:Overload+1","floor":18.0},{"not_picked":["ats:Soul Absorption","ats:Collapsing Strike+1"],"picked":"ats:Curse Doll+1","floor":23.0},{"not_picked":["ats:Serious Mode","ats:Directed Diagnosis"],"picked":"ats:Shell Defense","floor":25.0},{"not_picked":["ats:Automatic Cover","ats:Revitalization"],"picked":"ats:Ambush","floor":27},{"not_picked":["ats:Shell Defense","ats:Neurotoxin"],"picked":"ats:Collapsing Strike","floor":28},{"not_picked":["ats:Demon Strength+1","ats:LN2 Cannon+1"],"picked":"ats:Cat Scratch","floor":29},{"not_picked":["ats:Calcification","ats:Wolf Pack"],"picked":"ats:Nebulous Foxfire","floor":33},{"not_picked":["ats:Defend Order","ats:Revitalization","ats:Automatic Cover"],"picked":"SKIP","floor":35},{"not_picked":["ats:Leaping Hammer","ats:Flexible Camouflage"],"picked":"ats:Cat Scratch","floor":36},{"not_picked":["ats:Composite Medical Shells","ats:Healing Strengthening"],"picked":"ats:Neurotoxin","floor":42},{"not_picked":["ats:Thorns+1","ats:Absolute Focus","ats:LN2 Cannon"],"picked":"SKIP","floor":44},{"not_picked":["ats:Thorns+1","ats:Shell Defense+1"],"picked":"ats:Blood Oath+1","floor":47},{"not_picked":["ats:Revitalization","ats:Blood Oath"],"picked":"ats:Closed Bolt Burst Fire","floor":48}],"player_experience":780083,"relics_obtained":[{"floor":6.0,"key":"ats:Originium"},{"floor":6.0,"key":"Lantern"},{"floor":8.0,"key":"ats:Originium"},{"floor":8.0,"key":"Smiling Mask"},{"floor":9.0,"key":"ats:Lavender"},{"floor":11.0,"key":"ats:Originium"},{"floor":11.0,"key":"Gremlin Horn"},{"floor":23.0,"key":"ats:Originium"},{"floor":23.0,"key":"Boot"},{"floor":26.0,"key":"Orichalcum"},{"floor":30,"key":"RetroEgg"},{"floor":43,"key":"Art of War"},{"floor":48,"key":"Pantograph"}],"event_choices":[{"damage_healed":0.0,"max_hp_gain":0.0,"max_hp_loss":0.0,"gold_gain":0.0,"event_name":"Shining Light","player_choice":"Entered Light","floor":3.0,"gold_loss":0.0,"damage_taken":22.0,"cards_upgraded":["ats:Strike C","ats:Armor Crushing Shot"]},{"damage_healed":0.0,"max_hp_gain":0.0,"max_hp_loss":0.0,"gold_gain":0.0,"event_name":"Match and Keep!","player_choice":"4 cards matched","floor":4.0,"gold_loss":0.0,"damage_taken":0.0,"cards_obtained":["ats:Mental Burst","ats:Curse Doll","Bash","ats:Roar Of Ursus"]},{"damage_healed":0.0,"max_hp_gain":0.0,"max_hp_loss":7.0,"gold_gain":0.0,"event_name":"Golden Idol","player_choice":"Lose Max HP","floor":10.0,"gold_loss":0.0,"damage_taken":0.0,"relics_obtained":["Golden Idol"]},{"damage_healed":0.0,"max_hp_gain":5.0,"max_hp_loss":0.0,"gold_gain":0.0,"event_name":"Big Fish","player_choice":"Donut","floor":13.0,"gold_loss":0.0,"damage_taken":0.0},{"damage_healed":0.0,"max_hp_gain":0.0,"max_hp_loss":0.0,"gold_gain":0.0,"event_name":"Beggar","player_choice":"Ignored","floor":20.0,"gold_loss":0.0,"damage_taken":0.0},{"damage_healed":0.0,"max_hp_gain":0.0,"max_hp_loss":0.0,"gold_gain":50.0,"event_name":"Nest","player_choice":"Stole From Cult","floor":21.0,"gold_loss":0.0,"damage_taken":0.0},{"damage_healed":0,"gold_gain":100,"player_choice":"Bet on Murderer","damage_taken":0,"max_hp_gain":0,"max_hp_loss":0,"event_name":"The Joust","floor":31,"gold_loss":50},{"damage_healed":0,"gold_gain":333,"player_choice":"Gave Idol","damage_taken":0,"max_hp_gain":0,"max_hp_loss":0,"event_name":"The Moai Head","floor":37,"relics_lost":["Golden Idol"],"gold_loss":0},{"damage_healed":0,"gold_gain":0,"player_choice":"Max HP","damage_taken":0,"max_hp_gain":0,"max_hp_loss":4,"event_name":"Winding Halls","floor":38,"gold_loss":0}],"is_beta":false,"boss_relics":[{"not_picked":["Cursed Key","energizedSpire:RedRose"],"picked":"Sozu"},{"not_picked":["Snecko Eye","Black Star"],"picked":"Astrolabe"}],"items_purged_floors":[19,39,46],"is_endless":false,"potions_floor_spawned":[1,5,8,11,16,23,25,28,35,47],"ascension_level":15}}