{"host":"tcdxiwht2vajk3tk","time":1613754615,"event":{"mods":["AchievementEnabler","BaseMod","Beaked The Cultist","Colored Powertips","Conspire","Defuse TimeMaze Blight","Downfall","Halation","Hermit","Hubris","Infinite Spire","Lobotomy","LobotomyExtend","Minty Spire (QoL Compilation)","Replay The Spire","Shop Mod","StSLib","The Cursed","The Disciple"],"gold_per_floor":[368,468,482,482,482,482,493,493,493,493,30,42,42,57,57,171,171,212,137,137,158,158,198,198,122,122,138,138,203,203,247,247,376,426,467,467,525,333,333,333,395,395,444,460,460],"floor_reached":44,"language":"ENG","playtime":3625,"items_purged":["BigBadWolf","Funeral"],"score":662,"play_id":"9f600d94-3d85-40ea-a019-18d8e65ee7ac","local_time":"20210219121015","is_ascension_mode":false,"campfire_choices":[{"data":"conspire:Banana","floor":13.0,"key":"SMITH"},{"data":"CENSORED_ego","floor":15.0,"key":"SMITH"},{"data":"Regret_ego","floor":24.0,"key":"SMITH"},{"data":"Soda","floor":30.0,"key":"SMITH"},{"data":"Diffraction","floor":32.0,"key":"SMITH"},{"data":"DaCapo","floor":40.0,"key":"SMITH"},{"data":"Horn","floor":42.0,"key":"SMITH"}],"circlet_count":0,"master_deck":["SpecialBullet","SpecialBullet","SpecialBullet","SpecialBullet","SpecialBullet","SpecialBullet","SpecialBullet","SpecialBullet","ControlCode","InformationCode","SecurityCode","beaked:Strike_Y","hermit:Strike_Hermit","QueenOfHatred","RedEyes+1","Scorched","ScreamingWedge","GreedKing","ScreamingWedge","conspire:Banana+1","Tough","UniverseFragment","CENSORED_ego+1","TrainingCode","ShyLook","Justitia","OldLady","Regret_ego+1","CommonCold","BeautyBeast","Soda+1","OSAHOGD","infinitespire:UltimateForm+1","Diffraction+1","CentralCode","Diffraction+1","Reverberation+1","WelfareCode","MHz","TodaysExpression+1","DisciplinaryCode","LaLuna","Horn+1","RecordCode","Scarecrow","DaCapo+1","Amita","Lantern+1","WallGazer","Soda+1","Ecstasy+1","TodaysExpression","GrinderMk4","Replay:Parry","ExtractionCode","RedShoes","infinitespire:UltimateForm+1","Harvest+1"],"relics":["CogitoBucket","RabbitCall","LetterFromLob","halation:IllGainedPizza","halation:PenCase","infinitespire:Bottled Soul","Mummified Hand","MerchantsRug","BehaviorAdjustment","Ring of Hypnosis","ReplayTheSpireMod:Ring of Challenge","Frozen Egg 2","Pondfish Scales","infinitespire:FocusingShard","HellTrain","Tiny House","infinitespire:EvilPickle","hubris:Towel","BargainBundle","bronze:BronzeIdol","Gremlin Food"],"acts_visited":["Exordium","TheCity","TheBeyond"],"potions_floor_usage":[44],"damage_taken":[{"damage":6.0,"enemies":"2 Louse","floor":1.0,"turns":2.0},{"damage":6.0,"enemies":"Cultist","floor":3.0,"turns":3.0},{"damage":0.0,"enemies":"Small Slimes","floor":7.0,"turns":2.0},{"damage":10.0,"enemies":"Looter","floor":12.0,"turns":2.0},{"damage":4.0,"enemies":"Exordium Thugs","floor":14.0,"turns":3.0},{"damage":46.0,"enemies":"Fading Forest","floor":16.0,"turns":11.0},{"damage":29.0,"enemies":"2 Thieves","floor":18.0,"turns":11.0},{"damage":31.0,"enemies":"Spheric Guardian","floor":21.0,"turns":4.0},{"damage":54.0,"enemies":"Nightmare","floor":23.0,"turns":10.0},{"damage":23.0,"enemies":"Snecko","floor":27.0,"turns":6.0},{"damage":19.0,"enemies":"Book of Stabbing","floor":29.0,"turns":9.0},{"damage":58.0,"enemies":"Centurion and Healer","floor":31.0,"turns":11.0},{"damage":15.0,"enemies":"Pondfish","floor":33.0,"turns":10.0},{"damage":7.0,"enemies":"Orb Walker","floor":35.0,"turns":3.0},{"damage":15.0,"enemies":"3 Darklings","floor":37.0,"turns":5.0},{"damage":154.0,"enemies":"Nightmare","floor":41.0,"turns":8.0},{"damage":105,"enemies":"Jaw Worm Horde","floor":44,"turns":3}],"seed_played":"-4945767117948324721","potions_obtained":[{"floor":3.0,"key":"Swift Potion"},{"floor":7.0,"key":"Doom Potion"},{"floor":14.0,"key":"hexamod:SoulburnPotion"},{"floor":18.0,"key":"Block Potion"},{"floor":33.0,"key":"FearPotion"},{"floor":34.0,"key":"FairyPotion"},{"floor":35.0,"key":"Adrenaline Potion"}],"is_trial":false,"path_per_floor":["M","?","M","T","?","R","M","R","T","?","$","M","R","M","R","B",null,"M","$","?","M","?","NM","R","$","T","M","R","E","R","M","R","B",null,"M","?","M","$","?","R","NM","R","T","M"],"character_chosen":"Angela","items_purchased":["Mummified Hand","MerchantsRug","conspire:Banana","Diffraction","BargainBundle","Ecstasy+1","TodaysExpression","GrinderMk4","Replay:Parry"],"campfire_rested":0,"item_purchase_floors":[11,11,11,25,38,38,38,38,38],"current_hp_per_floor":[70,70,70,70,70,70,70,70,70,70,70,68,68,76,76,49,84,69,69,69,59,59,40,40,40,40,44,44,51,51,18,18,28,139,143,143,149,149,159,159,51,51,51,0,0],"gold":460,"neow_bonus":"TWO_FIFTY_GOLD","is_daily":false,"chose_seed":false,"campfire_upgraded":7,"win_rate":0.0,"timestamp":1613754615,"path_taken":["M","?","?","?","?","R","M","R","T","?","$","M","R","M","R","BOSS","M","$","?","M","?","NM","R","$","T","M","R","E","R","M","R","BOSS","M","?","M","$","?","R","NM","R","T","M"],"items_purchased_type":["Relic","Relic","Card","Card","Relic","Card","Card","Card","Card"],"build_version":"2020-12-22","purchased_purges":2,"victory":false,"max_hp_per_floor":[70,70,70,70,70,70,70,70,70,70,70,70,70,76,76,84,84,92,92,92,98,98,106,106,106,106,112,112,118,118,126,126,134,139,143,143,149,149,159,159,163,163,163,163,163],"card_choices":[{"not_picked":["FairyFestival","SpiderBud"],"picked":"QueenOfHatred","floor":1.0},{"not_picked":["Noise"],"picked":"RedEyes","floor":1.0},{"not_picked":["MeatLantern","BigBird"],"picked":"Scorched","floor":3.0},{"not_picked":["CherryBlossom"],"picked":"ScreamingWedge","floor":3.0},{"not_picked":["CherryBlossoms","Murderer"],"picked":"GreedKing","floor":7.0},{"not_picked":["Horn"],"picked":"ScreamingWedge","floor":7.0},{"not_picked":["Bloodbath","CherryBlossoms"],"picked":"BigBadWolf","floor":12.0},{"not_picked":["Spore"],"picked":"Tough","floor":12.0},{"not_picked":["MeatLantern","CherryBlossoms"],"picked":"UniverseFragment","floor":14.0},{"not_picked":["Beak"],"picked":"CENSORED_ego","floor":14.0},{"not_picked":["Mercenary","CherryBlossoms"],"picked":"ShyLook","floor":16.0},{"not_picked":["GoldRush"],"picked":"Justitia","floor":16.0},{"not_picked":["PunishingBird","SpiderBud"],"picked":"OldLady","floor":18.0},{"not_picked":["Lantern+1"],"picked":"Regret_ego","floor":18.0},{"not_picked":["LittlePrince","FairyFestival"],"picked":"BeautyBeast","floor":21.0},{"not_picked":["Hypocrisy"],"picked":"Soda","floor":21.0},{"not_picked":["Laetitia","WallGazer"],"picked":"OSAHOGD","floor":23.0},{"not_picked":["infinitespire:SevenWalls","hubris:Fate"],"picked":"infinitespire:UltimateForm+1","floor":23.0},{"not_picked":["FrostShard"],"picked":"Diffraction+1","floor":23.0},{"not_picked":["Porccubus","MeatLantern"],"picked":"Funeral","floor":27.0},{"not_picked":["Pleasure"],"picked":"Reverberation+1","floor":27.0},{"not_picked":["GalaxyChild","SilentOrchestra"],"picked":"MHz","floor":29.0},{"not_picked":["CherryBlossom+1"],"picked":"TodaysExpression","floor":29.0},{"not_picked":["BigBird","HeroicMonk"],"picked":"LaLuna","floor":31.0},{"not_picked":["BlueScar"],"picked":"Horn","floor":31.0},{"not_picked":["PunishingBird","CrumblingArmor"],"picked":"Scarecrow","floor":33.0},{"not_picked":["Justitia"],"picked":"DaCapo","floor":33.0},{"not_picked":["CUTE+1"],"picked":"Amita","floor":34.0},{"not_picked":["VoidDream","WallGazer"],"picked":"BlueStar","floor":35.0},{"not_picked":["Noise+1"],"picked":"Lantern+1","floor":35.0},{"not_picked":["VoidDream","SnowQueen"],"picked":"WallGazer","floor":37.0},{"not_picked":["Ecstasy+1"],"picked":"Soda+1","floor":37.0},{"not_picked":["Funeral","BlackSwan"],"picked":"RedShoes","floor":41.0},{"not_picked":["hubris:Rewind","infinitespire:Gouge"],"picked":"infinitespire:UltimateForm","floor":41.0},{"not_picked":["Hypocrisy"],"picked":"Harvest+1","floor":41.0}],"player_experience":1809004,"relics_obtained":[{"floor":1.0,"key":"LetterFromLob"},{"floor":4.0,"key":"halation:IllGainedPizza"},{"floor":5.0,"key":"halation:PenCase"},{"floor":9.0,"key":"infinitespire:Bottled Soul"},{"floor":20.0,"key":"Ring of Hypnosis"},{"floor":20.0,"key":"ReplayTheSpireMod:Ring of Challenge"},{"floor":23.0,"key":"Frozen Egg 2"},{"floor":26.0,"key":"Pondfish Scales"},{"floor":29.0,"key":"infinitespire:FocusingShard"},{"floor":41.0,"key":"bronze:BronzeIdol"},{"floor":43.0,"key":"Gremlin Food"}],"event_choices":[{"damage_healed":0.0,"max_hp_gain":0.0,"max_hp_loss":0.0,"gold_gain":100.0,"event_name":"Golden Shrine","player_choice":"Pray","floor":2.0,"gold_loss":0.0,"damage_taken":0.0},{"damage_healed":0.0,"max_hp_gain":0.0,"max_hp_loss":0.0,"gold_gain":0.0,"event_name":"Living Wall","player_choice":"Grow","floor":10.0,"gold_loss":0.0,"damage_taken":0.0,"cards_upgraded":["RedEyes"]},{"cards_removed":["BlueStar"],"damage_healed":0.0,"max_hp_gain":10.0,"max_hp_loss":0.0,"gold_gain":0.0,"event_name":"Bonfire Elementals","player_choice":"Offered Rare","floor":39.0,"gold_loss":0.0,"damage_taken":0.0}],"is_beta":false,"boss_relics":[{"not_picked":["Painkiller Herb","Cursed Key","Honey Jar"]},{"not_picked":["conspire:SeveredTorchhead","Replay:Wanted Poster"],"picked":"Tiny House"}],"items_purged_floors":[19,38],"is_endless":true,"potions_floor_spawned":[3,7,14,18,21,33,35],"killed_by":"Jaw Worm Horde","ascension_level":0}}