{"host":"00olc56ucl6mk3pv","time":1613729269,"event":{"mods":["AchievementEnabler","BaseMod","Keyboard Shortcuts","Minty Spire (QoL Compilation)","Quick Restart","SuperFastMode"],"gold_per_floor":[111,261,75,85,85,85,98,98,125,157,174,10,85,85,85,157,157,174,174,91,91,101,101,27,40,40,90,125,141,141,158,158,229,229,240,7,7,17,33,33,45,65,65,76,76,91,91,109,109,109,109,109],"floor_reached":51,"language":"KOR","playtime":3377,"items_purged":["Doubt","Shame"],"score":1288,"play_id":"394bb155-dc31-45f8-a00d-3719a6c13f2b","local_time":"20210219190749","is_ascension_mode":true,"campfire_choices":[{"data":"Zap","floor":6.0,"key":"SMITH"},{"floor":15.0,"key":"REST"},{"data":"Defragment","floor":23.0,"key":"SMITH"},{"data":"Loop","floor":30.0,"key":"SMITH"},{"data":"Hello World","floor":32.0,"key":"SMITH"},{"data":"Creative AI","floor":40.0,"key":"SMITH"},{"floor":45.0,"key":"REST"},{"data":"Heatsinks","floor":49,"key":"SMITH"}],"circlet_count":0,"master_deck":["AscendersBane","Strike_B+1","Defend_B","Defend_B+1","Defend_B","Zap+1","Dualcast+1","Hologram","Go for the Eyes","Beam Cell+1","Leap","Doom and Gloom","Cold Snap","FTL","Glacier","Core Surge","Undo","Doom and Gloom","Hologram","Loop+1","Defragment+1","Hello World+1","Genetic Algorithm","Gash+1","Coolheaded","Creative AI+1","Turbo","Heatsinks+1","Recycle","Fusion","Double Energy+1","Coolheaded+1","Chaos+1","Force Field+1"],"relics":["Cracked Core","Bag of Preparation","Bag of Marbles","War Paint","Nuclear Battery","HornCleat","Blue Candle","Blood Vial","SlaversCollar","White Beast Statue"],"acts_visited":["Exordium","TheCity","TheBeyond"],"potions_floor_usage":[48,50,51],"damage_taken":[{"damage":0.0,"enemies":"2 Louse","floor":1.0,"turns":2.0},{"damage":7.0,"enemies":"Jaw Worm","floor":4.0,"turns":3.0},{"damage":0.0,"enemies":"Small Slimes","floor":7.0,"turns":2.0},{"damage":2.0,"enemies":"Gremlin Nob","floor":10.0,"turns":3.0},{"damage":5.0,"enemies":"Blue Slaver","floor":11.0,"turns":3.0},{"damage":30.0,"enemies":"Slime Boss","floor":16.0,"turns":9.0},{"damage":7.0,"enemies":"2 Thieves","floor":18.0,"turns":4.0},{"damage":0.0,"enemies":"Spheric Guardian","floor":22.0,"turns":5.0},{"damage":2.0,"enemies":"Centurion and Healer","floor":25.0,"turns":5.0},{"damage":24.0,"enemies":"Book of Stabbing","floor":28.0,"turns":6.0},{"damage":1.0,"enemies":"Snecko","floor":29.0,"turns":3.0},{"damage":1.0,"enemies":"3 Cultists","floor":31.0,"turns":5.0},{"damage":28.0,"enemies":"Champ","floor":33.0,"turns":16.0},{"damage":0.0,"enemies":"3 Shapes","floor":35.0,"turns":7.0},{"damage":11.0,"enemies":"Orb Walker","floor":38.0,"turns":5.0},{"damage":5.0,"enemies":"Sphere and 2 Shapes","floor":39.0,"turns":10.0},{"damage":29.0,"enemies":"Jaw Worm Horde","floor":41.0,"turns":5.0},{"damage":3.0,"enemies":"4 Shapes","floor":42.0,"turns":8.0},{"damage":19.0,"enemies":"Spire Growth","floor":44.0,"turns":6.0},{"damage":6.0,"enemies":"Sphere and 2 Shapes","floor":46.0,"turns":6.0},{"damage":7,"enemies":"Maw","floor":48,"turns":7},{"damage":14,"enemies":"Donu and Deca","floor":50,"turns":9},{"damage":47,"enemies":"Awakened One","floor":51,"turns":4}],"seed_played":"4631354783380072270","potions_obtained":[{"floor":10.0,"key":"GamblersBrew"},{"floor":11.0,"key":"DuplicationPotion"},{"floor":16.0,"key":"Weak Potion"},{"floor":18.0,"key":"Energy Potion"},{"floor":22.0,"key":"Regen Potion"},{"floor":28.0,"key":"Dexterity Potion"},{"floor":29.0,"key":"DistilledChaos"},{"floor":39.0,"key":"DistilledChaos"},{"floor":41.0,"key":"Fire Potion"},{"floor":44.0,"key":"EntropicBrew"},{"floor":46.0,"key":"Weak Potion"},{"floor":48,"key":"EssenceOfDarkness"}],"is_trial":false,"path_per_floor":["M","?","$","M","?","R","M","?","T","E","M","$","?","?","R","B",null,"M","?","$","?","M","R","$","M","T","?","E","M","R","M","R","B",null,"M","$","?","M","M","R","M","M","T","M","R","M","?","M","R","B","B"],"character_chosen":"DEFECT","items_purchased":["Go for the Eyes","Fire Potion","FTL","Glacier","Loop","Hello World","Heatsinks","Dexterity Potion"],"campfire_rested":2,"item_purchase_floors":[3,3,12,12,20,24,36,36],"current_hp_per_floor":[64,64,64,57,36,36,36,29,29,27,22,22,11,11,32,2,54,47,47,47,47,47,47,47,59,59,59,35,36,36,37,37,11,56,58,58,58,49,46,46,19,18,18,1,22,18,58,51,51,39,0,0],"gold":109,"neow_bonus":"RANDOM_COMMON_RELIC","is_daily":false,"chose_seed":false,"campfire_upgraded":6,"win_rate":0.0,"timestamp":1613729269,"path_taken":["M","?","$","M","?","R","M","?","T","E","M","?","?","?","R","BOSS","M","?","$","?","M","R","$","M","T","?","E","M","R","M","R","BOSS","M","$","?","?","M","R","M","?","T","M","R","M","?","M","R","BOSS","BOSS"],"items_purchased_type":["Card","Potion","Card","Card","Card","Card","Card","Potion"],"build_version":"2020-12-22","purchased_purges":2,"victory":false,"max_hp_per_floor":[71,71,71,71,71,71,71,71,71,71,71,71,71,71,71,71,71,71,71,71,71,71,71,71,71,71,71,71,71,71,71,71,71,71,71,71,71,71,71,71,71,71,71,71,71,71,58,58,58,58,58,58],"card_choices":[{"not_picked":["Barrage","Melter"],"picked":"Hologram","floor":1.0},{"not_picked":["Coolheaded","Compile Driver"],"picked":"Beam Cell","floor":4.0},{"not_picked":["Skim","Recycle"],"picked":"Leap","floor":7.0},{"not_picked":["Leap","Coolheaded"],"picked":"Doom and Gloom","floor":10.0},{"not_picked":["Turbo","Static Discharge"],"picked":"Cold Snap","floor":11.0},{"not_picked":["Machine Learning","Seek"],"picked":"Core Surge","floor":16.0},{"not_picked":["Fusion","Steam Power"],"picked":"Undo","floor":18.0},{"not_picked":["Double Energy","Hologram"],"picked":"Defragment","floor":22.0},{"not_picked":["Skim","Glacier"],"picked":"Genetic Algorithm","floor":25.0},{"not_picked":["Leap","Conserve Battery"],"picked":"Gash+1","floor":28.0},{"not_picked":["Fission","Skim"],"picked":"Coolheaded","floor":29.0},{"not_picked":["Cold Snap","Static Discharge","Redo"],"picked":"SKIP","floor":31.0},{"not_picked":["Echo Form","Amplify"],"picked":"Creative AI","floor":33.0},{"not_picked":["Beam Cell","Sweeping Beam"],"picked":"Turbo","floor":35.0},{"not_picked":["Scrape","Beam Cell"],"picked":"Fusion","floor":38.0},{"not_picked":["Hologram","Steam Power"],"picked":"Double Energy+1","floor":39.0},{"not_picked":["Thunder Strike","Ball Lightning+1"],"picked":"Coolheaded+1","floor":41.0},{"not_picked":["Gash","Reprogram+1","Ball Lightning"],"picked":"SKIP","floor":42.0},{"not_picked":["Doom and Gloom","Turbo+1"],"picked":"Chaos+1","floor":44.0},{"not_picked":["Hello World","Conserve Battery","Steam Power+1"],"picked":"SKIP","floor":46.0},{"not_picked":["Conserve Battery","Coolheaded"],"picked":"Force Field+1","floor":48}],"player_experience":596623,"relics_obtained":[{"floor":9.0,"key":"Bag of Marbles"},{"floor":10.0,"key":"War Paint"},{"floor":26.0,"key":"Blue Candle"},{"floor":28.0,"key":"Blood Vial"},{"floor":43.0,"key":"White Beast Statue"}],"event_choices":[{"damage_healed":0.0,"max_hp_gain":0.0,"max_hp_loss":0.0,"gold_gain":150.0,"event_name":"Liars Game","player_choice":"AGREE","floor":2.0,"gold_loss":0.0,"damage_taken":0.0,"cards_obtained":["Doubt"]},{"damage_healed":0.0,"max_hp_gain":0.0,"max_hp_loss":0.0,"gold_gain":0.0,"event_name":"Shining Light","player_choice":"Entered Light","floor":5.0,"gold_loss":0.0,"damage_taken":21.0,"cards_upgraded":["Beam Cell","Strike_B"]},{"cards_removed":["Strike_B"],"damage_healed":0.0,"max_hp_gain":0.0,"max_hp_loss":0.0,"gold_gain":0.0,"event_name":"Golden Wing","player_choice":"Card Removal","floor":8.0,"gold_loss":0.0,"damage_taken":7.0},{"damage_healed":0.0,"max_hp_gain":0.0,"max_hp_loss":0.0,"gold_gain":75.0,"event_name":"World of Goop","player_choice":"Gather Gold","floor":13.0,"gold_loss":0.0,"damage_taken":11.0},{"cards_removed":["Strike_B"],"damage_healed":0.0,"max_hp_gain":0.0,"max_hp_loss":0.0,"gold_gain":0.0,"event_name":"Living Wall","player_choice":"Forget","floor":14.0,"gold_loss":0.0,"damage_taken":0.0},{"damage_healed":0.0,"max_hp_gain":0.0,"max_hp_loss":0.0,"gold_gain":0.0,"cards_transformed":["Strike_B","Defend_B"],"event_name":"Drug Dealer","player_choice":"Became Test Subject","floor":19.0,"gold_loss":0.0,"damage_taken":0.0,"cards_obtained":["Doom and Gloom","Hologram"]},{"damage_healed":0.0,"max_hp_gain":0.0,"max_hp_loss":0.0,"gold_gain":0.0,"event_name":"Addict","player_choice":"Stole Relic","floor":21.0,"gold_loss":0.0,"damage_taken":0.0,"relics_obtained":["HornCleat"],"cards_obtained":["Shame"]},{"damage_healed":0.0,"max_hp_gain":0.0,"max_hp_loss":0.0,"gold_gain":50.0,"event_name":"Nest","player_choice":"Stole From Cult","floor":27.0,"gold_loss":0.0,"damage_taken":0.0},{"damage_healed":0.0,"max_hp_gain":0.0,"max_hp_loss":0.0,"gold_gain":0.0,"event_name":"Match and Keep!","player_choice":"1 cards matched","floor":37.0,"gold_loss":0.0,"damage_taken":0.0,"cards_obtained":["Recycle"]},{"damage_healed":58.0,"max_hp_gain":0.0,"max_hp_loss":13.0,"gold_gain":0.0,"event_name":"The Moai Head","player_choice":"Heal","floor":47.0,"gold_loss":0.0,"damage_taken":0.0}],"is_beta":false,"boss_relics":[{"not_picked":["Black Star","SacredBark"],"picked":"Nuclear Battery"},{"not_picked":["Runic Pyramid","FrozenCore"],"picked":"SlaversCollar"}],"items_purged_floors":[3,36],"is_endless":false,"potions_floor_spawned":[10,11,16,18,22,28,29,39,41,44,46,48],"killed_by":"Awakened One","ascension_level":20}}