{"host":"cfv8orgc8997ql4r","time":1613769030,"event":{"mods":["AchievementEnabler","BaseMod","DeckTracker","Keyboard Shortcuts","Minty Spire (QoL Compilation)"],"gold_per_floor":[115,76,251,263,263,290,290,91,145,145,156,170,120,140,140,244,244,264,276,201,201,217,244,257,14,14,30,30,47,47,47],"floor_reached":30,"language":"KOR","playtime":890,"items_purged":[],"score":319,"play_id":"0a6a354e-2598-4447-940e-efc166b3b5bc","local_time":"20210220061030","is_ascension_mode":true,"campfire_choices":[{"data":"Coolheaded","floor":7,"key":"SMITH"},{"floor":10,"key":"REST"},{"data":"Loop","floor":15,"key":"SMITH"}],"circlet_count":0,"master_deck":["Strike_B","Strike_B","Strike_B","Strike_B","Defend_B+1","Defend_B+1","Zap","Dualcast","Coolheaded","Undo","Loop+1","Barrage","Coolheaded+1","Turbo","Sweeping Beam","Darkness","Core Surge","Cold Snap","Redo+1","Defragment+1","Echo Form","Conserve Battery"],"relics":["Cracked Core","Emotion Chip","Juzu Bracelet","Omamori","Velvet Choker","Blue Candle","Question Card","Oddly Smooth Stone"],"acts_visited":["Exordium","TheCity"],"potions_floor_usage":[6,14,29],"damage_taken":[{"damage":2,"enemies":"Jaw Worm","floor":1,"turns":4},{"damage":7,"enemies":"Small Slimes","floor":4,"turns":3},{"damage":32,"enemies":"Gremlin Nob","floor":6,"turns":4},{"damage":0,"enemies":"2 Louse","floor":11,"turns":3},{"damage":0,"enemies":"Large Slime","floor":12,"turns":6},{"damage":5,"enemies":"3 Louse","floor":14,"turns":3},{"damage":22,"enemies":"Hexaghost","floor":16,"turns":13},{"damage":10,"enemies":"2 Thieves","floor":18,"turns":4},{"damage":3,"enemies":"Spheric Guardian","floor":19,"turns":4},{"damage":5,"enemies":"Chosen and Byrds","floor":22,"turns":4},{"damage":37,"enemies":"Slavers","floor":23,"turns":4},{"damage":6,"enemies":"Snecko","floor":24,"turns":6},{"damage":0,"enemies":"Cultist and Chosen","floor":27,"turns":5},{"damage":23,"enemies":"Centurion and Healer","floor":29,"turns":3}],"seed_played":"3423996359981162716","potions_obtained":[{"floor":1,"key":"EssenceOfDarkness"},{"floor":4,"key":"DistilledChaos"},{"floor":14,"key":"Fire Potion"},{"floor":16,"key":"FairyPotion"},{"floor":27,"key":"ColorlessPotion"}],"is_trial":false,"path_per_floor":["M","$","?","M","?","E","R","$","T","R","M","M","?","M","R","B",null,"M","M","?","?","M","E","M","$","T","M","$","M","R"],"character_chosen":"DEFECT","items_purchased":["Loop","Turbo","Juzu Bracelet","Question Card"],"campfire_rested":1,"item_purchase_floors":[2,8,8,25],"current_hp_per_floor":[73,73,73,66,51,19,19,19,19,41,41,41,41,36,36,14,75,65,62,62,62,57,20,14,14,14,14,14,22,22,22],"gold":47,"neow_bonus":"THREE_CARDS","is_daily":false,"chose_seed":false,"campfire_upgraded":2,"win_rate":0.0,"timestamp":1613769030,"path_taken":["M","$","?","M","?","E","R","$","T","R","M","M","?","M","R","BOSS","M","M","?","?","M","E","M","$","T","M","$","M","R"],"items_purchased_type":["Card","Card","Relic","Relic"],"build_version":"2020-12-22","purchased_purges":0,"victory":false,"max_hp_per_floor":[75,75,75,75,75,75,75,75,75,75,75,75,75,75,75,75,75,75,75,75,75,75,75,75,75,75,75,75,75,75,75],"card_choices":[{"not_picked":["Stack","Sunder"],"picked":"Coolheaded","floor":0},{"not_picked":["Steam","Auto Shields"],"picked":"Undo","floor":1},{"not_picked":["Auto Shields","FTL"],"picked":"Barrage","floor":4},{"not_picked":["Compile Driver","Rebound"],"picked":"Coolheaded","floor":6},{"not_picked":["Coolheaded","Turbo"],"picked":"Sweeping Beam","floor":11},{"not_picked":["Conserve Battery","Barrage"],"picked":"Darkness","floor":12},{"not_picked":["Beam Cell","Coolheaded","Go for the Eyes"],"picked":"SKIP","floor":14},{"not_picked":["Rainbow","Creative AI"],"picked":"Core Surge","floor":16},{"not_picked":["Coolheaded+1","Aggregate+1"],"picked":"Cold Snap","floor":18},{"not_picked":["Sweeping Beam","Stack+1","Ball Lightning+1"],"picked":"SKIP","floor":19},{"not_picked":["Conserve Battery+1","Ball Lightning+1"],"picked":"Redo+1","floor":22},{"not_picked":["Heatsinks","Doom and Gloom"],"picked":"Defragment+1","floor":23},{"not_picked":["Coolheaded+1","Tempest+1","Conserve Battery"],"picked":"SKIP","floor":24},{"not_picked":["Coolheaded","Steam","Beam Cell"],"picked":"Echo Form","floor":27},{"not_picked":["Aggregate","Redo+1","BootSequence"],"picked":"Conserve Battery","floor":29}],"player_experience":202987,"relics_obtained":[{"floor":6,"key":"Emotion Chip"},{"floor":9,"key":"Omamori"},{"floor":23,"key":"Blue Candle"},{"floor":26,"key":"Oddly Smooth Stone"}],"event_choices":[{"damage_healed":0,"gold_gain":175,"player_choice":"AGREE","damage_taken":0,"max_hp_gain":0,"max_hp_loss":0,"event_name":"Liars Game","floor":3,"gold_loss":0,"cards_obtained":["Doubt"]},{"damage_healed":0,"gold_gain":0,"player_choice":"Entered Light","damage_taken":15,"max_hp_gain":0,"max_hp_loss":0,"event_name":"Shining Light","floor":5,"gold_loss":0,"cards_upgraded":["Defend_B","Defend_B"]},{"cards_removed":["Doubt"],"damage_healed":0,"gold_gain":0,"player_choice":"Card Removal","damage_taken":0,"max_hp_gain":0,"max_hp_loss":0,"event_name":"The Cleric","floor":13,"gold_loss":50},{"cards_removed":["Defend_B"],"damage_healed":0,"gold_gain":0,"player_choice":"Gave Gold","damage_taken":0,"max_hp_gain":0,"max_hp_loss":0,"event_name":"Beggar","floor":20,"gold_loss":75},{"cards_removed":["Defend_B"],"damage_healed":0,"gold_gain":0,"player_choice":"Elegance","damage_taken":0,"max_hp_gain":0,"max_hp_loss":0,"event_name":"Back to Basics","floor":21,"gold_loss":0}],"is_beta":false,"boss_relics":[{"not_picked":["Pandora\u0027s Box","Empty Cage"],"picked":"Velvet Choker"}],"items_purged_floors":[],"is_endless":false,"potions_floor_spawned":[1,4,14,16,27],"ascension_level":3}}