{"host":"8inpc3yxphy2r27y","time":1613756250,"event":{"mods":["ATMod(阿瑾Mod)","Act Like it!","Aspiration","Astrologer","Bard","BaseMod","Better Synergies","Better Vampires","Challenge The Spire","Conspire","Decade(王小明)","Defuse TimeMaze Blight","Downfall","Energized Spire","FanaticalFans","FoggyMod","FutureSeer","Gensokyo","Gremlin Mod","GungeonMod","Hallownest","HumanHunterMod(怪物杀人mod)","LagranYue(拉格朗・月)","Lobotomy","LobotomyExtend","Minty Spire (QoL Compilation)","MostiFishMod","Pale of the Ancients","Potion Indicator Mod","Quarter Circle Forward PUNCH!","Quick Restart","Red Circlet Mod","Reimu（博丽灵梦）","Relic Filter Mod","Relic Stats","Replay The Spire","RumiaBox-露米娅的神秘盒子","Ryuuou龙王","SIMod","Shop Mod","Spicy Shops","StSLib","TestMod","The Animator","The Cursed","The Hierophant","UnlockEverythingMod","Waifu the Spire","[GremlinLeader]The Maniac","[IsaacMod]以撒尖塔","noobMod","【功能Mod】聪明的最终Boss","【遗物卡牌】REMEMod","篝火指南"],"gold_per_floor":[80,80,199,309,1747,1747,129,129,244,363,333,429,87,8,8],"floor_reached":14,"language":"ZHS","playtime":1107,"items_purged":[],"score":2858,"play_id":"4724a375-2919-4dce-87c8-abee80d18559","local_time":"20210220013730","daily_mods":["challengethespire:Platinum Difficulty","challengethespire:Modded Boss Rush","Uncertain Future"],"is_ascension_mode":true,"campfire_choices":[{"data":"animator:Strike_Fate","floor":2.0,"key":"SMITH"},{"floor":8,"key":"REST"}],"circlet_count":0,"master_deck":["AscendersBane","animator:Alexander+1","animator:Rider+1","AT_FamilyPortrait+1","testmod-Illusory+1","animator:SilverFang+1","animator:FeridBathory+1","animator:MadokaKaname+1","animator:Saitama+1","animator:Ainz+1","animator:Biyorigo+1","animator:Boros+1","animator:HigakiRinne+1","animator:MadokaKaname+1","animator:HigakiRinne+1","animator:Albedo+1","animator:MamiTomoe+1","animator:Caster+1","animator:KyokoSakura+1","animator:Gilgamesh+6","animator:Mitsurugi+1"],"relics":["animator:LivingPicture","animator:TheMissingPiece","The Courier","Molten Egg 2","Toxic Egg 2","Frozen Egg 2","REME_ComplimentaryCards","ice","Fans:FanaticalFans","DaveBox","HushsDoor","AT_ATBox","testmod-TestBox","LagranYue:RandomDrawCardRelic","MetatronsCube","BookOfRevelations","testmod-AscensionHeart","MerchantsRug","Guide Book","AT_DeathDance","qcfpunch:Red_Beret","Strawberry","SecretRecord","LetterFromLob","TuHaoJin","CloakClasp","Chameleon Ring","AT_RabadonDeathcap","aspiration:RandomNobGenerator","MegaBlast","Incubus","testmod-Charity","SumBook","aspiration:Nostalgia","hierophant:PropheticMaskRelic","GodSword4","testmod-ArcanaOfDestiny","Lantern","DemoMod:PinkGuonStone","AT_ChloranthyRing","PillsDrop","bronze:BronzeIdol","DemoMod:GlassGuonStoneRelic","testmod-AssaultLearning","DemoMod:DecoyRelic","GuppysTail","testmod-DeterminationOfClimber","BelialBook","paleoftheancients:Timepiece","Oddly Smooth Stone","Gremlin Horn"],"acts_visited":["Exordium","TheCity","TheBeyond","paleoftheancients:PaleOfTheAncients"],"potions_floor_usage":[14,14],"damage_taken":[{"damage":63.0,"enemies":"Hexaghost","floor":3.0,"turns":18.0},{"damage":235.0,"enemies":"Fading Forest","floor":4.0,"turns":13.0},{"damage":0,"enemies":"Slime Boss","floor":5,"turns":1},{"damage":0,"enemies":"Hexaghost","floor":9,"turns":1},{"damage":0,"enemies":"Fading Forest","floor":10,"turns":1},{"damage":0,"enemies":"Slime Boss","floor":11,"turns":1},{"damage":0,"enemies":"Slime Boss","floor":13,"turns":1},{"damage":0,"enemies":"Slime Boss","floor":14,"turns":1}],"seed_played":"5136258121730673822","potions_obtained":[{"floor":3.0,"key":"Explosive Potion"},{"floor":5,"key":"Strength Potion"},{"floor":10,"key":"SteroidPotion"},{"floor":13,"key":"Explosive Potion"}],"is_trial":true,"path_per_floor":["$","R","M","M","M","T","$","R","M","M","M","T","M","M"],"character_chosen":"THE_ANIMATOR","items_purchased":["MerchantsRug","Guide Book","AT_DeathDance","qcfpunch:Red_Beret","Strawberry","MegaBlast","Incubus","testmod-Charity","SumBook","aspiration:Nostalgia","GodSword4","testmod-ArcanaOfDestiny","Lantern","DemoMod:PinkGuonStone","AT_ChloranthyRing","PillsDrop","bronze:BronzeIdol","animator:Gilgamesh+1","BelialBook"],"campfire_rested":1,"item_purchase_floors":[1,1,1,1,1,6,6,7,7,7,7,7,7,7,7,7,7,12,12],"current_hp_per_floor":[61,61,60,46,-999916,-249962,-249944,-249932,-249930,-249928,-249926,-15588,-7774,-7767,-7767],"gold":8,"neow_bonus":"","is_daily":false,"chose_seed":false,"campfire_upgraded":1,"win_rate":0.0,"timestamp":1613756250,"path_taken":["$","R","M","M","M","T","$","R","M","M","M","T","M","M"],"items_purchased_type":["Relic","Relic","Relic","Relic","Relic","Relic","Relic","Relic","Relic","Relic","Relic","Relic","Card","Relic","Relic","Relic","Relic","Card","Relic"],"build_version":"2020-12-22","purchased_purges":0,"victory":false,"max_hp_per_floor":[67,67,75,83,83,23,41,41,42,43,44,34,36,36,36],"relic_stats":{"Gremlin Horn":[2,2],"counters":[8,37],"CloakClasp":[0],"obtain_stats":[{"AT_ATBox":0,"LagranYue:RandomDrawCardRelic":0,"Gremlin Horn":12,"DemoMod:GlassGuonStoneRelic":9,"ice":0,"Fans:FanaticalFans":0,"qcfpunch:Red_Beret":1,"Strawberry":1,"TuHaoJin":4,"Toxic Egg 2":0,"KeepersGift":0,"MerchantsRug":1,"AT_RabadonDeathcap":5,"testmod-TestBox":0,"aspiration:Nostalgia":7,"BookOfRevelations":0,"BelialBook":12,"Oddly Smooth Stone":12,"Incubus":6,"paleoftheancients:Timepiece":12,"DemoMod:DecoyRelic":10,"Molten Egg 2":0,"AT_DeathDance":1,"GodSword4":7,"HushsDoor":0,"MetatronsCube":0,"GuppysTail":11,"Lantern":7,"DaveBox":0,"animator:TheMissingPiece":0,"hierophant:PropheticMaskRelic":7,"SecretRecord":3,"CloakClasp":5,"testmod-AscensionHeart":0,"testmod-Charity":7,"Chameleon Ring":5,"PillsDrop":7,"testmod-DeterminationOfClimber":12,"testmod-ArcanaOfDestiny":7,"SumBook":7,"AT_ChloranthyRing":7,"Guide Book":1,"The Courier":0,"DemoMod:PinkGuonStone":7,"aspiration:RandomNobGenerator":6,"Frozen Egg 2":0,"MegaBlast":6,"bronze:BronzeIdol":7,"testmod-AssaultLearning":9,"animator:LivingPicture":0,"LetterFromLob":3,"REME_ComplimentaryCards":0},{"AT_ATBox":0,"LagranYue:RandomDrawCardRelic":0,"Gremlin Horn":6,"DemoMod:GlassGuonStoneRelic":4,"ice":0,"Fans:FanaticalFans":0,"qcfpunch:Red_Beret":0,"Strawberry":0,"TuHaoJin":2,"Toxic Egg 2":0,"KeepersGift":0,"MerchantsRug":0,"AT_RabadonDeathcap":3,"testmod-TestBox":0,"aspiration:Nostalgia":3,"BookOfRevelations":0,"BelialBook":6,"Oddly Smooth Stone":6,"Incubus":3,"paleoftheancients:Timepiece":6,"DemoMod:DecoyRelic":5,"Molten Egg 2":0,"AT_DeathDance":0,"GodSword4":3,"HushsDoor":0,"MetatronsCube":0,"GuppysTail":6,"Lantern":3,"DaveBox":0,"animator:TheMissingPiece":0,"hierophant:PropheticMaskRelic":3,"SecretRecord":1,"CloakClasp":3,"testmod-AscensionHeart":0,"testmod-Charity":3,"Chameleon Ring":3,"PillsDrop":3,"testmod-DeterminationOfClimber":6,"testmod-ArcanaOfDestiny":3,"SumBook":3,"AT_ChloranthyRing":3,"Guide Book":0,"The Courier":0,"DemoMod:PinkGuonStone":3,"aspiration:RandomNobGenerator":3,"Frozen Egg 2":0,"MegaBlast":3,"bronze:BronzeIdol":3,"testmod-AssaultLearning":4,"animator:LivingPicture":0,"LetterFromLob":1,"REME_ComplimentaryCards":0},{"AT_ATBox":0,"LagranYue:RandomDrawCardRelic":0,"Gremlin Horn":35,"DemoMod:GlassGuonStoneRelic":33,"ice":0,"Fans:FanaticalFans":0,"qcfpunch:Red_Beret":0,"Strawberry":0,"TuHaoJin":31,"Toxic Egg 2":0,"KeepersGift":0,"MerchantsRug":0,"AT_RabadonDeathcap":32,"testmod-TestBox":0,"aspiration:Nostalgia":32,"BookOfRevelations":0,"BelialBook":35,"Oddly Smooth Stone":35,"Incubus":32,"paleoftheancients:Timepiece":35,"DemoMod:DecoyRelic":34,"Molten Egg 2":0,"AT_DeathDance":0,"GodSword4":32,"HushsDoor":0,"MetatronsCube":0,"GuppysTail":35,"Lantern":32,"DaveBox":0,"animator:TheMissingPiece":0,"hierophant:PropheticMaskRelic":32,"SecretRecord":18,"CloakClasp":32,"testmod-AscensionHeart":0,"testmod-Charity":32,"Chameleon Ring":32,"PillsDrop":32,"testmod-DeterminationOfClimber":35,"testmod-ArcanaOfDestiny":32,"SumBook":32,"AT_ChloranthyRing":32,"Guide Book":0,"The Courier":0,"DemoMod:PinkGuonStone":32,"aspiration:RandomNobGenerator":32,"Frozen Egg 2":0,"MegaBlast":32,"bronze:BronzeIdol":32,"testmod-AssaultLearning":33,"animator:LivingPicture":0,"LetterFromLob":18,"REME_ComplimentaryCards":0}]},"card_choices":[{"not_picked":[],"picked":"SuicideKing","floor":0.0},{"not_picked":["animator:OrikoMikuni+1","animator:Konayuki+1"],"picked":"animator:Mitsurugi+1","floor":13}],"player_experience":204410,"relics_obtained":[{"floor":3.0,"key":"SecretRecord"},{"floor":3.0,"key":"LetterFromLob"},{"floor":4.0,"key":"TuHaoJin"},{"floor":5,"key":"CloakClasp"},{"floor":5,"key":"Chameleon Ring"},{"floor":5,"key":"AT_RabadonDeathcap"},{"floor":9,"key":"testmod-AssaultLearning"},{"floor":10,"key":"DemoMod:DecoyRelic"},{"floor":11,"key":"GuppysTail"}],"event_choices":[],"is_beta":false,"boss_relics":[{"not_picked":["testmod-EnergyCheck","xbg"],"picked":"aspiration:RandomNobGenerator"},{"not_picked":[]},{"not_picked":["testmod-CardMagician","Fusion Hammer"],"picked":"testmod-DeterminationOfClimber"},{"not_picked":[]},{"not_picked":[]}],"items_purged_floors":[],"is_endless":false,"potions_floor_spawned":[3,10,13],"killed_by":"Slime Boss","ascension_level":20}}