{"host":"flm17o2q7bfjyna6","time":1613770559,"event":{"mods":["2.2 Compatiblity","Act Like it!","BaseMod","Better Altar","Better Match","Better Note","Better Sensory Stone","Better Skull","Better Third Choice","Better Vampires","Colored Map","Colored Powertips","DeckTracker","Downfall","Fox Events","Minty Spire (QoL Compilation)","Quick Restart","Replay The Spire","Reworked Bosses","Spicy Shops","StSLib","TheSwordswoman","Wandering Minibosses"],"gold_per_floor":[99,99,99,161,161,61,139,139,174,2,32,32,32,47,66,171,171,171,182,196,209,209,244,269,269,298,198,36,53,72,99,116,215,215,115,127,138,148,58,76,150,150,179,199,199,231,70,80,96,96,96,128,69,69,69,69,69,69],"floor_reached":56,"language":"ENG","playtime":3519,"items_purged":["champ:Defend","Normality"],"score":991,"play_id":"41d25f30-431d-429c-b0b5-3e9909b895af","local_time":"20210219163559","is_ascension_mode":true,"campfire_choices":[{"floor":1,"key":"RECALL"},{"data":"champ:Taunt","floor":6,"key":"SMITH"},{"data":"champ:HeartStrike","floor":8,"key":"SMITH"},{"data":"champ:StanceDance","floor":12,"key":"SMITH"},{"data":"champ:Execute","floor":18,"key":"SMITH"},{"data":"champ:RageSigil","floor":27,"key":"SMITH"},{"data":"champ:SwordThrow","floor":35,"key":"SMITH"},{"data":"champ:FanOfKnives","floor":42,"key":"SMITH"},{"data":"champ:CalledShot","floor":45,"key":"SMITH"},{"data":"expansioncontent:QuickStudy","floor":54,"key":"SMITH"}],"circlet_count":0,"master_deck":["champ:Strike","champ:Strike","champ:Strike+1","champ:Strike","champ:Defend","champ:Defend","champ:Defend","champ:Execute+1","champ:Taunt+1","champ:StanceDance+1","champ:HeartStrike+1","champ:Shatter","champ:Endure","champ:CalledShot+1","champ:CrownThrow","champ:FaceSlap","champ:Haymaker","champ:DancingMaster+1","champ:DefensiveStyle+1","champ:DeathBlow","champ:RageSigil+1","champ:BerserkersShout+1","champ:DefensiveShout","champ:ShieldSlam+1","champ:BladeFlurry+1","champ:FanOfKnives+1","champ:FanOfKnives+1","champ:Devastate","champ:SwordThrow+1","champ:FocusedDefense","champ:Lariat+1","Parasite","champ:GutPunch+1","champ:ShieldWall+1","champ:FancyFootwork","champ:VampiricStrike","champ:UltimateStance","champ:IronFortress+1","expansioncontent:QuickStudy+1","champ:StanceDance+1","champ:FaceSlap","champ:GutPunch+1","Pain"],"relics":["champ:ChampionCrownUpgraded","downfall:HeartsMalice","Pocketwatch","downfall:HeartBlessingRed","Frozen Egg 2","Toy Ornithopter","Guardian:PocketSentry","Potion Belt","PreservedInsect","hexamod:CandleOfCauterizing","Incense Burner","downfall:HeartBlessingBlue","Guardian:BottledAnomaly","Dream Catcher","Black Star","downfall:HeartBlessingGreen","Shuriken","Replay:Rubber Ducky","Eternal Feather","wanderingMiniBosses:AbyssPearl","Boot","Bronze Scales","ReplayTheSpireMod:CursedCoin","Whetstone","ReplayTheSpireMod:Shallot","Bird Faced Urn","Pen Nib","Lee\u0027s Waffle"],"acts_visited":["Exordium","TheCity","TheBeyond","TheEnding"],"potions_floor_usage":[10,15,15,16,21,23,29,29,30,33,33,40,55,56,56,56],"damage_taken":[{"damage":0,"enemies":"Cultist","floor":2,"turns":1},{"damage":0,"enemies":"Jaw Worm","floor":3,"turns":1},{"damage":0,"enemies":"Gremlin Nob","floor":4,"turns":1},{"damage":39,"enemies":"Gremlin Nob","floor":9,"turns":4},{"damage":10,"enemies":"downfall:FleeingMerchant","floor":10,"turns":4},{"damage":49,"enemies":"3 Sentries","floor":11,"turns":7},{"damage":10,"enemies":"2 Louse","floor":14,"turns":2},{"damage":0,"enemies":"Gremlin Gang","floor":15,"turns":1},{"damage":46,"enemies":"DF_ARCHETYPE_STREAMLINE","floor":16,"turns":8},{"damage":16,"enemies":"downfall:LooterAlt2","floor":19,"turns":3},{"damage":12,"enemies":"Spheric Guardian","floor":20,"turns":2},{"damage":12,"enemies":"Chosen and Byrds","floor":21,"turns":3},{"damage":67,"enemies":"Gremlin Leader","floor":23,"turns":7},{"damage":53,"enemies":"Book of Stabbing","floor":26,"turns":5},{"damage":25,"enemies":"downfall:FleeingMerchant","floor":28,"turns":4},{"damage":56,"enemies":"3 Cultists","floor":29,"turns":6},{"damage":49,"enemies":"Centurion and Healer","floor":30,"turns":5},{"damage":20,"enemies":"Replay:Snechameleon","floor":31,"turns":5},{"damage":5,"enemies":"Sentry and Sphere","floor":32,"turns":2},{"damage":55,"enemies":"WA_ARCHETYPE_CALM","floor":33,"turns":10},{"damage":7,"enemies":"Orb Walker","floor":36,"turns":2},{"damage":2,"enemies":"3 Darklings","floor":37,"turns":3},{"damage":44,"enemies":"Writhing Mass","floor":38,"turns":3},{"damage":37,"enemies":"downfall:FleeingMerchant","floor":39,"turns":4},{"damage":17,"enemies":"Jaw Worm Horde","floor":40,"turns":2},{"damage":34,"enemies":"Reptomancer","floor":43,"turns":4},{"damage":49,"enemies":"Maw","floor":44,"turns":7},{"damage":20,"enemies":"Nemesis","floor":46,"turns":3},{"damage":0,"enemies":"downfall:FleeingMerchant","floor":47,"turns":2},{"damage":10,"enemies":"3 Darklings","floor":48,"turns":2},{"damage":11,"enemies":"Jaw Worm Horde","floor":49,"turns":4},{"damage":43,"enemies":"SI_POISON_ARCHETYPE","floor":50,"turns":10},{"damage":73,"enemies":"downfall:CharBossMerchant","floor":52,"turns":7},{"damage":78,"enemies":"downfall:NeowBoss","floor":55,"turns":13},{"damage":126,"enemies":"downfall:NeowBossFinal","floor":56,"turns":8}],"seed_played":"-4633882529115311223","potions_obtained":[{"floor":4,"key":"hexamod:SoulburnPotion"},{"floor":11,"key":"Toxic Potion"},{"floor":13,"key":"champ:CounterPotion"},{"floor":13,"key":"AttackPotion"},{"floor":13,"key":"Explosive Potion"},{"floor":14,"key":"Explosive Potion"},{"floor":15,"key":"Dexterity Potion"},{"floor":16,"key":"champ:CounterPotion"},{"floor":19,"key":"GamblersBrew"},{"floor":20,"key":"Elixir"},{"floor":29,"key":"SkillPotion"},{"floor":31,"key":"Ancient Potion"},{"floor":33,"key":"EssenceOfSteel"},{"floor":36,"key":"Weak Potion"},{"floor":38,"key":"Explosive Potion"},{"floor":40,"key":"Weak Potion"},{"floor":44,"key":"BlessingOfTheForge"}],"is_trial":false,"path_per_floor":["R","M","M","?","?","R","T","R","E","$","E","R","?","M","M","B",null,"R","M","M","M","?","E","T","?","E","R","$","M","M","E","M","B",null,"R","M","M","M","$","M","T","R","E","M","R","E","$","M","M","B",null,"E","$","R","B","B"],"character_chosen":"THE_CHAMP","items_purchased":["Guardian:PocketSentry","Guardian:BottledAnomaly","ReplayTheSpireMod:CursedCoin","Whetstone","ReplayTheSpireMod:Shallot","PowerPotion","expansioncontent:QuickStudy","Lee\u0027s Waffle"],"campfire_rested":0,"item_purchase_floors":[10,28,47,47,47,47,47,53],"current_hp_per_floor":[90,90,90,90,90,90,90,90,61,56,42,42,42,42,52,36,90,90,89,87,80,80,43,43,43,35,45,35,29,25,20,20,30,100,100,93,100,86,94,82,82,82,88,69,90,90,90,90,94,96,100,67,107,107,79,0,0,0],"gold":69,"neow_bonus":"THREE_ENEMY_KILL","is_daily":false,"chose_seed":false,"campfire_upgraded":9,"win_rate":0.0,"timestamp":1613770559,"path_taken":["R","M","M","?","?","R","T","R","E","$","E","R","?","?","M","BOSS","R","M","M","M","?","E","T","?","E","R","$","M","M","E","M","BOSS","R","M","M","M","$","M","T","R","E","M","R","E","$","?","M","BOSS","E","$","R","BOSS","BOSS"],"items_purchased_type":["Relic","Relic","Relic","Relic","Relic","Potion","Card","Relic"],"build_version":"2020-12-22","purchased_purges":2,"victory":false,"max_hp_per_floor":[90,90,90,90,90,90,90,90,90,90,90,90,90,90,90,90,90,90,90,90,90,90,90,90,90,90,100,100,100,100,100,100,100,100,100,100,100,100,100,100,100,100,100,100,100,100,100,100,100,100,100,100,107,107,107,107,107,107],"card_choices":[{"not_picked":["champ:CrownThrow","champ:Circumvent"],"picked":"champ:StanceDance","floor":2},{"not_picked":["champ:Parry","champ:Encircle"],"picked":"champ:HeartStrike","floor":3},{"not_picked":["champ:BerserkersShout","champ:CrownThrow"],"picked":"champ:Shatter","floor":4},{"not_picked":["champ:EnGarde","champ:Shatter"],"picked":"champ:Endure","floor":9},{"not_picked":["champ:Circumvent","champ:FaceSlap"],"picked":"champ:CalledShot","floor":10},{"not_picked":["champ:BladeFlurry","champ:EnGarde"],"picked":"champ:CrownThrow","floor":11},{"not_picked":["champ:BladeFlurry","champ:FanOfKnives"],"picked":"champ:FaceSlap","floor":14},{"not_picked":["champ:CrownThrow","champ:PerfectedStrike"],"picked":"champ:Haymaker","floor":15},{"not_picked":["champ:ShieldThrow","champ:MurderStrike"],"picked":"champ:DancingMaster+1","floor":16},{"not_picked":["champ:FanOfKnives+1","champ:FlashCut"],"picked":"champ:DefensiveStyle+1","floor":19},{"not_picked":["champ:PreemptiveStrike+1","champ:CrownThrow"],"picked":"champ:DeathBlow","floor":20},{"not_picked":["champ:BerserkersShout","champ:Shatter"],"picked":"champ:RageSigil","floor":21},{"not_picked":["champ:PreemptiveStrike","champ:ArenaPreparation"],"picked":"champ:BerserkersShout+1","floor":23},{"not_picked":["champ:BladeFlurry","champ:Circumvent"],"picked":"champ:DefensiveShout","floor":26},{"not_picked":["champ:BringItOn","champ:CrownThrow+1"],"picked":"champ:ShieldSlam+1","floor":28},{"not_picked":["champ:Haymaker","champ:FlashCut"],"picked":"champ:BladeFlurry","floor":29},{"not_picked":["champ:BerserkersShout+1","champ:RisingSlash"],"picked":"champ:FanOfKnives","floor":30},{"not_picked":["champ:ShieldSigil","champ:HeartStrike"],"picked":"champ:FanOfKnives+1","floor":31},{"not_picked":["champ:Backstep","champ:RecklessLeap"],"picked":"champ:Devastate","floor":32},{"not_picked":["champ:HeavySlash","champ:VampiricStrike"],"picked":"champ:SwordThrow","floor":33},{"not_picked":["champ:BladeFlurry+1","champ:BringItOn"],"picked":"champ:FocusedDefense","floor":36},{"not_picked":["champ:CrownThrow+1","champ:DefensiveShout+1"],"picked":"champ:Lariat+1","floor":37},{"not_picked":["champ:BerserkersShout","champ:DefensiveShout"],"picked":"champ:GutPunch+1","floor":38},{"not_picked":["champ:GladiatorStyle+1","champ:GutPunch"],"picked":"champ:ShieldWall+1","floor":39},{"not_picked":["champ:TornadoPunch+1","champ:EndlessRage+1"],"picked":"champ:FancyFootwork","floor":40},{"not_picked":["champ:FlashCut","champ:ShieldSigil+1"],"picked":"champ:VampiricStrike","floor":43},{"not_picked":["champ:PerfectedStrike","champ:EnGarde","champ:PreciseThrust"],"picked":"SKIP","floor":44},{"not_picked":["champ:TornadoPunch","champ:FanOfKnives"],"picked":"champ:UltimateStance","floor":46},{"not_picked":["champ:FocusedBerserking","champ:SkillfulDodge"],"picked":"champ:IronFortress+1","floor":47},{"not_picked":["champ:CrookedStrike+1","champ:Circumvent"],"picked":"champ:StanceDance+1","floor":48},{"not_picked":["champ:GladiatorStyle+1","champ:Shatter"],"picked":"champ:FaceSlap","floor":49},{"not_picked":["champ:RageSigil+1","champ:CrownThrow+1"],"picked":"champ:GutPunch+1","floor":52}],"player_experience":1962533,"relics_obtained":[{"floor":4,"key":"Pocketwatch"},{"floor":7,"key":"Frozen Egg 2"},{"floor":9,"key":"Toy Ornithopter"},{"floor":11,"key":"Potion Belt"},{"floor":23,"key":"PreservedInsect"},{"floor":25,"key":"hexamod:CandleOfCauterizing"},{"floor":26,"key":"Incense Burner"},{"floor":31,"key":"Dream Catcher"},{"floor":41,"key":"Shuriken"},{"floor":43,"key":"Replay:Rubber Ducky"},{"floor":43,"key":"Eternal Feather"},{"floor":44,"key":"wanderingMiniBosses:AbyssPearl"},{"floor":46,"key":"Boot"},{"floor":46,"key":"Bronze Scales"},{"floor":52,"key":"Bird Faced Urn"},{"floor":52,"key":"Pen Nib"}],"event_choices":[{"damage_healed":0,"gold_gain":0,"player_choice":"Got Potions","damage_taken":0,"max_hp_gain":0,"max_hp_loss":0,"event_name":"Lab","floor":13,"gold_loss":0},{"cards_removed":["champ:Strike"],"damage_healed":0,"gold_gain":0,"player_choice":"Give","damage_taken":0,"max_hp_gain":0,"max_hp_loss":0,"event_name":"betterNote:BetterNote","floor":22,"gold_loss":0,"cards_obtained":["champ:Strike"]},{"damage_healed":0,"gold_gain":0,"player_choice":"Relic","damage_taken":0,"max_hp_gain":0,"max_hp_loss":0,"event_name":"Wheel of Change","floor":25,"gold_loss":0}],"is_beta":false,"boss_relics":[{"not_picked":["Tiny House","Fusion Hammer"],"picked":"champ:ChampionCrownUpgraded"},{"not_picked":["bronze:MakeshiftBattery","Philosopher\u0027s Stone"],"picked":"Black Star"}],"items_purged_floors":[39,47],"is_endless":false,"potions_floor_spawned":[4,11,14,15,16,19,20,29,31,33,36,38,40,44],"killed_by":"downfall:NeowBossFinal","ascension_level":1}}