{"host":"0ke4ewd6kv0tgkyi","time":1613765838,"event":{"mods":["2.2 Compatiblity","A Magickal Journey","Act Like it!","Aspiration","BaseMod","Conspire","Elementarium","Fiend Mod","Gensokyo","Hallownest","JesterMod","Menagerie","Minty Spire (QoL Compilation)","Pale of the Ancients","Permanent Neow","Potionbrewer","Quarter Circle Forward PUNCH!","QueenMod","Reliquary","Shade Mod","Somnambulant","StSLib","The Alterego","The Cursed","The Gatherer","The Judge","The Jungle","The Poker Player","The Senshi"],"gold_per_floor":[14,114,124,49,49,49,61,61,88,98,115,127,127,143,143,248,248,265,365,340,340,340,340],"floor_reached":22,"language":"ENG","playtime":2097,"items_purged":["QueenMod:Strike"],"score":178,"play_id":"085983f9-085f-42a6-b96c-77569ae87fb1","local_time":"20210219121718","is_ascension_mode":false,"campfire_choices":[{"data":"QueenMod:Recruit","floor":6,"key":"SMITH"},{"data":"QueenMod:HoneyShield","floor":8,"key":"SMITH"},{"data":"QueenMod:SwarmingStrike","floor":13,"key":"SMITH"},{"floor":15,"key":"REST"}],"circlet_count":0,"master_deck":["QueenMod:Strike","QueenMod:Strike","QueenMod:Strike","QueenMod:Defend","QueenMod:Defend","QueenMod:Defend","QueenMod:Defend","QueenMod:QuickJabs","QueenMod:Recruit+1","QueenMod:HoneyShield+1","QueenMod:PerfectLanding","QueenMod:BuildOrder","QueenMod:Flyby","QueenMod:SwarmingStrike+1","QueenMod:BuildOrder","QueenMod:Feint","QueenMod:BirthingCells","QueenMod:SwarmTactics","QueenMod:Lunge","QueenMod:Advisor"],"relics":["QueenMod:QueensBanner","Oddly Smooth Stone","reliquary:Craggleroot"],"acts_visited":["Exordium","TheCity"],"potions_floor_usage":[14,18],"damage_taken":[{"damage":0,"enemies":"Menagerie:2_RABBITS","floor":1,"turns":5},{"damage":1,"enemies":"Menagerie:WhisperingWraith","floor":3,"turns":7},{"damage":16,"enemies":"Menagerie:MonstrousExperiment","floor":7,"turns":6},{"damage":11,"enemies":"Menagerie:DREAD_MOTH_AND_GRAFTED_WORMS","floor":10,"turns":4},{"damage":8,"enemies":"Menagerie:MeltingSalamander","floor":11,"turns":7},{"damage":7,"enemies":"Menagerie:RedMage","floor":12,"turns":6},{"damage":2,"enemies":"Menagerie:KEEPER_AND_YOUNG_SUNEATER","floor":14,"turns":7},{"damage":11,"enemies":"Menagerie:Chimera","floor":16,"turns":16},{"damage":41,"enemies":"conspire:FuzzyDice","floor":18,"turns":10},{"damage":10,"enemies":"2 Thieves","floor":20,"turns":5},{"damage":49,"enemies":"Shelled Parasite and Fungi","floor":22,"turns":5}],"seed_played":"-8704796571644091942","potions_obtained":[{"floor":3,"key":"Swift Potion"},{"floor":10,"key":"potionbrewer:CleansingPotion"},{"floor":16,"key":"Explosive Potion"}],"is_trial":false,"path_per_floor":["M","?","M","$","$","R","M","R","T","M","M","M","R","M","R","B",null,"M","?","M","?","M"],"character_chosen":"THE_QUEEN","items_purchased":[],"campfire_rested":1,"item_purchase_floors":[],"current_hp_per_floor":[75,75,74,74,74,74,58,58,58,47,39,32,32,30,52,41,75,34,34,24,49,0,0],"gold":340,"neow_bonus":"THREE_RARE_CARDS","is_daily":false,"chose_seed":false,"campfire_upgraded":3,"win_rate":0.0,"timestamp":1613765838,"path_taken":["M","?","M","?","$","R","M","R","T","M","?","M","R","M","R","BOSS","M","?","?","?","M"],"items_purchased_type":[],"build_version":"2020-12-22","purchased_purges":1,"victory":false,"max_hp_per_floor":[75,75,75,75,75,75,75,75,75,75,75,75,75,75,75,75,75,75,75,75,75,75,75],"card_choices":[{"not_picked":["QueenMod:ForcedMarch","QueenMod:SecretWeapon"],"picked":"QueenMod:HoneyShield","floor":0},{"not_picked":["QueenMod:HoneycombSmash","QueenMod:HiveDefenses"],"picked":"QueenMod:PerfectLanding","floor":1},{"not_picked":["QueenMod:HexGuard","QueenMod:CrossGuard"],"picked":"QueenMod:BuildOrder","floor":2},{"not_picked":["QueenMod:Assimilate","QueenMod:HoldPosition"],"picked":"QueenMod:Flyby","floor":3},{"not_picked":["QueenMod:Parry","QueenMod:Ravage"],"picked":"QueenMod:SwarmingStrike","floor":7},{"not_picked":["QueenMod:Conscripts","QueenMod:HexGuard","QueenMod:Gather"],"picked":"SKIP","floor":10},{"not_picked":["QueenMod:Conscripts","QueenMod:HoneycombSmash"],"picked":"QueenMod:BuildOrder","floor":11},{"not_picked":["QueenMod:GnatSquadron","QueenMod:Fleche"],"picked":"QueenMod:Feint","floor":12},{"not_picked":["QueenMod:Flyby","QueenMod:SplitStrike"],"picked":"QueenMod:BirthingCells","floor":14},{"not_picked":["QueenMod:EliteSoldiers","QueenMod:TortureDance"],"picked":"QueenMod:SwarmTactics","floor":16},{"not_picked":["QueenMod:Incubate","QueenMod:Parry"],"picked":"QueenMod:Lunge","floor":18},{"not_picked":["QueenMod:GnatSquadron+1","QueenMod:BuildOrder"],"picked":"QueenMod:Advisor","floor":19},{"not_picked":["QueenMod:AttackOrder","QueenMod:Incubate","QueenMod:Fleche"],"picked":"SKIP","floor":20}],"player_experience":997634,"relics_obtained":[{"floor":9,"key":"Oddly Smooth Stone"}],"event_choices":[{"damage_healed":25,"gold_gain":0,"player_choice":"Heal","damage_taken":0,"max_hp_gain":0,"max_hp_loss":0,"event_name":"The Library","floor":21,"gold_loss":0}],"is_beta":false,"boss_relics":[{"not_picked":["Snecko Eye","SlaversCollar"],"picked":"reliquary:Craggleroot"}],"items_purged_floors":[4],"is_endless":false,"potions_floor_spawned":[3,10,16],"killed_by":"Shelled Parasite and Fungi","ascension_level":0}}