{"host":"utqe55yv0jihe4d6","time":1613708539,"event":{"mods":["2.2 Compatiblity","AchievementEnabler","BaseMod","Block Reminder","Colored Map","Colored Powertips","Minty Spire (QoL Compilation)","Quick Restart","Rare Cards Sparkle","Relic Stats","SuperFastMode"],"gold_per_floor":[113,124,124,134,150,150,177,187,187,187,187,29,59,72,72,72,72],"floor_reached":16,"language":"ENG","playtime":354,"items_purged":[],"score":224,"play_id":"0637b50c-90cf-4cc8-a94c-2315064d4e04","local_time":"20210218232219","is_ascension_mode":true,"campfire_choices":[{"data":"Spot Weakness","floor":6,"key":"SMITH"},{"data":"Blood for Blood","floor":10,"key":"SMITH"},{"floor":15,"key":"REST"}],"circlet_count":0,"master_deck":["AscendersBane","Strike_R","Strike_R","Defend_R","Defend_R","Defend_R","Bash","Spot Weakness+1","Feel No Pain","Sword Boomerang","Headbutt","Rage","Blood for Blood+1","Combust","Dark Embrace","Uppercut"],"relics":["Burning Blood","Magic Flower","Gremlin Horn","ClockworkSouvenir","Omamori"],"acts_visited":["Exordium"],"potions_floor_usage":[7,14,16],"damage_taken":[{"damage":3,"enemies":"2 Louse","floor":1,"turns":3},{"damage":0,"enemies":"Cultist","floor":2,"turns":2},{"damage":11,"enemies":"Small Slimes","floor":4,"turns":3},{"damage":15,"enemies":"3 Louse","floor":5,"turns":4},{"damage":8,"enemies":"Gremlin Nob","floor":7,"turns":3},{"damage":13,"enemies":"Blue Slaver","floor":8,"turns":3},{"damage":28,"enemies":"Lagavulin","floor":13,"turns":6},{"damage":6,"enemies":"Exordium Thugs","floor":14,"turns":2},{"damage":60,"enemies":"Slime Boss","floor":16,"turns":5}],"seed_played":"-6108389701761730616","potions_obtained":[{"floor":1,"key":"GamblersBrew"},{"floor":5,"key":"Fire Potion"},{"floor":8,"key":"LiquidMemories"},{"floor":14,"key":"LiquidBronze"}],"is_trial":false,"path_per_floor":["M","M","?","M","M","R","E","M","T","R","?","$","E","M","R","B"],"character_chosen":"IRONCLAD","items_purchased":["ClockworkSouvenir"],"campfire_rested":1,"item_purchase_floors":[12],"current_hp_per_floor":[53,59,59,54,45,45,43,39,39,39,39,39,20,23,45,0,0],"gold":72,"neow_bonus":"TRANSFORM_TWO_CARDS","is_daily":false,"chose_seed":false,"campfire_upgraded":2,"win_rate":0.0,"timestamp":1613708539,"path_taken":["M","M","?","M","?","R","E","M","T","R","?","$","E","?","R","BOSS"],"items_purchased_type":["Relic"],"build_version":"2020-12-22","purchased_purges":0,"victory":false,"max_hp_per_floor":[75,75,75,75,75,75,75,75,75,75,75,75,75,75,75,75,75],"relic_stats":{"Gremlin Horn":[1,1],"counters":[9,31],"Magic Flower":[9],"obtain_stats":[{"Gremlin Horn":9,"Magic Flower":7,"Omamori":13,"Burning Blood":0,"ClockworkSouvenir":12},{"Gremlin Horn":6,"Magic Flower":5,"Omamori":7,"Burning Blood":0,"ClockworkSouvenir":6},{"Gremlin Horn":18,"Magic Flower":15,"Omamori":24,"Burning Blood":0,"ClockworkSouvenir":18}],"Burning Blood":57},"card_choices":[{"not_picked":["Battle Trance","Evolve"],"picked":"Sword Boomerang","floor":1},{"not_picked":["Iron Wave","Body Slam"],"picked":"Headbutt","floor":2},{"not_picked":["Heavy Blade","Sentinel"],"picked":"Rage","floor":4},{"not_picked":["Bludgeon","Flex"],"picked":"Blood for Blood","floor":5},{"not_picked":["Dark Embrace","Ghostly Armor"],"picked":"Combust","floor":7},{"not_picked":["Havoc","Body Slam"],"picked":"Dark Embrace","floor":8},{"not_picked":["Clothesline","Ghostly Armor","Havoc"],"picked":"SKIP","floor":13},{"not_picked":["Havoc","Intimidate","Headbutt"],"picked":"SKIP","floor":14}],"player_experience":3094830,"relics_obtained":[{"floor":7,"key":"Magic Flower"},{"floor":9,"key":"Gremlin Horn"},{"floor":13,"key":"Omamori"}],"event_choices":[{"cards_removed":["Strike_R"],"damage_healed":0,"gold_gain":0,"player_choice":"Purged","damage_taken":0,"max_hp_gain":0,"max_hp_loss":0,"event_name":"Purifier","floor":3,"gold_loss":0},{"damage_healed":0,"gold_gain":0,"cards_transformed":["Strike_R"],"player_choice":"Transformed","damage_taken":0,"max_hp_gain":0,"max_hp_loss":0,"event_name":"Transmorgrifier","floor":11,"gold_loss":0,"cards_obtained":["Uppercut"]}],"is_beta":false,"boss_relics":[],"items_purged_floors":[],"is_endless":false,"potions_floor_spawned":[1,5,8,13,14],"killed_by":"Slime Boss","ascension_level":20}}