{"host":"8h3glbk9j4k4ylc4","time":1613744698,"event":{"mods":["AchievementEnabler","Act Like it!","BaseMod","Colored Map","Colored Powertips","Downfall","Energized Spire","Gensokyo","Hallownest","Hermit","Hubris","Infinite Spire","Jorbs\u0027s Wanderer Trilogy","Lobotomy","Marisa????????","Minty Spire (QoL Compilation)","Replay The Spire","Somnambulant","StSLib","The Animator","The Bug Knight"],"gold_per_floor":[38,38,58,58,58,58,91,91,91,266,70,101,130,177,177,330,280,307,307,64,64,64,64,90,90,90,102,102],"floor_reached":27,"language":"ENG","playtime":1364,"items_purged":["Doubt","animator:Strike","animator:Hitei"],"score":219,"play_id":"21113ff4-e140-4a98-a94d-e119daaacf4b","local_time":"20210219162458","is_ascension_mode":true,"campfire_choices":[{"data":"animator:DwarfShaman","floor":6,"key":"SMITH"},{"data":"animator:GuildGirl","floor":8,"key":"SMITH"},{"floor":15,"key":"REST"},{"floor":23,"key":"RECALL"},{"floor":25,"key":"REST"}],"circlet_count":0,"master_deck":["animator:Strike_GoblinSlayer","animator:Defend_GoblinSlayer","animator:Strike","animator:Strike+1","animator:Defend","animator:Defend","animator:LizardPriest+1","animator:DwarfShaman+1","animator:Rimuru","animator:RoryMercury+1","animator:Kuribayashi","animator:GuildGirl+1","animator:Chris","animator:Witch","animator:Millim","animator:GoblinSlayer+1"],"relics":["animator:LivingPicture","animator:TheMissingPiece","Golden Idol","infinitespire:Beetle Shell","BargainBundle","Gremlin Food","energizedSpire:HugeHouse","hubris:Towel","Guide Book","Replay:Wax Seal","Empty Cage"],"acts_visited":["Exordium","TheCity"],"potions_floor_usage":[14,14,27],"damage_taken":[{"damage":2,"enemies":"Jaw Worm","floor":1,"turns":5},{"damage":3,"enemies":"Cultist","floor":3,"turns":4},{"damage":5,"enemies":"Small Slimes","floor":7,"turns":3},{"damage":9,"enemies":"3 Louse","floor":12,"turns":3},{"damage":6,"enemies":"Exordium Wildlife","floor":13,"turns":4},{"damage":14,"enemies":"Lagavulin","floor":14,"turns":8},{"damage":30,"enemies":"Hexaghost","floor":16,"turns":10},{"damage":20,"enemies":"Spheric Guardian","floor":18,"turns":5},{"damage":17,"enemies":"Chosen and Byrds","floor":24,"turns":5},{"damage":46,"enemies":"Gremlin Leader","floor":27,"turns":4}],"seed_played":"3560743243585351419","potions_obtained":[{"floor":7,"key":"animator:FalseLifePotion"},{"floor":13,"key":"BlessingOfTheForge"}],"is_trial":false,"path_per_floor":["M","?","M","$","?","R","M","R","T","?","$","M","M","E","R","B",null,"M","?","$","?","AVR","R","M","R","T","E"],"character_chosen":"THE_ANIMATOR","items_purchased":["BargainBundle","animator:HighElfArcher+1","animator:Chris","Guide Book"],"campfire_rested":2,"item_purchase_floors":[11,11,11,20],"current_hp_per_floor":[64,64,62,62,46,46,41,41,41,41,41,33,27,14,34,4,64,44,44,44,44,44,44,27,46,46,0,0],"gold":102,"neow_bonus":"THREE_RARE_CARDS","is_daily":false,"chose_seed":false,"campfire_upgraded":2,"win_rate":0.0,"timestamp":1613744698,"path_taken":["M","?","?","$","?","R","M","R","T","?","?","?","M","E","R","BOSS","M","?","$","?","AVR","R","M","R","T","E"],"items_purchased_type":["Relic","Card","Card","Relic"],"build_version":"2020-12-22","purchased_purges":3,"victory":false,"max_hp_per_floor":[66,66,67,67,67,67,67,67,67,67,67,68,68,69,69,69,64,64,64,64,64,64,64,64,64,64,64,64],"card_choices":[{"not_picked":["animator:AcuraShin","animator:HigakiRinne"],"picked":"animator:Rimuru","floor":0},{"not_picked":["animator:Benimaru","animator:Mitsurugi"],"picked":"animator:RoryMercury","floor":1},{"not_picked":["animator:Azekura","animator:Genos"],"picked":"animator:Kuribayashi","floor":3},{"not_picked":["animator:Mitsurugi","animator:Fredrika"],"picked":"animator:GuildGirl","floor":7},{"not_picked":["animator:Spearman","animator:LizardPriest"],"picked":"animator:Witch","floor":12},{"not_picked":["animator:ChaikaBohdan","animator:Kazuma","animator:Fredrika"],"picked":"SKIP","floor":13},{"not_picked":["animator:Guy","animator:GuildGirl"],"picked":"animator:Millim","floor":14},{"not_picked":["animator:Hans","animator:Boros"],"picked":"animator:GoblinSlayer","floor":16},{"not_picked":["animator:SilverFang","animator:ZankiKiguchi","animator:GazelDwargon"],"picked":"SKIP","floor":18},{"not_picked":["animator:Mitsurugi","animator:Tatsumaki","animator:Genos"],"picked":"SKIP","floor":24}],"player_experience":379802,"relics_obtained":[{"floor":9,"key":"infinitespire:Beetle Shell"},{"floor":14,"key":"Gremlin Food"}],"event_choices":[{"damage_healed":0,"gold_gain":0,"player_choice":"Ignored","damage_taken":0,"max_hp_gain":0,"max_hp_loss":0,"event_name":"NoteForYourself","floor":2,"gold_loss":0},{"damage_healed":0,"gold_gain":0,"player_choice":"Take Damage","damage_taken":16,"relics_obtained":["Golden Idol"],"max_hp_gain":0,"max_hp_loss":0,"event_name":"Golden Idol","floor":5,"gold_loss":0},{"damage_healed":0,"gold_gain":175,"player_choice":"AGREE","damage_taken":0,"max_hp_gain":0,"max_hp_loss":0,"event_name":"Liars Game","floor":10,"gold_loss":0,"cards_obtained":["Doubt"]}],"is_beta":false,"boss_relics":[{"not_picked":["ReplayTheSpireMod:SealedPack","hubris:GrandSneckoEye"],"picked":"energizedSpire:HugeHouse"}],"items_purged_floors":[11,20,22],"is_endless":false,"potions_floor_spawned":[7,13],"killed_by":"Gremlin Leader","ascension_level":1}}