{"host":"8rqsnaeml9gxb0kp","time":1613717218,"event":{"mods":["AchievementEnabler","BaseMod","Colored Powertips","Dark Map","Minty Spire (QoL Compilation)","Rare Cards Sparkle","Relic Stats","StSLib","slay the spire mod where everything is the same but ironclad has a cowboy hat"],"gold_per_floor":[117,127,127,144,159,159,171,171,171,181,181,193,207,207,207,311,311,330,330,330,344,297,297,312,312,312,312,312,312,312,324,324,422,422,437,437,457,468,468,468,485,485,485,445,461,472,472,485,485,485],"floor_reached":51,"language":"ENG","playtime":1144,"items_purged":[],"score":668,"play_id":"0981ac9e-8c1a-43e0-8306-50eef03c3fb4","local_time":"20210218224658","is_ascension_mode":false,"campfire_choices":[{"data":"Perfected Strike","floor":6.0,"key":"SMITH"},{"data":"Perfected Strike","floor":11.0,"key":"SMITH"},{"data":"Bash","floor":15.0,"key":"SMITH"},{"data":"Perfected Strike","floor":23.0,"key":"SMITH"},{"data":"Perfected Strike","floor":25.0,"key":"SMITH"},{"data":"Offering","floor":28.0,"key":"SMITH"},{"data":"Flame Barrier","floor":30.0,"key":"SMITH"},{"floor":32.0,"key":"REST"},{"floor":40.0,"key":"REST"},{"floor":42,"key":"REST"},{"floor":47,"key":"REST"},{"floor":49,"key":"REST"}],"circlet_count":0,"master_deck":["Strike_R","Strike_R","Strike_R","Strike_R","Strike_R","Defend_R","Defend_R","Defend_R","Defend_R","Bash+1","Twin Strike","Perfected Strike+1","Perfected Strike+1","Perfected Strike+1","Offering+1","Flame Barrier+1","Perfected Strike+1","Perfected Strike+1","Thunderclap+1","Disarm+1","Rage+1","Cleave+1","Twin Strike","Perfected Strike+1","Uppercut+1"],"relics":["Cursed Key"],"acts_visited":["Exordium","TheCity","TheBeyond"],"potions_floor_usage":[41,45,50,50,50],"damage_taken":[{"damage":5.0,"enemies":"Small Slimes","floor":1.0,"turns":4.0},{"damage":1.0,"enemies":"2 Louse","floor":2.0,"turns":2.0},{"damage":11.0,"enemies":"Jaw Worm","floor":4.0,"turns":2.0},{"damage":6.0,"enemies":"Lots of Slimes","floor":5.0,"turns":4.0},{"damage":0.0,"enemies":"Gremlin Gang","floor":7.0,"turns":4.0},{"damage":7.0,"enemies":"Large Slime","floor":10.0,"turns":3.0},{"damage":0.0,"enemies":"Blue Slaver","floor":12.0,"turns":2.0},{"damage":0.0,"enemies":"3 Louse","floor":13.0,"turns":2.0},{"damage":36.0,"enemies":"Hexaghost","floor":16.0,"turns":4.0},{"damage":11.0,"enemies":"Chosen","floor":18.0,"turns":2.0},{"damage":18.0,"enemies":"Shell Parasite","floor":21.0,"turns":2.0},{"damage":6.0,"enemies":"Shelled Parasite and Fungi","floor":24.0,"turns":2.0},{"damage":5.0,"enemies":"Chosen and Byrds","floor":31.0,"turns":3.0},{"damage":35.0,"enemies":"Collector","floor":33.0,"turns":3.0},{"damage":19.0,"enemies":"3 Darklings","floor":35.0,"turns":4.0},{"damage":6.0,"enemies":"Orb Walker","floor":37.0,"turns":2.0},{"damage":13.0,"enemies":"Maw","floor":38.0,"turns":6.0},{"damage":6,"enemies":"Transient","floor":41,"turns":5},{"damage":30,"enemies":"Jaw Worm Horde","floor":45,"turns":3},{"damage":6,"enemies":"Sphere and 2 Shapes","floor":46,"turns":4},{"damage":11,"enemies":"4 Shapes","floor":48,"turns":3},{"damage":48,"enemies":"Time Eater","floor":50,"turns":7}],"seed_played":"5537229285858788553","potions_obtained":[{"floor":1.0,"key":"Energy Potion"},{"floor":2.0,"key":"SkillPotion"},{"floor":7.0,"key":"AttackPotion"},{"floor":18.0,"key":"AttackPotion"},{"floor":33.0,"key":"SteroidPotion"},{"floor":35.0,"key":"AttackPotion"},{"floor":44,"key":"LiquidBronze"},{"floor":44,"key":"Weak Potion"},{"floor":46,"key":"CultistPotion"}],"is_trial":false,"path_per_floor":["M","M","$","M","M","R","M","?","T","M","R","M","M","$","R","B",null,"M","?","?","M","$","R","M","R","T","?","R","T","R","M","R","B",null,"M","$","M","M","?","R","M","R","T","?","M","M","R","M","R","B",null],"character_chosen":"IRONCLAD","items_purchased":["Perfected Strike"],"campfire_rested":5,"item_purchase_floors":[22],"current_hp_per_floor":[75,74,74,63,57,57,57,57,57,50,50,50,50,50,50,14,80,69,69,69,51,51,51,45,45,45,45,45,45,45,40,64,29,80,61,61,55,42,42,66,60,80,80,80,50,44,68,57,80,32],"gold":485,"neow_bonus":"BOSS_RELIC","is_daily":false,"chose_seed":false,"campfire_upgraded":7,"win_rate":0.0,"timestamp":1613717218,"path_taken":["M","M","$","M","M","R","M","?","T","M","R","M","M","$","R","BOSS","M","?","?","?","$","R","?","R","T","?","R","?","R","M","R","BOSS","M","$","M","M","?","R","M","R","T","?","M","M","R","M","R","BOSS"],"items_purchased_type":["Card"],"build_version":"2020-12-22","purchased_purges":0,"victory":true,"max_hp_per_floor":[80,80,80,80,80,80,80,80,80,80,80,80,80,80,80,80,80,80,80,80,80,80,80,80,80,80,80,80,80,80,80,80,80,80,80,80,80,80,80,80,80,80,80,80,80,80,80,80,80,80],"relic_stats":{"counters":[22,73],"Cursed Key":0,"obtain_stats":[{"Cursed Key":0,"Burning Blood":0},{"Cursed Key":0,"Burning Blood":0},{"Cursed Key":0,"Burning Blood":0}]},"card_choices":[{"not_picked":["Pummel","Spot Weakness"],"picked":"Twin Strike","floor":1.0},{"not_picked":["Uppercut","Twin Strike"],"picked":"Perfected Strike","floor":2.0},{"not_picked":["Flex","Inflame"],"picked":"Perfected Strike","floor":4.0},{"not_picked":["Spot Weakness","Dropkick"],"picked":"Perfected Strike","floor":5.0},{"not_picked":["Feel No Pain","Anger","Clash"],"picked":"SKIP","floor":7.0},{"not_picked":["Blood for Blood","Havoc","Reckless Charge"],"picked":"SKIP","floor":10.0},{"not_picked":["Fiend Fire","Clash","Iron Wave"],"picked":"SKIP","floor":12.0},{"not_picked":["Flex","True Grit","Iron Wave"],"picked":"SKIP","floor":13.0},{"not_picked":["Exhume","Impervious"],"picked":"Offering","floor":16.0},{"not_picked":["Heavy Blade+1","Evolve+1"],"picked":"Flame Barrier","floor":18.0},{"not_picked":["Thunderclap","Infernal Blade"],"picked":"Perfected Strike","floor":21.0},{"not_picked":["Headbutt+1","Dark Embrace"],"picked":"Thunderclap+1","floor":24.0},{"not_picked":["Flex+1","Clash"],"picked":"Disarm+1","floor":31.0},{"not_picked":["Body Slam","Pommel Strike"],"picked":"Rage+1","floor":35.0},{"not_picked":["Anger","Warcry","Carnage+1"],"picked":"SKIP","floor":37.0},{"not_picked":["Flex","Armaments+1"],"picked":"Cleave+1","floor":38.0},{"not_picked":["Anger","Armaments+1","Feel No Pain+1"],"picked":"SKIP","floor":41},{"not_picked":["Cleave+1","Headbutt"],"picked":"Twin Strike","floor":45},{"not_picked":["Impervious","Fire Breathing"],"picked":"Perfected Strike+1","floor":46},{"not_picked":["Clothesline+1","Iron Wave+1"],"picked":"Uppercut+1","floor":48}],"player_experience":287552,"relics_obtained":[],"event_choices":[{"damage_healed":0.0,"max_hp_gain":0.0,"max_hp_loss":0.0,"gold_gain":0.0,"event_name":"Living Wall","player_choice":"Grow","floor":8.0,"gold_loss":0.0,"damage_taken":0.0,"cards_upgraded":["Perfected Strike"]},{"damage_healed":0.0,"max_hp_gain":0.0,"max_hp_loss":0.0,"gold_gain":0.0,"event_name":"Vampires","player_choice":"Ignored","floor":19.0,"gold_loss":0.0,"damage_taken":0.0},{"damage_healed":0.0,"max_hp_gain":0.0,"max_hp_loss":0.0,"gold_gain":0.0,"event_name":"WeMeetAgain","player_choice":"Ignored","floor":20.0,"gold_loss":0.0,"damage_taken":0.0},{"damage_healed":0.0,"max_hp_gain":0.0,"max_hp_loss":0.0,"gold_gain":0.0,"event_name":"Ghosts","player_choice":"Ignored","floor":27.0,"gold_loss":0.0,"damage_taken":0.0},{"damage_healed":0.0,"max_hp_gain":0.0,"max_hp_loss":0.0,"gold_gain":0.0,"event_name":"Mysterious Sphere","player_choice":"Ignored","floor":39.0,"gold_loss":0.0,"damage_taken":0.0},{"damage_healed":0,"gold_gain":0,"player_choice":"Bought 3 Potions","damage_taken":0,"max_hp_gain":0,"max_hp_loss":0,"event_name":"The Woman in Blue","floor":44,"gold_loss":0}],"is_beta":false,"boss_relics":[{"not_picked":["Black Star","Runic Cube","SlaversCollar"]},{"not_picked":["Empty Cage","Astrolabe","Calling Bell"]}],"items_purged_floors":[],"is_endless":false,"potions_floor_spawned":[1,2,7,18,33,35,46,48],"ascension_level":0}}