{"host":"snczp9esof91ppiq","time":1613768566,"event":{"mods":["AchievementEnabler","BaseMod","Better Match","Better Note","Better Sensory Stone","Better Skull","Colored Map","Colored Powertips","Hermit","Minty Spire (QoL Compilation)","Relic Stats","StSLib"],"gold_per_floor":[110,110,9,26,43,43,74,51,51,81,81,92,103,113,113,190,190,204,114,134,148,148,148,158,158,158],"floor_reached":25,"language":"ENG","playtime":1055,"items_purged":[],"score":349,"play_id":"d1d13c39-b338-4ddd-a27b-2c481f679f07","local_time":"20210219150246","is_ascension_mode":true,"campfire_choices":[{"data":"Searing Blow","floor":6.0,"key":"SMITH"},{"data":"Searing Blow+1","floor":11.0,"key":"SMITH"},{"data":"Searing Blow+2","floor":15.0,"key":"SMITH"},{"floor":23,"key":"REST"}],"circlet_count":0,"master_deck":["AscendersBane","Strike_R+1","Strike_R","Defend_R","Defend_R","Bash","Searing Blow+3","Pummel","Spot Weakness","Iron Wave","Armaments","Ghostly Armor","Burning Pact","Bludgeon","Sentinel+1","Reckless Charge+1","Flame Barrier+1","Inflame","Thunderclap","Carnage+1","Fire Breathing","Clothesline+1"],"relics":["Burning Blood","NeowsBlessing","StrikeDummy","Regal Pillow","Gremlin Horn","StoneCalendar","Astrolabe"],"acts_visited":["Exordium","TheCity"],"potions_floor_usage":[25],"damage_taken":[{"damage":0.0,"enemies":"Cultist","floor":1.0,"turns":1.0},{"damage":0.0,"enemies":"2 Louse","floor":4.0,"turns":1.0},{"damage":0.0,"enemies":"Small Slimes","floor":5.0,"turns":1.0},{"damage":25.0,"enemies":"3 Sentries","floor":7.0,"turns":7.0},{"damage":0.0,"enemies":"Gremlin Gang","floor":12.0,"turns":3.0},{"damage":14.0,"enemies":"Exordium Wildlife","floor":13.0,"turns":4.0},{"damage":7.0,"enemies":"Looter","floor":14.0,"turns":3.0},{"damage":53.0,"enemies":"Slime Boss","floor":16.0,"turns":7.0},{"damage":6,"enemies":"Spheric Guardian","floor":18,"turns":3},{"damage":26,"enemies":"3 Byrds","floor":20,"turns":7},{"damage":32,"enemies":"Centurion and Healer","floor":21,"turns":6},{"damage":21,"enemies":"Snake Plant","floor":24,"turns":4},{"damage":43,"enemies":"Book of Stabbing","floor":25,"turns":4}],"seed_played":"7938718640761238202","potions_obtained":[{"floor":4.0,"key":"LiquidMemories"},{"floor":5.0,"key":"FearPotion"},{"floor":12.0,"key":"Strength Potion"},{"floor":24,"key":"Weak Potion"}],"is_trial":false,"path_per_floor":["M","?","?","M","M","R","E","$","T","?","R","M","M","M","R","B",null,"M","?","M","M","?","R","M","E"],"character_chosen":"IRONCLAD","items_purchased":["Armaments"],"campfire_rested":1,"item_purchase_floors":[8],"current_hp_per_floor":[74,79,79,80,80,80,61,61,61,61,61,67,59,58,58,11,63,63,63,43,17,17,56,41,0,0],"gold":158,"neow_bonus":"THREE_ENEMY_KILL","is_daily":false,"chose_seed":false,"campfire_upgraded":3,"win_rate":0.0,"timestamp":1613768566,"path_taken":["M","?","?","M","?","R","E","?","T","?","R","M","M","M","R","BOSS","M","?","M","?","?","R","?","E"],"items_purchased_type":["Card"],"build_version":"2020-12-22","purchased_purges":0,"victory":false,"max_hp_per_floor":[75,80,80,80,80,80,80,80,80,80,80,80,80,80,80,80,80,80,80,80,80,80,80,80,80,80],"relic_stats":{"Regal Pillow":15,"Gremlin Horn":[7,7],"counters":[13,51],"Astrolabe":["Sentinel","Reckless Charge","Flame Barrier"],"StoneCalendar":[80],"obtain_stats":[{"Regal Pillow":7,"NeowsBlessing":0,"Gremlin Horn":9,"Astrolabe":17,"StoneCalendar":10,"StrikeDummy":3,"Burning Blood":0},{"Regal Pillow":4,"NeowsBlessing":0,"Gremlin Horn":4,"Astrolabe":8,"StoneCalendar":4,"StrikeDummy":1,"Burning Blood":0},{"Regal Pillow":10,"NeowsBlessing":0,"Gremlin Horn":10,"Astrolabe":27,"StoneCalendar":10,"StrikeDummy":1,"Burning Blood":0}],"Burning Blood":61},"card_choices":[{"not_picked":["Headbutt","Perfected Strike"],"picked":"Searing Blow","floor":1.0},{"not_picked":["Havoc","Heavy Blade"],"picked":"Pummel","floor":4.0},{"not_picked":["Entrench","True Grit"],"picked":"Spot Weakness","floor":5.0},{"not_picked":["Flex","Feel No Pain"],"picked":"Iron Wave","floor":7.0},{"not_picked":["Blood for Blood","Corruption","Fire Breathing"],"picked":"SKIP","floor":12.0},{"not_picked":["Heavy Blade","Havoc"],"picked":"Ghostly Armor","floor":13.0},{"not_picked":["Iron Wave","Dropkick"],"picked":"Burning Pact","floor":14.0},{"not_picked":["Barricade","Reaper"],"picked":"Bludgeon","floor":16.0},{"not_picked":["Perfected Strike","Anger"],"picked":"Inflame","floor":18},{"not_picked":["Armaments","Warcry"],"picked":"Thunderclap","floor":20},{"not_picked":["Searing Blow","Clash"],"picked":"Carnage+1","floor":21},{"not_picked":["Havoc","Twin Strike"],"picked":"Clothesline+1","floor":24}],"player_experience":924475,"relics_obtained":[{"floor":7.0,"key":"Regal Pillow"},{"floor":9.0,"key":"Gremlin Horn"}],"event_choices":[{"damage_healed":0.0,"max_hp_gain":5.0,"max_hp_loss":0.0,"gold_gain":0.0,"event_name":"Big Fish","player_choice":"Donut","floor":2.0,"gold_loss":0.0,"damage_taken":0.0},{"damage_healed":0.0,"max_hp_gain":0.0,"max_hp_loss":0.0,"gold_gain":0.0,"event_name":"WeMeetAgain","player_choice":"Paid Gold","floor":3.0,"gold_loss":101.0,"damage_taken":0.0,"relics_obtained":["StrikeDummy"]},{"damage_healed":0.0,"max_hp_gain":0.0,"max_hp_loss":0.0,"gold_gain":30.0,"event_name":"Dead Adventurer","player_choice":"Searched \u00272\u0027 times","floor":10.0,"gold_loss":0.0,"damage_taken":0.0,"relics_obtained":["StoneCalendar"]},{"cards_removed":["Defend_R"],"damage_healed":0,"gold_gain":0,"player_choice":"Upgrade and Remove","damage_taken":0,"max_hp_gain":0,"max_hp_loss":0,"event_name":"Designer","floor":19,"gold_loss":90,"cards_upgraded":["Strike_R"]},{"damage_healed":0,"gold_gain":0,"cards_transformed":["Strike_R"],"player_choice":"Transformed","damage_taken":0,"max_hp_gain":0,"max_hp_loss":0,"event_name":"Transmorgrifier","floor":22,"gold_loss":0,"cards_obtained":["Fire Breathing"]}],"is_beta":false,"boss_relics":[{"not_picked":["Coffee Dripper","Philosopher\u0027s Stone"],"picked":"Astrolabe"}],"items_purged_floors":[],"is_endless":false,"potions_floor_spawned":[4,5,12,24],"killed_by":"Book of Stabbing","ascension_level":14}}