{"host":"0fupymmp6wdjyqoi","time":1613747521,"event":{"mods":["BaseMod","Bestiary","Clockwork Mod","Conspire","Downfall","GifTheSpireLib","Hubris","Infinite Spire","Minty Spire (QoL Compilation)","Replay The Spire","StSLib","The Construct","The Senshi"],"gold_per_floor":[114,114,126,126,226,226,242,242,266,282,207,222,233,253,253,356,356,372,142,154,186,186,186],"floor_reached":22,"language":"ENG","playtime":2821,"items_purged":["Strike_R","Rupture"],"score":178,"play_id":"e6cfecdb-9fac-42c8-a1c3-4007f29187ba","local_time":"20210219161201","is_ascension_mode":false,"campfire_choices":[{"data":"infinitespire:OneForAll","floor":6.0,"key":"SMITH"},{"data":"Burning Pact","floor":8.0,"key":"SMITH"},{"data":"infinitespire:OneForAll","floor":15.0,"key":"SMITH"}],"circlet_count":0,"master_deck":["Strike_R","Strike_R","Strike_R","Strike_R","Defend_R+1","Defend_R","Defend_R+1","Defend_R","Bash","Burning Pact+1","infinitespire:OneForAll+1","Rampage","infinitespire:OneForAll+1","Intimidate","Demon Form","Iron Wave+1","Warcry","Flame Barrier","Cleave","Warcry"],"relics":["Burning Blood","hubris:Icosahedron","War Paint","SacredBark","Red Mask"],"acts_visited":["Exordium","TheCity"],"potions_floor_usage":[22],"damage_taken":[{"damage":1.0,"enemies":"Jaw Worm","floor":1.0,"turns":5.0},{"damage":0.0,"enemies":"2 Louse","floor":3.0,"turns":4.0},{"damage":18.0,"enemies":"Cultist","floor":7.0,"turns":6.0},{"damage":9.0,"enemies":"3 Louse","floor":10.0,"turns":5.0},{"damage":8.0,"enemies":"Exordium Wildlife","floor":12.0,"turns":4.0},{"damage":3.0,"enemies":"Red Slaver","floor":13.0,"turns":6.0},{"damage":14.0,"enemies":"3 Louse","floor":14.0,"turns":4.0},{"damage":57.0,"enemies":"The Guardian","floor":16.0,"turns":18.0},{"damage":40.0,"enemies":"Shell Parasite","floor":18.0,"turns":15.0},{"damage":34.0,"enemies":"Spheric Guardian","floor":20.0,"turns":9.0},{"damage":32.0,"enemies":"Masked Bandits","floor":21.0,"turns":6.0},{"damage":21,"enemies":"Cultist and Chosen","floor":22,"turns":4}],"seed_played":"6623360678584738437","potions_obtained":[{"floor":3.0,"key":"Block Potion"},{"floor":12.0,"key":"BloodPotion"},{"floor":14.0,"key":"Regen Potion"},{"floor":16.0,"key":"sneckomod:MuddlingPotion"},{"floor":18.0,"key":"infinitespire:BlackPotion"}],"is_trial":false,"path_per_floor":["M","?","M","?","?","R","M","R","T","M","$","M","M","M","R","B",null,"M","$","M","?","M"],"character_chosen":"IRONCLAD","items_purchased":["Warcry","Flame Barrier"],"campfire_rested":0,"item_purchase_floors":[19,19],"current_hp_per_floor":[88,88,88,88,88,88,76,76,76,73,73,71,74,66,66,47,88,70,70,42,16,0,0],"gold":186,"neow_bonus":"TEN_PERCENT_HP_BONUS","is_daily":false,"chose_seed":false,"campfire_upgraded":3,"win_rate":0.0,"timestamp":1613747521,"path_taken":["M","?","M","?","?","R","?","R","T","M","$","M","M","M","R","BOSS","M","$","M","?","M"],"items_purchased_type":["Card","Card"],"build_version":"2020-12-22","purchased_purges":2,"victory":false,"max_hp_per_floor":[88,88,88,88,88,88,88,88,88,88,88,88,88,88,88,88,88,88,88,88,88,88,88],"card_choices":[{"not_picked":["Replay:Undeath\u0027s Touch","ReplayTheSpireMod:Strike From Hell"],"picked":"Burning Pact","floor":1.0},{"not_picked":["Flex","Clash"],"picked":"infinitespire:OneForAll","floor":3.0},{"not_picked":["Life Link","Clothesline"],"picked":"Rampage","floor":7.0},{"not_picked":["Life Link","Heavy Blade","Clothesline"],"picked":"SKIP","floor":10.0},{"not_picked":["hubris:CleavingFinish","Perfected Strike"],"picked":"infinitespire:OneForAll","floor":12.0},{"not_picked":["Perfected Strike","Massacre"],"picked":"Rupture","floor":13.0},{"not_picked":["Clothesline","True Grit"],"picked":"Intimidate","floor":14.0},{"not_picked":["Juggernaut","hubris:StunningStrike"],"picked":"Demon Form","floor":16.0},{"not_picked":["Pummel+1","Clothesline"],"picked":"Iron Wave+1","floor":18.0},{"not_picked":["conspire:ExplosiveBarrier","ReplayTheSpireMod:Strike From Hell"],"picked":"Cleave","floor":20.0},{"not_picked":["Replay:Undeath\u0027s Touch","Sword Boomerang"],"picked":"Warcry","floor":21.0}],"player_experience":50496,"relics_obtained":[{"floor":9.0,"key":"War Paint"},{"floor":21.0,"key":"Red Mask"}],"event_choices":[{"damage_healed":0.0,"max_hp_gain":0.0,"max_hp_loss":0.0,"gold_gain":100.0,"event_name":"Golden Shrine","player_choice":"Pray","floor":5.0,"gold_loss":0.0,"damage_taken":0.0},{"damage_healed":0.0,"max_hp_gain":0.0,"max_hp_loss":0.0,"gold_gain":0.0,"event_name":"Masked Bandits","player_choice":"Fought Bandits","floor":21.0,"gold_loss":0.0,"damage_taken":0.0}],"is_beta":false,"boss_relics":[{"not_picked":["Snecko Eye","Replay:Drink Me"],"picked":"SacredBark"}],"items_purged_floors":[11,19],"is_endless":false,"potions_floor_spawned":[3,12,14,16,18],"killed_by":"Cultist and Chosen","ascension_level":0}}