{"host":"ju66gn9zov5ov15o","time":1613755711,"event":{"mods":["100% Spire Juice","2.2 Compatiblity","Act Like it!","Aspiration","BaseMod","Conspire","Downfall","GifTheSpireLib","Hubris","Lobotomy","LobotomyExtend","Marisa????????","Minty Spire (QoL Compilation)","Pale of the Ancients","Rare Cards Sparkle","Relic Stats","Ruina","Shapeshifter Mod","StSLib","The Alterego","The Animator"],"gold_per_floor":[110,123,123,86,99,99,113,147,147,147,70,70,70,97,97,97,97],"floor_reached":16,"language":"ENG","playtime":475,"items_purged":[],"score":124,"play_id":"53d0b54a-e63c-4b8a-9483-afe5170f77fb","local_time":"20210219182831","is_ascension_mode":true,"campfire_choices":[{"data":"Glacier","floor":6,"key":"SMITH"},{"floor":10,"key":"REST"},{"data":"Electrodynamics","floor":12,"key":"SMITH"},{"data":"Glacier","floor":15,"key":"SMITH"}],"circlet_count":0,"master_deck":["Strike_B","Strike_B","Strike_B","Strike_B","Defend_B","Defend_B","Defend_B","Zap","Dualcast","UniverseFragment","Ball Lightning","FairyFestival","Electrodynamics+1","Glacier+1","Glacier+1","Bloodbath","Gash","CherryBlossoms","FTL","Sweeping Beam"],"relics":["Cracked Core","CogitoBucket","LetterFromLob","Ice Cream","conspire:DeflatedDodgeball","HornCleat"],"acts_visited":["Exordium"],"potions_floor_usage":[],"damage_taken":[{"damage":0,"enemies":"Cultist","floor":1,"turns":3},{"damage":15,"enemies":"Small Slimes","floor":2,"turns":3},{"damage":4,"enemies":"Jaw Worm","floor":5,"turns":3},{"damage":1,"enemies":"Red Slaver","floor":7,"turns":4},{"damage":51,"enemies":"3 Sentries","floor":8,"turns":6},{"damage":18,"enemies":"Gremlin Nob","floor":14,"turns":4},{"damage":25,"enemies":"Hexaghost","floor":16,"turns":10}],"seed_played":"-190246250052226305","potions_obtained":[{"floor":5,"key":"Energy Potion"},{"floor":8,"key":"SpeedPotion"},{"floor":14,"key":"Explosive Potion"}],"is_trial":false,"path_per_floor":["M","M","?","$","M","R","M","E","T","R","$","R","M","E","R","B"],"character_chosen":"DEFECT","items_purchased":["Glacier","FTL"],"campfire_rested":1,"item_purchase_floors":[4,11],"current_hp_per_floor":[75,60,60,60,59,59,62,17,17,39,39,39,39,21,21,0,0],"gold":97,"neow_bonus":"","is_daily":false,"chose_seed":false,"campfire_upgraded":3,"win_rate":0.0,"timestamp":1613755711,"path_taken":["M","?","?","?","M","R","?","E","T","R","$","R","M","E","R","BOSS"],"items_purchased_type":["Card","Card"],"build_version":"2020-12-22","purchased_purges":0,"victory":false,"max_hp_per_floor":[75,75,75,75,75,75,75,75,75,75,75,75,75,75,75,75,75],"relic_stats":{"counters":[7,33],"obtain_stats":[{"Ice Cream":8,"CogitoBucket":0,"HornCleat":14,"LetterFromLob":1,"conspire:DeflatedDodgeball":9,"Cracked Core":0},{"Ice Cream":5,"CogitoBucket":0,"HornCleat":6,"LetterFromLob":1,"conspire:DeflatedDodgeball":5,"Cracked Core":0},{"Ice Cream":19,"CogitoBucket":0,"HornCleat":23,"LetterFromLob":3,"conspire:DeflatedDodgeball":19,"Cracked Core":0}]},"card_choices":[{"not_picked":["MHz","OldLady"],"picked":"UniverseFragment","floor":1},{"not_picked":["Rebound","Stack"],"picked":"Ball Lightning","floor":1},{"not_picked":["OldLady","PunishingBird"],"picked":"FairyFestival","floor":2},{"not_picked":["Rebound","Sweeping Beam"],"picked":"Electrodynamics","floor":2},{"not_picked":["Fusion","Go for the Eyes"],"picked":"Glacier","floor":5},{"not_picked":["Murderer","VoidDream"],"picked":"Bloodbath","floor":7},{"not_picked":["Beam Cell","Leap"],"picked":"Gash","floor":7},{"not_picked":["Murderer","SpiderBud"],"picked":"CherryBlossoms","floor":8},{"not_picked":["Go for the Eyes","Heatsinks","Beam Cell"],"picked":"SKIP","floor":8},{"not_picked":["Recycle","Loop"],"picked":"Sweeping Beam","floor":14}],"player_experience":505495,"relics_obtained":[{"floor":1,"key":"LetterFromLob"},{"floor":8,"key":"Ice Cream"},{"floor":9,"key":"conspire:DeflatedDodgeball"},{"floor":14,"key":"HornCleat"}],"event_choices":[{"cards_removed":["Defend_B"],"damage_healed":0,"gold_gain":0,"player_choice":"Offered Basic","damage_taken":0,"max_hp_gain":0,"max_hp_loss":0,"event_name":"Bonfire Elementals","floor":3,"gold_loss":0}],"is_beta":false,"boss_relics":[],"items_purged_floors":[],"is_endless":false,"potions_floor_spawned":[5,8,14],"killed_by":"Hexaghost","ascension_level":3}}