{"host":"o3b7ow6d1xe49css","time":1613716565,"event":{"mods":["Act Like it!","Aspiration","BaseMod","Bestiary","Better Altar","Better Match","Better Note","Better Sensory Stone","Better Skull","Better Third Choice","Colored Powertips","Conspire","Energized Spire","Force Act Four","GifTheSpireLib","Halation","Hermit","Hubris","Infinite Spire","Lobotomy","Minty Spire (QoL Compilation)","Quick Restart","Rare Cards Sparkle","Relic Filter Mod","Reliquary","Replay The Spire","Spicy Shops","Spikes Relics","StSLib","Stuff the Spire","The Blue Laboratory","The Hierophant","The Jungle","Wandering Minibosses"],"gold_per_floor":[110,123,135,135,135,135,168,168,191,224,83,117,152,8,8,106,106,121,134,134,38,38,72,97,127,151,185,185,218,249,281,281,395,395,436,436,436,480,480,544,144,144,168,168,210,210,210,235,235,349,349,349,148,184,184],"floor_reached":56,"language":"ENG","playtime":1837,"items_purged":["Strike_R","Strike_R","Strike_R","Strike_R","Thunderclap"],"score":2001,"play_id":"0c9abf28-484e-4f0a-8360-9f319b26e7b6","local_time":"20210218213605","daily_mods":["Heirloom","Flight"],"is_ascension_mode":true,"campfire_choices":[{"data":"Replay:Fractal Strike","floor":6,"key":"SMITH"},{"data":"Bash","floor":6,"key":"SMITH"},{"data":"Sword Boomerang","floor":8,"key":"SMITH"},{"floor":8,"key":"RECALL"},{"data":"BarbarianYell","floor":15,"key":"SMITH"},{"data":"ReplayTheSpireMod:Stacked","floor":15,"key":"SMITH"},{"data":"Power Through","floor":32,"key":"SMITH"},{"data":"Reaper","floor":32,"key":"SMITH"},{"data":"StuffTheSpire:Slingshot","floor":42,"key":"SMITH"},{"data":"Shrug It Off","floor":42,"key":"SMITH"},{"data":"Defend_R","floor":46,"key":"SMITH"},{"data":"Defend_R","floor":46,"key":"SMITH"},{"data":"Scorched","floor":49,"key":"PURGE"},{"data":"Defend_R","floor":52,"key":"SMITH"},{"data":"Defend_R","floor":52,"key":"SMITH"}],"circlet_count":0,"master_deck":["Defend_R+1","Defend_R+1","Defend_R+1","Defend_R+1","Bash+1","Burning Pact+1","Replay:Fractal Strike+1","ReplayTheSpireMod:Stacked+1","Shrug It Off+1","BarbarianYell+1","Sword Boomerang+1","Sword Boomerang+1","Reaper+1","StuffTheSpire:Slingshot+1","Power Through+1","Flex+1","Disarm+1"],"relics":["Burning Blood","Ring of Chaos","halation:PenCase","CogitoBucket","Juzu Bracelet","Bottled Lightning","StuffTheSpire:DarkSteelAnvil","Omamori","aspiration:Lifesprig","Calling Bell","StuffTheSpire:Mouthbags","Darkstone Periapt","Another Sword","SkinProphecy","BargainBundle","aspiration:HiddenCompartment","reliquary:QuartzCube","Red Skull","reliquary:RoseTintedGlasses","StuffTheSpire:Gunfinga","hubris:Towel","infinitespire:Satchel","Pear","hubris:SlimyHat","infinitespire:EvilPickle","hubris:RunicObelisk","AspirationHeart","conspire:TopHat","Molten Egg 2","Replay:Baseball","conspire:TreasureMap","reliquary:PrincelyHelmet","halation:EternalFortune","StuffTheSpire:OldFever","wanderingMiniBosses:OtherGremlinHorn","Mark of Pain","Ring of Chaos","CogitoBucket","Replay:Bottled Flurry"],"acts_visited":["Exordium","TheCity","TheBeyond","Exordium","TheEnding"],"potions_floor_usage":[7,12,13,16,19,23,23,25,25,35,55,55],"damage_taken":[{"damage":6,"enemies":"Cultist","floor":1,"turns":3},{"damage":0,"enemies":"conspire:RoseBush","floor":2,"turns":3},{"damage":23,"enemies":"Jaw Worm","floor":3,"turns":5},{"damage":8,"enemies":"Lagavulin","floor":7,"turns":7},{"damage":0,"enemies":"3 Sentries","floor":10,"turns":2},{"damage":0,"enemies":"Gremlin Nob","floor":12,"turns":2},{"damage":10,"enemies":"Lagavulin","floor":13,"turns":3},{"damage":9,"enemies":"Hexaghost","floor":16,"turns":6},{"damage":0,"enemies":"Shell Parasite","floor":18,"turns":1},{"damage":17,"enemies":"conspire:FuzzyDice","floor":19,"turns":2},{"damage":15,"enemies":"Nightmare","floor":23,"turns":3},{"damage":10,"enemies":"conspire:Head Lice","floor":24,"turns":5},{"damage":8,"enemies":"Gremlin Leader","floor":25,"turns":3},{"damage":0,"enemies":"conspire:Head Lice","floor":27,"turns":5},{"damage":9,"enemies":"Book of Stabbing","floor":29,"turns":3},{"damage":0,"enemies":"conspire:Head Lice","floor":30,"turns":3},{"damage":9,"enemies":"Replay:Snechameleon","floor":31,"turns":4},{"damage":16,"enemies":"Pondfish","floor":33,"turns":4},{"damage":12,"enemies":"Orb Walker","floor":35,"turns":2},{"damage":0,"enemies":"3 Shapes","floor":38,"turns":3},{"damage":28,"enemies":"Nemesis","floor":40,"turns":5},{"damage":0,"enemies":"Giant Head","floor":45,"turns":3},{"damage":0,"enemies":"3 Darklings","floor":48,"turns":3},{"damage":0,"enemies":"hubris:GrandSnecko","floor":50,"turns":2},{"damage":3,"enemies":"Shield and Spear","floor":54,"turns":2},{"damage":0,"enemies":"The Heart","floor":55,"turns":5}],"seed_played":"-7420252377437356374","potions_obtained":[{"floor":3,"key":"Block Potion"},{"floor":7,"key":"Toxic Potion"},{"floor":12,"key":"Fruit Juice"},{"floor":13,"key":"Adrenaline Potion"},{"floor":16,"key":"blueLaboratory:HorrorPotion"},{"floor":18,"key":"blueLaboratory:BottleOfRum"},{"floor":23,"key":"blueLaboratory:BubblePotion"},{"floor":24,"key":"Energy Potion"},{"floor":31,"key":"LifebloodPotion"},{"floor":33,"key":"Elixir"},{"floor":38,"key":"Languid Potion"},{"floor":45,"key":"blueLaboratory:FrostheartPotion"}],"is_trial":true,"path_per_floor":["M","M","M","?","?","R","E","R","T","E","$","E","E","$","R","B",null,"M","M","?","$","AVR","NM","E","E","T","E","?","E","E","E","R","B",null,"M","AVR","$","M","?","E","$","R","T","?","E","R","?","M","R","B",null,"R","$","E","B",null],"character_chosen":"IRONCLAD","items_purchased":["Shrug It Off","aspiration:Lifesprig","Adrenaline Potion","Replay:Baseball","conspire:TreasureMap","blueLaboratory:HummingbirdPotion"],"campfire_rested":0,"item_purchase_floors":[11,14,21,41,41,53],"current_hp_per_floor":[80,80,63,44,68,68,66,66,66,72,72,78,79,79,79,76,83,85,70,70,70,70,57,49,43,43,72,72,65,77,79,79,65,101,97,97,97,106,106,80,80,80,80,83,99,99,99,127,127,136,140,140,140,139,144],"gold":184,"neow_bonus":"","is_daily":false,"chose_seed":false,"campfire_upgraded":13,"win_rate":0.0,"timestamp":1613716565,"path_taken":["M","M","M","?","?","R","E","R","T","E","$","E","E","?","R","BOSS","M","M","?","$","AVR","NM","E","E","T","E","?","E","E","E","R","BOSS","M","AVR","$","M","?","E","$","R","T","?","E","R","?","M","R","BOSS","R","$","E","BOSS"],"items_purchased_type":["Card","Relic","Potion","Relic","Relic","Potion"],"build_version":"2020-12-22","purchased_purges":5,"victory":true,"max_hp_per_floor":[80,80,80,80,80,80,80,80,80,80,80,80,85,85,85,85,85,85,87,87,87,87,89,91,93,93,95,95,97,109,111,111,113,113,127,127,127,129,129,131,131,131,131,134,136,136,136,138,138,140,140,140,140,142,144],"card_choices":[{"not_picked":["Rudolta","Bloodbath","CherryBlossoms"],"picked":"Singing Bowl","floor":1},{"not_picked":["BeautyBeast","Bloodbath"],"picked":"Scorched","floor":1},{"not_picked":["Wild Strike","Run Through","Flex"],"picked":"SKIP","floor":1},{"not_picked":["Wild Strike","hubris:ReadiedAction"],"picked":"Sword Boomerang","floor":2},{"not_picked":["MHz","FairyFestival","OldLady"],"picked":"Singing Bowl","floor":2},{"not_picked":["ReplayTheSpireMod:Corrosion Curse","Perfected Strike"],"picked":"Burning Pact","floor":3},{"not_picked":["WhitesApple","OSAHOGD","VoidDream"],"picked":"Singing Bowl","floor":3},{"not_picked":["ReplayTheSpireMod:??????????????????????","ReplayTheSpireMod:Echoes of Time"],"picked":"Replay:Fractal Strike","floor":4},{"not_picked":["Headbutt","StuffTheSpire:BloodClot"],"picked":"ReplayTheSpireMod:Stacked","floor":7},{"not_picked":["HeroicMonk","CherryBlossoms","MeatLantern"],"picked":"Singing Bowl","floor":7},{"not_picked":["MeatLantern","MHz","CherryBlossoms"],"picked":"Singing Bowl","floor":10},{"not_picked":["Bloodletting","Combust"],"picked":"Thunderclap","floor":10},{"not_picked":["Run Through","Replay:Undeath\u0027s Touch"],"picked":"BarbarianYell","floor":12},{"not_picked":["GreedKing","Bloodbath","BigBird"],"picked":"Singing Bowl","floor":12},{"not_picked":["Twin Strike","Rage","Shrug It Off"],"picked":"SKIP","floor":13},{"not_picked":["CherryBlossoms","Wellcheers","ShyLook"],"picked":"Singing Bowl","floor":16},{"not_picked":["Perfected Strike","ReplayTheSpireMod:LeadingStrike","Wild Strike+1"],"picked":"SKIP","floor":18},{"not_picked":["Carnage","Heavy Blade+1","Invigoration+1"],"picked":"SKIP","floor":19},{"not_picked":["Abandon","conspire:Charge"],"picked":"Sword Boomerang+1","floor":23},{"not_picked":["Fire Breathing","Run Through+1"],"picked":"Reaper","floor":24},{"not_picked":["Bludgeon","Life Link","Headbutt"],"picked":"SKIP","floor":25},{"not_picked":["Evolve+1","StuffTheSpire:Slingshot","Wild Strike"],"picked":"SKIP","floor":27},{"not_picked":["Evolve+1","Wild Strike"],"picked":"StuffTheSpire:Slingshot","floor":27},{"not_picked":["Feed","Shrug It Off","Intimidate"],"picked":"SKIP","floor":29},{"not_picked":["Heavy Blade","Invigoration+1"],"picked":"Power Through","floor":30},{"not_picked":["Heavy Blade+1","Cleave","StuffTheSpire:Pyroclast"],"picked":"SKIP","floor":31},{"not_picked":["Bludgeon","Heavy Blade+1","True Grit"],"picked":"SKIP","floor":35},{"not_picked":["WhitesApple","GreedKing","Mercenary"],"picked":"Singing Bowl","floor":38},{"not_picked":["Blood for Blood","Headbutt+1"],"picked":"Flex+1","floor":38},{"not_picked":["CENSORED","Freischutz","Porccubus"],"picked":"Singing Bowl","floor":40},{"not_picked":["Flex+1","Sentinel+1","Perfected Strike+1"],"picked":"SKIP","floor":40},{"not_picked":["Replay:Many Hands","ReplayTheSpireMod:Strike From Hell+1","ReplayReversal"],"picked":"SKIP","floor":45},{"not_picked":["Replay:Many Hands","ReplayTheSpireMod:Strike From Hell+1","ReplayReversal"],"picked":"SKIP","floor":45},{"not_picked":["DespairKnight","WhiteNight","BigBadWolf"],"picked":"Singing Bowl","floor":48},{"not_picked":["Demon Form","Clash+1","Headbutt+1"],"picked":"SKIP","floor":48},{"not_picked":["QueenBee","Freischutz","FieryBird"],"picked":"Singing Bowl","floor":50},{"not_picked":["HappyTeddy","GreedKing","Rudolta"],"picked":"Singing Bowl","floor":54},{"not_picked":["True Grit+1","Cleave+1"],"picked":"Disarm+1","floor":54}],"player_experience":1416580,"relics_obtained":[{"floor":7,"key":"Juzu Bracelet"},{"floor":10,"key":"Bottled Lightning"},{"floor":12,"key":"StuffTheSpire:DarkSteelAnvil"},{"floor":13,"key":"Omamori"},{"floor":17,"key":"StuffTheSpire:Mouthbags"},{"floor":17,"key":"Darkstone Periapt"},{"floor":17,"key":"Another Sword"},{"floor":23,"key":"aspiration:HiddenCompartment"},{"floor":24,"key":"reliquary:QuartzCube"},{"floor":25,"key":"Red Skull"},{"floor":26,"key":"reliquary:RoseTintedGlasses"},{"floor":27,"key":"StuffTheSpire:Gunfinga"},{"floor":29,"key":"infinitespire:Satchel"},{"floor":30,"key":"Pear"},{"floor":31,"key":"hubris:SlimyHat"},{"floor":40,"key":"Molten Egg 2"},{"floor":43,"key":"reliquary:PrincelyHelmet"},{"floor":45,"key":"StuffTheSpire:OldFever"},{"floor":48,"key":"wanderingMiniBosses:OtherGremlinHorn"},{"floor":54,"key":"Replay:Bottled Flurry"}],"event_choices":[{"damage_healed":0,"gold_gain":0,"player_choice":"Ignored","damage_taken":0,"max_hp_gain":0,"max_hp_loss":0,"event_name":"betterNote:BetterNote","floor":20,"gold_loss":0,"cards_obtained":["Strike_R"]}],"is_beta":false,"boss_relics":[{"not_picked":["conspire:SpecialSausage","hubris:ScarierMask"],"picked":"Calling Bell"},{"not_picked":["hubris:Backtick","Velvet Choker"],"picked":"hubris:RunicObelisk"},{"not_picked":["ChewingGum","conspire:RoyalGoblet"],"picked":"Mark of Pain"}],"items_purged_floors":[11,22,36,41,53],"is_endless":true,"potions_floor_spawned":[3,7,12,13,16,18,23,24,31,33,38,45,50,55],"ascension_level":5}}