{"host":"eawh33iyj6swubhn","time":1613732512,"event":{"mods":["Act Like it!","Arknights","BaseMod","Best Route Mod","Better Third Choice","CapriCore","Downfall","GifTheSpireLib","HololiveMod","Minty Spire (QoL Compilation)","Permanent Neow","Reliquary","Replay The Spire","StSLib","Stuff the Spire","The Bladedancer","The Immortal","egg"],"gold_per_floor":[111,111,122,137,137,137,194,194,194,71,85,107,160,177,177,280,280,293,208,138,138,138,171,171,9,9,22,22,33,60,80,80,180,180,191,191,204,304,323,323,352,403,403,420,6,6,26,37,37,37],"floor_reached":51,"language":"ENG","playtime":4191,"items_purged":["Delirium"],"score":710,"play_id":"677de2cf-74e3-44cd-8903-78a94378131a","local_time":"20210219080152","is_ascension_mode":false,"campfire_choices":[{"data":"MokouMod:Extinguish","floor":6.0,"key":"SMITH"},{"floor":8.0,"key":"REST"},{"floor":15.0,"key":"REST"},{"floor":24.0,"key":"REST"},{"floor":32.0,"key":"REST"},{"floor":40,"key":"REST"},{"floor":46,"key":"REST"},{"data":"MokouMod:FujiyamaVolcano","floor":49,"key":"SMITH"}],"circlet_count":0,"master_deck":["MokouMod:Strike","MokouMod:Strike","MokouMod:Strike","MokouMod:Strike","MokouMod:Strike","MokouMod:Defend","MokouMod:Defend","MokouMod:Defend","MokouMod:Defend","MokouMod:HeatSpark","Dramatic Entrance","MokouMod:RoaringFlare","Apotheosis+1","MokouMod:FujiyamaVolcano+1","MokouMod:Extinguish+1","MokouMod:HeatCyclone","MokouMod:Fireball","MokouMod:Stoke","MokouMod:WarmUp","MokouMod:SubterraneanCore","MokouMod:TemporalFireSeal","MokouMod:BurningDraft","MokouMod:Cataclysm","MokouMod:SubterraneanCore","MokouMod:AdaptivePyromancy","MokouMod:Wildfire","Dramatic Entrance","MokouMod:BurningDraft+1","MokouMod:SacredFire","MokouMod:TemporalFireSeal","MokouMod:Rebirth","MokouMod:WarmUp+1","MokouMod:BurningDraft+1","MokouMod:RadiantBlade","MokouMod:Rebirth","MokouMod:Firecracker","MokouMod:BurningDraft+1"],"relics":["MokouMod:PhoenixFeather","ReplayTheSpireMod:Shallot","ReplayTheSpireMod:Ninjato","StuffTheSpire:ForceGauntlet","Odd Mushroom","ReplayTheSpireMod:Lightbulb","Hololive_Finger","Kunai","sneckomod:BabySnecko","reliquary:WeakTea","Question Card","reliquary:FerryPass","Unceasing Top","Strange Spoon","StuffTheSpire:Kangaroo","StuffTheSpire:GreaterSneckoEye","TungstenRod","StuffTheSpire:BottledEssence","StuffTheSpire:RubySignet","Ice Cream","reliquary:PartyBalloon","HornCleat"],"acts_visited":["Exordium","TheCity","TheBeyond"],"potions_floor_usage":[41,44,44,50],"damage_taken":[{"damage":0.0,"enemies":"2 Louse","floor":1.0,"turns":2.0},{"damage":6.0,"enemies":"Jaw Worm","floor":3.0,"turns":3.0},{"damage":7.0,"enemies":"Small Slimes","floor":4.0,"turns":3.0},{"damage":26.0,"enemies":"3 Sentries","floor":7.0,"turns":9.0},{"damage":0.0,"enemies":"Blue Slaver","floor":11.0,"turns":4.0},{"damage":15.0,"enemies":"The Mushroom Lair","floor":12.0,"turns":2.0},{"damage":5.0,"enemies":"Large Slime","floor":14.0,"turns":5.0},{"damage":52.0,"enemies":"Hexaghost","floor":16.0,"turns":11.0},{"damage":21.0,"enemies":"Shell Parasite","floor":18.0,"turns":4.0},{"damage":42.0,"enemies":"Slavers","floor":23.0,"turns":3.0},{"damage":7.0,"enemies":"2 Thieves","floor":27.0,"turns":3.0},{"damage":0.0,"enemies":"Centurion and Healer","floor":29.0,"turns":2.0},{"damage":0.0,"enemies":"Sentry and Sphere","floor":31.0,"turns":3.0},{"damage":58.0,"enemies":"Champ","floor":33.0,"turns":8.0},{"damage":16,"enemies":"3 Darklings","floor":35,"turns":3},{"damage":0,"enemies":"3 Shapes","floor":37,"turns":1},{"damage":21,"enemies":"Writhing Mass","floor":39,"turns":4},{"damage":11,"enemies":"R_Hoarder","floor":41,"turns":9},{"damage":20,"enemies":"2 Orb Walkers","floor":42,"turns":3},{"damage":24,"enemies":"Maw","floor":44,"turns":4},{"damage":30,"enemies":"Sphere and 2 Shapes","floor":47,"turns":4},{"damage":30,"enemies":"Transient","floor":48,"turns":5},{"damage":38,"enemies":"Donu and Deca","floor":50,"turns":5}],"seed_played":"-7562866350205625044","potions_obtained":[{"floor":1.0,"key":"GamblersBrew"},{"floor":13.0,"key":"SteroidPotion"},{"floor":13.0,"key":"Doom Potion"},{"floor":16.0,"key":"DuplicationPotion"},{"floor":18.0,"key":"Venom Potion"},{"floor":29.0,"key":"sneckomod:MuddlingPotion"},{"floor":31.0,"key":"ColorlessPotion"},{"floor":37,"key":"Energy Potion"},{"floor":41,"key":"Swift Potion"},{"floor":42,"key":"DistilledChaos"}],"is_trial":false,"path_per_floor":["M","?","M","M","T","R","?","R","T","$","M","?","?","M","R","B",null,"M","?","$","?","?","E","R","$","T","M","$","M","T","M","R","B",null,"M","?","M","?","M","R","E","?","T","M","$","R","M","M","R","B",null],"character_chosen":"MKU","items_purchased":["MokouMod:Fireball","MokouMod:Stoke","MokouMod:SubterraneanCore","Dramatic Entrance","reliquary:PartyBalloon","HornCleat"],"campfire_rested":6,"item_purchase_floors":[10,10,20,25,45,45],"current_hp_per_floor":[75,75,69,62,62,62,36,58,58,58,58,43,43,38,60,8,75,54,54,54,54,54,12,34,34,34,27,27,27,27,27,49,18,75,59,39,39,39,18,40,29,9,9,10,10,32,2,18,18,7],"gold":37,"neow_bonus":"RANDOM_COLORLESS","is_daily":false,"chose_seed":false,"campfire_upgraded":2,"win_rate":0.0,"timestamp":1613732512,"path_taken":["M","?","M","M","?","R","?","R","T","?","M","?","?","M","R","BOSS","M","?","$","?","?","E","R","$","T","?","?","M","?","?","R","BOSS","M","?","M","?","?","R","E","?","T","M","?","R","M","?","R","BOSS"],"items_purchased_type":["Card","Card","Card","Card","Relic","Relic"],"build_version":"2020-12-13","purchased_purges":1,"victory":true,"max_hp_per_floor":[75,75,75,75,75,75,75,75,75,75,75,75,75,75,75,75,75,75,75,75,75,75,75,75,75,75,75,75,75,75,75,75,75,75,75,75,75,75,75,75,75,75,75,75,75,75,75,75,75,75],"card_choices":[{"not_picked":["Dark Shackles","Jack Of All Trades"],"picked":"Dramatic Entrance","floor":0.0},{"not_picked":["MokouMod:BlazingComet","MokouMod:ScorchingColumn"],"picked":"MokouMod:RoaringFlare","floor":1.0},{"not_picked":["MokouMod:HeartofFire","MokouMod:FlareStarter"],"picked":"MokouMod:FujiyamaVolcano","floor":3.0},{"not_picked":["MokouMod:FlareStarter","MokouMod:RoaringFlare"],"picked":"MokouMod:Extinguish","floor":4.0},{"not_picked":["MokouMod:ScorchingColumn","MokouMod:FlickeringFlame"],"picked":"MokouMod:HeatCyclone","floor":7.0},{"not_picked":["MokouMod:AdaptivePyromancy","MokouMod:Refresh"],"picked":"MokouMod:WarmUp","floor":11.0},{"not_picked":["MokouMod:ResonatingAura","MokouMod:Singe"],"picked":"MokouMod:SubterraneanCore","floor":12.0},{"not_picked":["MokouMod:RetainTemperature","MokouMod:Firecracker"],"picked":"MokouMod:TemporalFireSeal","floor":13.0},{"not_picked":["MokouMod:BlazingComet","MokouMod:RoaringFlare"],"picked":"MokouMod:BurningDraft","floor":14.0},{"not_picked":["MokouMod:Extinguish","MokouMod:BurningHiddenBullet"],"picked":"MokouMod:Ventilation","floor":16.0},{"not_picked":["MokouMod:Singe","MokouMod:EternalBurstReactor"],"picked":"MokouMod:Cataclysm","floor":18.0},{"not_picked":["MokouMod:FlickeringFlame","MokouMod:FusionFlare"],"picked":"MokouMod:Wildfire","floor":23.0},{"not_picked":["MokouMod:Burn+1","MokouMod:ResonanceReactor","MokouMod:ResoluteFlare+1"],"picked":"MokouMod:BurningDraft+1","floor":27.0},{"not_picked":["MokouMod:ScorchingColumn","MokouMod:FlickeringFlame+1","MokouMod:Ember"],"picked":"MokouMod:SacredFire","floor":29.0},{"not_picked":["MokouMod:Sear","MokouMod:HeartofFire","MokouMod:AdaptivePyromancy+1"],"picked":"MokouMod:TemporalFireSeal","floor":31.0},{"not_picked":["MokouMod:ExplosiveFlame","MokouMod:PhoenixForm","MokouMod:ResonatingAura"],"picked":"MokouMod:Rebirth","floor":33.0},{"not_picked":["MokouMod:TemporalFireSeal","MokouMod:ResoluteFlare+1","MokouMod:IgneousBlow"],"picked":"MokouMod:WarmUp+1","floor":35},{"not_picked":["MokouMod:RoaringFlare+1","MokouMod:Ember","MokouMod:EternalBurstReactor+1","MokouMod:FlareStarter+1"],"picked":"SKIP","floor":37},{"not_picked":["MokouMod:IgnitionBlast","MokouMod:TemporalFireSeal+1","MokouMod:RoaringFlare"],"picked":"MokouMod:BurningDraft+1","floor":39},{"not_picked":["MokouMod:Sear+1","MokouMod:RoaringFlare","MokouMod:ScorchedEarth+1"],"picked":"MokouMod:RadiantBlade","floor":41},{"not_picked":["MokouMod:TemporalFireSeal+1","MokouMod:ScorchingColumn","MokouMod:EternalBurstReactor+1"],"picked":"MokouMod:Rebirth","floor":44},{"not_picked":["MokouMod:TemporalFireSeal+1","MokouMod:ScorchingColumn","MokouMod:Scorch+1"],"picked":"MokouMod:Firecracker","floor":47},{"not_picked":["MokouMod:Singe+1","MokouMod:TemporalFireSeal","MokouMod:Sear"],"picked":"MokouMod:BurningDraft+1","floor":48}],"player_experience":41232,"relics_obtained":[{"floor":5.0,"key":"ReplayTheSpireMod:Shallot"},{"floor":7.0,"key":"ReplayTheSpireMod:Ninjato"},{"floor":9.0,"key":"StuffTheSpire:ForceGauntlet"},{"floor":12.0,"key":"Odd Mushroom"},{"floor":13.0,"key":"ReplayTheSpireMod:Lightbulb"},{"floor":23.0,"key":"reliquary:WeakTea"},{"floor":26.0,"key":"Question Card"},{"floor":30.0,"key":"reliquary:FerryPass"},{"floor":33.0,"key":"Unceasing Top"},{"floor":33.0,"key":"Strange Spoon"},{"floor":36,"key":"StuffTheSpire:GreaterSneckoEye"},{"floor":41,"key":"TungstenRod"},{"floor":41,"key":"StuffTheSpire:BottledEssence"},{"floor":41,"key":"StuffTheSpire:RubySignet"},{"floor":42,"key":"Ice Cream"}],"event_choices":[{"damage_healed":75.0,"max_hp_gain":0.0,"max_hp_loss":75.0,"gold_gain":0.0,"event_name":"betterThird:BetterShining","player_choice":"Embrace","floor":2.0,"gold_loss":0.0,"damage_taken":0.0},{"damage_healed":0.0,"max_hp_gain":0.0,"max_hp_loss":0.0,"gold_gain":30.0,"event_name":"Dead Adventurer","player_choice":"Searched \u00273\u0027 times","floor":7.0,"gold_loss":0.0,"damage_taken":0.0},{"damage_healed":0.0,"max_hp_gain":0.0,"max_hp_loss":0.0,"gold_gain":0.0,"event_name":"Mushrooms","player_choice":"Fought Mushrooms","floor":12.0,"gold_loss":0.0,"damage_taken":0.0},{"damage_healed":0.0,"max_hp_gain":0.0,"max_hp_loss":0.0,"gold_gain":0.0,"event_name":"Addict","player_choice":"Obtained Relic","floor":19.0,"gold_loss":85.0,"damage_taken":0.0,"relics_obtained":["Kunai"]},{"damage_healed":0.0,"max_hp_gain":0.0,"max_hp_loss":0.0,"gold_gain":0.0,"cards_transformed":["MokouMod:Ventilation","downfall:Bewildered"],"event_name":"Drug Dealer","player_choice":"Became Test Subject","floor":22.0,"gold_loss":0.0,"damage_taken":0.0,"cards_obtained":["MokouMod:AdaptivePyromancy","Delirium"]},{"damage_healed":0,"gold_gain":100,"player_choice":"Pray","damage_taken":0,"max_hp_gain":0,"max_hp_loss":0,"event_name":"Golden Shrine","floor":38,"gold_loss":0},{"damage_healed":0,"gold_gain":0,"player_choice":"Fight","damage_taken":0,"max_hp_gain":0,"max_hp_loss":0,"event_name":"Mysterious Sphere","floor":42,"gold_loss":0}],"is_beta":false,"boss_relics":[{"not_picked":["reliquary:RedCape","Hololive_TopUpMoneyS"],"picked":"Hololive_Finger"},{"not_picked":["Replay:Drink Me","Snecko Heart"],"picked":"StuffTheSpire:Kangaroo"}],"items_purged_floors":[25],"is_endless":false,"potions_floor_spawned":[1,16,18,29,31,37,41,42],"ascension_level":0}}