{"host":"tf5skwcwe0vlu2md","time":1613731556,"event":{"mods":["BaseMod","Downfall","Highlight Path","Minty Spire (QoL Compilation)","Quick Restart","StSLib","The Hierophant"],"gold_per_floor":[109,109,109,122,87,116,126,126,126,140,153,185,210,210,210,305,305,325,345,444,454,470,498,498,498,498],"floor_reached":25,"playtime":1273,"items_purged":[],"score":268,"play_id":"795e1a47-5e4f-4ffa-a19d-4ba3f3c6d7f7","local_time":"20210219214556","is_ascension_mode":true,"campfire_choices":[{"floor":8,"key":"REST"},{"data":"Dualcast","floor":15,"key":"SMITH"},{"data":"Self Repair","floor":24,"key":"SMITH"}],"circlet_count":0,"master_deck":["Strike_B","Strike_B","Strike_B","Strike_B","Defend_B","Defend_B","Defend_B+1","Defend_B","Zap","Dualcast+1","Apotheosis+1","Go for the Eyes","Tempest","Steam","Gash","Ball Lightning","Hello World","Electrodynamics","Turbo","Amplify","Self Repair+1","Beam Cell","Stack+1","Turbo","Fission"],"relics":["Cracked Core","Tiny Chest","Cables","Strawberry","Odd Mushroom","InkBottle","Black Star","Akabeko","Sundial"],"acts_visited":["Exordium","TheCity"],"potions_floor_usage":[11,19,22,23],"damage_taken":[{"damage":7,"enemies":"Small Slimes","floor":1,"turns":4},{"damage":0,"enemies":"2 Louse","floor":4,"turns":2},{"damage":24,"enemies":"3 Sentries","floor":6,"turns":6},{"damage":0,"enemies":"Cultist","floor":7,"turns":3},{"damage":0,"enemies":"Exordium Wildlife","floor":10,"turns":3},{"damage":5,"enemies":"Gremlin Gang","floor":11,"turns":2},{"damage":5,"enemies":"Gremlin Nob","floor":12,"turns":4},{"damage":6,"enemies":"The Mushroom Lair","floor":13,"turns":2},{"damage":13,"enemies":"The Guardian","floor":16,"turns":6},{"damage":28,"enemies":"2 Thieves","floor":18,"turns":3},{"damage":20,"enemies":"3 Byrds","floor":19,"turns":3},{"damage":18,"enemies":"Snake Plant","floor":21,"turns":3},{"damage":6,"enemies":"Snecko","floor":22,"turns":3},{"damage":2,"enemies":"Gremlin Leader","floor":23,"turns":7},{"damage":38,"enemies":"Book of Stabbing","floor":25,"turns":4}],"seed_played":"-3284458410159452218","potions_obtained":[{"floor":6,"key":"Explosive Potion"},{"floor":7,"key":"SpeedPotion"},{"floor":10,"key":"Swift Potion"},{"floor":13,"key":"Ancient Potion"},{"floor":21,"key":"Block Potion"}],"is_trial":false,"path_per_floor":["M","?","?","M","?","E","M","R","T","M","M","E","?","?","R","B",null,"M","M","?","M","M","E","R","E"],"character_chosen":"DEFECT","items_purchased":[],"campfire_rested":1,"item_purchase_floors":[],"current_hp_per_floor":[47,32,32,32,50,26,26,48,48,48,43,45,39,36,36,23,82,54,54,54,36,30,38,38,0,0],"gold":498,"neow_bonus":"RANDOM_COLORLESS_2","is_daily":false,"chose_seed":false,"campfire_upgraded":2,"win_rate":0.0,"timestamp":1613731556,"path_taken":["M","?","?","M","?","E","M","R","T","M","M","E","?","?","R","BOSS","M","M","?","M","M","E","R","E"],"items_purchased_type":[],"build_version":"2020-12-13","purchased_purges":0,"victory":false,"max_hp_per_floor":[75,75,75,75,75,75,75,75,75,75,75,82,82,82,82,82,82,82,82,82,82,82,82,82,82,82],"card_choices":[{"not_picked":["Secret Technique","The Bomb"],"picked":"Apotheosis","floor":0},{"not_picked":["Aggregate","Beam Cell"],"picked":"Go for the Eyes","floor":1},{"not_picked":["Stack","Ball Lightning"],"picked":"Tempest","floor":4},{"not_picked":["Sweeping Beam","Reinforced Body"],"picked":"Steam","floor":6},{"not_picked":["Go for the Eyes","Leap"],"picked":"Gash","floor":7},{"not_picked":["Redo","Steam"],"picked":"Ball Lightning","floor":10},{"not_picked":["Redo","Hologram"],"picked":"Hello World","floor":11},{"not_picked":["Ball Lightning","Streamline"],"picked":"Electrodynamics","floor":12},{"not_picked":["Go for the Eyes","Chaos"],"picked":"Turbo","floor":13},{"not_picked":["Thunder Strike","Machine Learning"],"picked":"Amplify","floor":16},{"not_picked":["Turbo","Stack"],"picked":"Self Repair","floor":18},{"not_picked":["Stack","Conserve Battery"],"picked":"Beam Cell","floor":19},{"not_picked":["Rebound","Go for the Eyes"],"picked":"Stack+1","floor":21},{"not_picked":["Redo","Sunder"],"picked":"Turbo","floor":22},{"not_picked":["Gash","Leap"],"picked":"Fission","floor":23}],"player_experience":280946,"relics_obtained":[{"floor":6,"key":"Tiny Chest"},{"floor":9,"key":"Cables"},{"floor":12,"key":"Strawberry"},{"floor":13,"key":"Odd Mushroom"},{"floor":23,"key":"Akabeko"},{"floor":23,"key":"Sundial"}],"event_choices":[{"damage_healed":0,"gold_gain":0,"player_choice":"Entered Light","damage_taken":15,"max_hp_gain":0,"max_hp_loss":0,"event_name":"Shining Light","floor":2,"gold_loss":0,"cards_upgraded":["Defend_B","Apotheosis"]},{"damage_healed":0,"gold_gain":0,"player_choice":"Ignored","damage_taken":0,"max_hp_gain":0,"max_hp_loss":0,"event_name":"Liars Game","floor":3,"gold_loss":0},{"damage_healed":18,"gold_gain":0,"player_choice":"Healed","damage_taken":0,"max_hp_gain":0,"max_hp_loss":0,"event_name":"The Cleric","floor":5,"gold_loss":35},{"damage_healed":0,"gold_gain":0,"player_choice":"Fought Mushrooms","damage_taken":0,"max_hp_gain":0,"max_hp_loss":0,"event_name":"Mushrooms","floor":13,"gold_loss":0},{"damage_healed":0,"gold_gain":0,"player_choice":"Success","damage_taken":3,"relics_obtained":["InkBottle"],"max_hp_gain":0,"max_hp_loss":0,"event_name":"Scrap Ooze","floor":14,"gold_loss":0},{"damage_healed":0,"gold_gain":99,"player_choice":"Stole From Cult","damage_taken":0,"max_hp_gain":0,"max_hp_loss":0,"event_name":"Nest","floor":20,"gold_loss":0}],"is_beta":false,"boss_relics":[{"not_picked":["Runic Pyramid","Coffee Dripper"],"picked":"Black Star"}],"items_purged_floors":[],"is_endless":false,"potions_floor_spawned":[6,7,10,13,21],"killed_by":"Book of Stabbing","ascension_level":3}}