{"host":"utqe55yv0jihe4d6","time":1613701318,"event":{"mods":["2.2 Compatiblity","AchievementEnabler","BaseMod","Block Reminder","Colored Map","Colored Powertips","Minty Spire (QoL Compilation)","Quick Restart","Rare Cards Sparkle","Relic Stats","SuperFastMode"],"gold_per_floor":[118,118,118,118,138,138,176,176,176,207,237,281,306,334,334,430,430,475,489,489,199,199,235,235,278,302,341,6,6,42,99,99,203,203,217,1216,1236,514,514,116,146,158,222,21,33,86,99,114,114,114,114],"floor_reached":50,"language":"ENG","playtime":3407,"items_purged":["Strike_P","Normality","Normality","Parasite"],"score":1348,"play_id":"fb3c7b10-092a-4f71-af2e-bed1bdc47a7c","local_time":"20210218212158","is_ascension_mode":true,"campfire_choices":[{"data":"Conclude","floor":6.0,"key":"SMITH"},{"floor":8.0,"key":"REST"},{"data":"Meditate","floor":15.0,"key":"SMITH"},{"floor":24.0,"key":"REST"},{"data":"Wireheading","floor":32.0,"key":"SMITH"},{"floor":42.0,"key":"RECALL"},{"data":"TalkToTheHand","floor":49.0,"key":"SMITH"}],"circlet_count":0,"master_deck":["AscendersBane","Strike_P+1","Strike_P+1","Strike_P+1","Defend_P+1","Defend_P+1","Defend_P+1","Defend_P+1","Eruption","Vigilance","CutThroughFate","Conclude+1","Wish","CrushJoints","ClearTheMind","Meditate+1","Halt+1","Ragnarok","Halt","Wireheading+1","Weave+1","ThirdEye","EmptyBody","JustLucky","WaveOfTheHand+1","Blasphemy+1","FlurryOfBlows","Protect","LikeWater","JustLucky","Panache","Flash of Steel","TalkToTheHand+1","MentalFortress","ThirdEye+1","Sadistic Nature","Wireheading","Evaluate+1","Tantrum+1","CutThroughFate"],"relics":["HolyWater","NeowsBlessing","Bloody Idol","HornCleat","Incense Burner","Sundial","Blood Vial","Odd Mushroom","PreservedInsect","Regal Pillow","Bird Faced Urn","Akabeko","Pantograph","Ancient Tea Set","Cursed Key","Calipers","Melange","Membership Card","War Paint","MawBank","Dream Catcher","Centennial Puzzle"],"acts_visited":["Exordium","TheCity","TheBeyond"],"potions_floor_usage":[50,50],"damage_taken":[{"damage":0.0,"enemies":"2 Louse","floor":1.0,"turns":2.0},{"damage":0.0,"enemies":"Jaw Worm","floor":5.0,"turns":1.0},{"damage":0.0,"enemies":"3 Sentries","floor":7.0,"turns":1.0},{"damage":0.0,"enemies":"Gremlin Nob","floor":10.0,"turns":3.0},{"damage":20.0,"enemies":"3 Sentries","floor":12.0,"turns":3.0},{"damage":0.0,"enemies":"Small Slimes","floor":13.0,"turns":5.0},{"damage":0.0,"enemies":"The Mushroom Lair","floor":14.0,"turns":3.0},{"damage":14.0,"enemies":"Hexaghost","floor":16.0,"turns":7.0},{"damage":28.0,"enemies":"Shell Parasite","floor":18.0,"turns":5.0},{"damage":0.0,"enemies":"Spheric Guardian","floor":19.0,"turns":1.0},{"damage":10.0,"enemies":"Gremlin Leader","floor":23.0,"turns":4.0},{"damage":39.0,"enemies":"Slavers","floor":25.0,"turns":6.0},{"damage":1.0,"enemies":"Chosen and Byrds","floor":27.0,"turns":7.0},{"damage":11.0,"enemies":"Snake Plant","floor":30.0,"turns":4.0},{"damage":10.0,"enemies":"Gremlin Leader","floor":31.0,"turns":6.0},{"damage":39.0,"enemies":"Automaton","floor":33.0,"turns":14.0},{"damage":14.0,"enemies":"3 Darklings","floor":35.0,"turns":4.0},{"damage":6.0,"enemies":"Orb Walker","floor":37.0,"turns":3.0},{"damage":48.0,"enemies":"Giant Head","floor":41.0,"turns":7.0},{"damage":10.0,"enemies":"Jaw Worm Horde","floor":45.0,"turns":6.0},{"damage":0.0,"enemies":"Reptomancer","floor":46.0,"turns":8.0},{"damage":14.0,"enemies":"Spire Growth","floor":47.0,"turns":7.0},{"damage":13.0,"enemies":"Sphere and 2 Shapes","floor":48.0,"turns":15.0},{"damage":100,"enemies":"Awakened One","floor":50,"turns":17}],"seed_played":"8484274228759780034","potions_obtained":[{"floor":1.0,"key":"Energy Potion"},{"floor":5.0,"key":"Fruit Juice"},{"floor":12.0,"key":"AttackPotion"},{"floor":16.0,"key":"AttackPotion"},{"floor":18.0,"key":"Fruit Juice"},{"floor":23.0,"key":"Regen Potion"},{"floor":31.0,"key":"Explosive Potion"},{"floor":33.0,"key":"Weak Potion"},{"floor":37.0,"key":"Fire Potion"},{"floor":45.0,"key":"Block Potion"}],"is_trial":false,"path_per_floor":["M","?","?","?","M","R","E","R","T","E","?","E","M","?","R","B",null,"M","M","?","$","?","E","R","E","T","M","$","?","M","E","R","B",null,"M","?","M","$","?","$","E","R","T","$","M","E","M","M","R","B"],"character_chosen":"WATCHER","items_purchased":["PreservedInsect","Block Potion","Pantograph","JustLucky","Calipers","LikeWater","Melange","JustLucky","Membership Card","TalkToTheHand","MentalFortress","War Paint","Sadistic Nature","Wireheading"],"campfire_rested":2,"item_purchase_floors":[21,21,28,28,38,38,38,38,40,40,40,40,44,44],"current_hp_per_floor":[61,38,27,32,37,37,37,60,60,60,60,40,42,44,44,32,67,46,48,48,48,48,40,79,42,42,45,45,45,48,52,52,52,75,68,73,74,74,64,64,31,36,46,51,58,76,78,78,78,0,0],"gold":114,"neow_bonus":"THREE_ENEMY_KILL","is_daily":false,"chose_seed":false,"campfire_upgraded":4,"win_rate":0.0,"timestamp":1613701318,"path_taken":["M","?","?","?","?","R","E","R","T","E","?","E","M","?","R","BOSS","M","M","?","$","?","E","R","E","T","M","$","?","?","E","R","BOSS","M","?","M","$","?","$","E","R","T","$","M","E","M","M","R","BOSS"],"items_purchased_type":["Relic","Potion","Relic","Card","Relic","Card","Relic","Card","Relic","Card","Card","Relic","Card","Card"],"build_version":"2020-12-22","purchased_purges":4,"victory":false,"max_hp_per_floor":[68,68,68,73,78,78,78,78,78,78,78,78,78,78,78,78,78,83,83,83,83,83,83,83,83,83,83,83,83,83,83,83,83,83,83,83,83,83,83,83,83,83,83,80,80,80,80,80,80,80,80],"relic_stats":{"Regal Pillow":15,"counters":[24,139],"Melange":[27],"PreservedInsect":329,"War Paint":["Blasphemy","Halt"],"Cursed Key":1,"MawBank":36,"Blood Vial":36,"Dream Catcher":0,"Centennial Puzzle":[9],"Sundial":[14],"Bloody Idol":95,"Bird Faced Urn":[49],"Pantograph":27,"obtain_stats":[{"Regal Pillow":23,"Calipers":38,"NeowsBlessing":0,"Golden Idol":2,"Melange":38,"PreservedInsect":21,"Incense Burner":7,"Odd Mushroom":14,"War Paint":40,"Ancient Tea Set":31,"Cursed Key":34,"MawBank":41,"Akabeko":26,"Blood Vial":12,"Dream Catcher":43,"Centennial Puzzle":46,"HornCleat":3,"Sundial":10,"Bird Faced Urn":25,"Pantograph":28,"Bloody Idol":29,"HolyWater":17,"Membership Card":40,"PureWater":0},{"Regal Pillow":11,"Calipers":18,"NeowsBlessing":0,"Golden Idol":1,"Melange":18,"PreservedInsect":10,"Incense Burner":3,"Odd Mushroom":7,"War Paint":18,"Ancient Tea Set":15,"Cursed Key":16,"MawBank":19,"Akabeko":12,"Blood Vial":5,"Dream Catcher":19,"Centennial Puzzle":21,"HornCleat":1,"Sundial":4,"Bird Faced Urn":12,"Pantograph":13,"Bloody Idol":13,"HolyWater":8,"Membership Card":18,"PureWater":0},{"Regal Pillow":35,"Calipers":79,"NeowsBlessing":0,"Golden Idol":2,"Melange":79,"PreservedInsect":31,"Incense Burner":4,"Odd Mushroom":18,"War Paint":79,"Ancient Tea Set":58,"Cursed Key":72,"MawBank":86,"Akabeko":41,"Blood Vial":10,"Dream Catcher":86,"Centennial Puzzle":100,"HornCleat":2,"Sundial":7,"Bird Faced Urn":41,"Pantograph":48,"Bloody Idol":48,"HolyWater":25,"Membership Card":79,"PureWater":0}]},"card_choices":[{"not_picked":["SignatureMove","Evaluate"],"picked":"CutThroughFate","floor":1.0},{"not_picked":["Crescendo","DeceiveReality"],"picked":"Conclude","floor":5.0},{"not_picked":["LikeWater","Pray"],"picked":"Wish","floor":7.0},{"not_picked":["CutThroughFate","WaveOfTheHand"],"picked":"CrushJoints","floor":10.0},{"not_picked":["JustLucky","SashWhip"],"picked":"ClearTheMind","floor":12.0},{"not_picked":["Vengeance","SignatureMove"],"picked":"Meditate","floor":13.0},{"not_picked":["SashWhip","Indignation"],"picked":"Halt","floor":14.0},{"not_picked":["Alpha","MasterReality"],"picked":"Ragnarok","floor":16.0},{"not_picked":["SashWhip","Meditate+1"],"picked":"Halt","floor":18.0},{"not_picked":["BowlingBash","MentalFortress"],"picked":"Wireheading","floor":19.0},{"not_picked":["Conclude+1","CarveReality"],"picked":"Weave+1","floor":23.0},{"not_picked":["Prostrate","Judgement"],"picked":"ThirdEye","floor":25.0},{"not_picked":["CrushJoints","Swivel+1"],"picked":"EmptyBody","floor":27.0},{"not_picked":["LikeWater","Indignation"],"picked":"WaveOfTheHand+1","floor":30.0},{"not_picked":["Evaluate","Pray","WindmillStrike"],"picked":"SKIP","floor":31.0},{"not_picked":["Wish","MasterReality"],"picked":"Blasphemy","floor":33.0},{"not_picked":["Weave","CrushJoints"],"picked":"FlurryOfBlows","floor":35.0},{"not_picked":["SashWhip","CrushJoints"],"picked":"Protect","floor":37.0},{"not_picked":["Forethought","Enlightenment"],"picked":"Panache","floor":39.0},{"not_picked":["Madness","Discovery"],"picked":"Flash of Steel","floor":39.0},{"not_picked":["Weave","Halt"],"picked":"ThirdEye+1","floor":41.0},{"not_picked":["Protect","JustLucky"],"picked":"Evaluate+1","floor":45.0},{"not_picked":["DeceiveReality","ClearTheMind","Evaluate"],"picked":"SKIP","floor":46.0},{"not_picked":["FlurryOfBlows","EmptyBody+1"],"picked":"Tantrum+1","floor":47.0},{"not_picked":["Protect","WreathOfFlame"],"picked":"CutThroughFate","floor":48.0}],"player_experience":3085825,"relics_obtained":[{"floor":7.0,"key":"Incense Burner"},{"floor":10.0,"key":"Sundial"},{"floor":12.0,"key":"Blood Vial"},{"floor":14.0,"key":"Odd Mushroom"},{"floor":23.0,"key":"Regal Pillow"},{"floor":25.0,"key":"Bird Faced Urn"},{"floor":26.0,"key":"Akabeko"},{"floor":31.0,"key":"Ancient Tea Set"},{"floor":41.0,"key":"MawBank"},{"floor":43.0,"key":"Dream Catcher"},{"floor":46.0,"key":"Centennial Puzzle"}],"event_choices":[{"damage_healed":0.0,"max_hp_gain":0.0,"max_hp_loss":0.0,"gold_gain":0.0,"event_name":"Golden Idol","player_choice":"Take Damage","floor":2.0,"gold_loss":0.0,"damage_taken":23.0,"relics_obtained":["Golden Idol"]},{"damage_healed":0.0,"max_hp_gain":0.0,"max_hp_loss":0.0,"gold_gain":0.0,"event_name":"Scrap Ooze","player_choice":"Success","floor":3.0,"gold_loss":0.0,"damage_taken":11.0,"relics_obtained":["HornCleat"]},{"damage_healed":0.0,"max_hp_gain":5.0,"max_hp_loss":0.0,"gold_gain":0.0,"event_name":"Big Fish","player_choice":"Donut","floor":4.0,"gold_loss":0.0,"damage_taken":0.0},{"damage_healed":0.0,"max_hp_gain":0.0,"max_hp_loss":0.0,"gold_gain":30.0,"event_name":"Dead Adventurer","player_choice":"Searched \u00271\u0027 times","floor":11.0,"gold_loss":0.0,"damage_taken":0.0},{"damage_healed":0.0,"max_hp_gain":0.0,"max_hp_loss":0.0,"gold_gain":0.0,"event_name":"Mushrooms","player_choice":"Fought Mushrooms","floor":14.0,"gold_loss":0.0,"damage_taken":0.0},{"damage_healed":0.0,"max_hp_gain":0.0,"max_hp_loss":0.0,"gold_gain":0.0,"event_name":"The Mausoleum","player_choice":"Ignored","floor":20.0,"gold_loss":0.0,"damage_taken":0.0},{"damage_healed":0.0,"max_hp_gain":0.0,"max_hp_loss":0.0,"gold_gain":0.0,"event_name":"Back to Basics","player_choice":"Simplicity","floor":22.0,"gold_loss":0.0,"damage_taken":0.0,"cards_upgraded":["Strike_P","Strike_P","Strike_P","Defend_P","Defend_P","Defend_P","Defend_P"]},{"damage_healed":0.0,"max_hp_gain":0.0,"max_hp_loss":0.0,"gold_gain":0.0,"event_name":"Forgotten Altar","player_choice":"Gave Idol","floor":29.0,"relics_lost":["Golden Idol"],"gold_loss":0.0,"damage_taken":0.0,"relics_obtained":["Bloody Idol"]},{"damage_healed":0.0,"max_hp_gain":0.0,"max_hp_loss":0.0,"gold_gain":999.0,"event_name":"MindBloom","player_choice":"Gold","floor":36.0,"gold_loss":0.0,"damage_taken":0.0,"cards_obtained":["Normality","Normality"]},{"damage_healed":0.0,"max_hp_gain":0.0,"max_hp_loss":0.0,"gold_gain":0.0,"event_name":"SensoryStone","player_choice":"Memory 3","floor":39.0,"gold_loss":0.0,"damage_taken":10.0}],"is_beta":false,"boss_relics":[{"not_picked":["SlaversCollar","Snecko Eye"],"picked":"HolyWater"},{"not_picked":["Fusion Hammer","Empty Cage"],"picked":"Cursed Key"}],"items_purged_floors":[21,38,40,44],"is_endless":false,"potions_floor_spawned":[1,5,12,16,18,23,31,33,37,45,47],"killed_by":"Awakened One","ascension_level":20}}