{"host":"6ulps5ednfgqn0to","time":1613728396,"event":{"mods":["AchievementEnabler","BaseMod","Colored Map","Highlight Path","Minty Spire (QoL Compilation)","Relic Sorter","Relic Stats","StSLib"],"gold_per_floor":[17,17,17,17,17,17,38,38,38],"floor_reached":8,"language":"ENG","playtime":168,"items_purged":[],"score":46,"play_id":"42e1179a-57cc-4a72-aa04-49a1ee2593e8","local_time":"20210219115316","is_ascension_mode":true,"campfire_choices":[{"data":"Eruption","floor":6,"key":"SMITH"}],"circlet_count":0,"master_deck":["Strike_P","Strike_P","Defend_P","Defend_P","Defend_P","Eruption+1","Vigilance","Swivel"],"relics":["PureWater","Golden Idol","MealTicket"],"acts_visited":["Exordium"],"potions_floor_usage":[],"damage_taken":[{"damage":9,"enemies":"Jaw Worm","floor":1,"turns":2},{"damage":0,"enemies":"2 Louse","floor":7,"turns":1},{"damage":110,"enemies":"Gremlin Nob","floor":8,"turns":5}],"seed_played":"2018850319014310698","potions_obtained":[],"is_trial":false,"path_per_floor":["M","?","?","?","$","R","M","E"],"character_chosen":"WATCHER","items_purchased":[],"campfire_rested":0,"item_purchase_floors":[],"current_hp_per_floor":[63,63,60,53,67,67,67,0,0],"gold":38,"neow_bonus":"REMOVE_TWO","is_daily":false,"chose_seed":false,"campfire_upgraded":1,"win_rate":0.0,"timestamp":1613728396,"path_taken":["M","?","?","?","$","R","M","E"],"items_purchased_type":[],"build_version":"2020-12-22","purchased_purges":0,"victory":false,"max_hp_per_floor":[72,67,67,67,67,67,67,67,67],"relic_stats":{"counters":[3,8],"Golden Idol":4,"MealTicket":14,"obtain_stats":[{"Golden Idol":2,"MealTicket":3,"PureWater":0},{"Golden Idol":1,"MealTicket":1,"PureWater":0},{"Golden Idol":2,"MealTicket":2,"PureWater":0}]},"card_choices":[{"not_picked":["SashWhip","Adaptation"],"picked":"Swivel","floor":1},{"not_picked":["Vengeance","Crescendo","Fasting2"],"picked":"SKIP","floor":7}],"player_experience":61394,"relics_obtained":[],"event_choices":[{"damage_healed":0,"gold_gain":0,"player_choice":"Lose Max HP","damage_taken":0,"relics_obtained":["Golden Idol"],"max_hp_gain":0,"max_hp_loss":5,"event_name":"Golden Idol","floor":2,"gold_loss":0},{"damage_healed":0,"gold_gain":0,"player_choice":"Success","damage_taken":3,"relics_obtained":["MealTicket"],"max_hp_gain":0,"max_hp_loss":0,"event_name":"Scrap Ooze","floor":3,"gold_loss":0},{"cards_removed":["Strike_P"],"damage_healed":0,"gold_gain":0,"player_choice":"Card Removal","damage_taken":7,"max_hp_gain":0,"max_hp_loss":0,"event_name":"Golden Wing","floor":4,"gold_loss":0}],"is_beta":false,"boss_relics":[],"items_purged_floors":[],"is_endless":false,"potions_floor_spawned":[],"killed_by":"Gremlin Nob","ascension_level":1}}