{"host":"prxrhpgaxnj4om9r","time":1613712113,"event":{"mods":["AchievementEnabler","BaseMod","Colored Map","DeckTracker","Minty Spire (QoL Compilation)"],"gold_per_floor":[116,116,142,159,169,188,188,203,229,304,51,63,93,116,116,221,221,241,241,13,32,32,65,65,98,98,111,111,123,123,123,123,218,218,235,43,57,0,13,13,13,60,86,106,106,106,106,106,106,106,106,106,31,58,58,58],"floor_reached":55,"language":"KOR","playtime":2418,"items_purged":["Strike_P"],"score":678,"play_id":"01ba3edb-da43-4d8c-bf59-c199e6383e3f","local_time":"20210219142153","is_ascension_mode":false,"campfire_choices":[{"data":"Eruption","floor":7.0,"key":"SMITH"},{"data":"ForeignInfluence","floor":15.0,"key":"SMITH"},{"floor":24,"key":"REST"},{"data":"ForeignInfluence","floor":32,"key":"SMITH"},{"floor":40,"key":"RECALL"},{"data":"1","floor":46,"key":"LIFT"},{"data":"Vault","floor":49,"key":"SMITH"},{"data":"2","floor":52,"key":"LIFT"}],"circlet_count":0,"master_deck":["Strike_P+1","Strike_P","Defend_P","Eruption+1","Vigilance","Dramatic Entrance","Tantrum","ThirdEye","FearNoEvil","WindmillStrike+1","ForeignInfluence+1","Protect","CutThroughFate","LikeWater+1","DevaForm+1","Sanctity+1","DeceiveReality+1","Crescendo+1","Vault+1","Fasting2+1","SandsOfTime+1","SashWhip+1","ForeignInfluence+1","DeusExMachina","InnerPeace","CutThroughFate+1","Good Instincts","JustLucky+1","Madness","Madness","Wish"],"relics":["HolyWater","MealTicket","Regal Pillow","InkBottle","Frozen Egg 2","Odd Mushroom","Astrolabe","Juzu Bracelet","Damaru","Art of War","Eternal Feather","Vajra","Red Mask","Girya","Bronze Scales","Mercury Hourglass","Whetstone"],"acts_visited":["Exordium","TheCity","TheBeyond","TheEnding"],"potions_floor_usage":[25,29,33,39,50],"damage_taken":[{"damage":0.0,"enemies":"2 Louse","floor":1.0,"turns":2.0},{"damage":17.0,"enemies":"Jaw Worm","floor":4.0,"turns":2.0},{"damage":0.0,"enemies":"Cultist","floor":5.0,"turns":2.0},{"damage":0.0,"enemies":"3 Louse","floor":6.0,"turns":1.0},{"damage":0.0,"enemies":"2 Fungi Beasts","floor":8.0,"turns":2.0},{"damage":4.0,"enemies":"Blue Slaver","floor":12.0,"turns":2.0},{"damage":8.0,"enemies":"Lagavulin","floor":13.0,"turns":3.0},{"damage":0.0,"enemies":"The Mushroom Lair","floor":14.0,"turns":2.0},{"damage":23.0,"enemies":"The Guardian","floor":16.0,"turns":7.0},{"damage":0,"enemies":"Spheric Guardian","floor":18,"turns":1},{"damage":1,"enemies":"Shell Parasite","floor":21,"turns":3},{"damage":33,"enemies":"Gremlin Leader","floor":23,"turns":5},{"damage":37,"enemies":"Slavers","floor":25,"turns":5},{"damage":0,"enemies":"Snecko","floor":27,"turns":4},{"damage":0,"enemies":"Cultist and Chosen","floor":29,"turns":4},{"damage":48,"enemies":"Automaton","floor":33,"turns":6},{"damage":0,"enemies":"Orb Walker","floor":35,"turns":2},{"damage":16,"enemies":"3 Darklings","floor":37,"turns":2},{"damage":0,"enemies":"Jaw Worm Horde","floor":39,"turns":2},{"damage":1,"enemies":"2 Orb Walkers","floor":42,"turns":3},{"damage":15,"enemies":"Maw","floor":44,"turns":5},{"damage":22,"enemies":"Donu and Deca","floor":50,"turns":5},{"damage":41,"enemies":"Shield and Spear","floor":54,"turns":5},{"damage":97,"enemies":"The Heart","floor":55,"turns":2}],"seed_played":"8658881576964001220","potions_obtained":[{"floor":1.0,"key":"Weak Potion"},{"floor":8.0,"key":"Weak Potion"},{"floor":14.0,"key":"SpeedPotion"},{"floor":16.0,"key":"Energy Potion"},{"floor":23,"key":"Regen Potion"},{"floor":25,"key":"Weak Potion"},{"floor":35,"key":"Strength Potion"},{"floor":44,"key":"Fire Potion"}],"is_trial":false,"path_per_floor":["M","?","T","M","M","M","R","M","T","?","$","M","E","?","R","B",null,"M","?","$","M","?","E","R","E","T","M","?","M","$","?","R","B",null,"M","$","M","?","M","R","?","?","T","M","?","R","T","?","R","B",null,"R","$","E","B"],"character_chosen":"WATCHER","items_purchased":["InkBottle","Juzu Bracelet","Vault","Vajra","InnerPeace"],"campfire_rested":1,"item_purchase_floors":[11,20,20,36,36],"current_hp_per_floor":[72,65,65,48,48,48,48,48,48,37,52,48,40,40,40,17,72,72,72,72,71,58,25,63,40,40,40,40,40,55,55,67,19,77,77,77,61,61,61,76,76,75,75,60,50,68,68,68,77,55,77,77,77,36,0,0],"gold":58,"neow_bonus":"RANDOM_COLORLESS","is_daily":false,"chose_seed":false,"campfire_upgraded":4,"win_rate":0.0,"timestamp":1613712113,"path_taken":["M","?","?","?","M","M","R","M","T","?","$","M","E","?","R","BOSS","M","?","$","M","?","E","R","E","T","M","?","M","$","?","R","BOSS","M","$","M","?","M","R","?","?","T","M","?","R","?","?","R","BOSS","R","$","E","BOSS"],"items_purchased_type":["Relic","Relic","Card","Relic","Card"],"build_version":"2020-12-22","purchased_purges":1,"victory":false,"max_hp_per_floor":[72,72,72,72,72,72,72,72,72,72,72,72,72,72,72,72,72,72,72,72,72,77,77,77,77,77,77,77,77,77,77,77,77,77,77,77,77,77,77,77,77,77,77,77,77,77,77,77,77,77,77,77,77,77,77,77],"card_choices":[{"not_picked":["Impatience","Dark Shackles"],"picked":"Dramatic Entrance","floor":0.0},{"not_picked":["Meditate","BowlingBash"],"picked":"Tantrum","floor":1.0},{"not_picked":["BowlingBash","Prostrate"],"picked":"ThirdEye","floor":4.0},{"not_picked":["PathToVictory","WheelKick"],"picked":"FearNoEvil","floor":5.0},{"not_picked":["Fasting2","EmptyFist"],"picked":"WindmillStrike","floor":6.0},{"not_picked":["ClearTheMind","EmptyBody"],"picked":"ForeignInfluence","floor":8.0},{"not_picked":["Study","Vengeance"],"picked":"Protect","floor":12.0},{"not_picked":["FollowUp","Sanctity"],"picked":"CutThroughFate","floor":13.0},{"not_picked":["ClearTheMind","SashWhip"],"picked":"LikeWater+1","floor":14.0},{"not_picked":["ConjureBlade","Blasphemy"],"picked":"DevaForm+1","floor":16.0},{"not_picked":["FollowUp","JustLucky","Wallop"],"picked":"SKIP","floor":18},{"not_picked":["WindmillStrike+1","Wireheading+1"],"picked":"Fasting2+1","floor":21},{"not_picked":["Halt","CrushJoints"],"picked":"SandsOfTime+1","floor":23},{"not_picked":["Conclude","WaveOfTheHand+1"],"picked":"SashWhip+1","floor":25},{"not_picked":["Consecrate","Pray+1","FlurryOfBlows"],"picked":"SKIP","floor":27},{"not_picked":["EmptyBody+1","BowlingBash"],"picked":"ForeignInfluence","floor":29},{"not_picked":["DevaForm+1","MasterReality+1"],"picked":"DeusExMachina","floor":33},{"not_picked":["WindmillStrike+1","Protect+1"],"picked":"WheelKick","floor":35},{"not_picked":["JustLucky+1","Conclude+1"],"picked":"CutThroughFate+1","floor":37},{"not_picked":["InnerPeace+1","Sanctity","CrushJoints+1"],"picked":"SKIP","floor":39},{"not_picked":["Impatience","Dark Shackles"],"picked":"Good Instincts","floor":41},{"not_picked":["ThirdEye+1","Protect+1"],"picked":"JustLucky+1","floor":44},{"not_picked":["WindmillStrike+1","SashWhip"],"picked":"Wish","floor":54}],"player_experience":529069,"relics_obtained":[{"floor":9.0,"key":"Regal Pillow"},{"floor":13.0,"key":"Frozen Egg 2"},{"floor":14.0,"key":"Odd Mushroom"},{"floor":23,"key":"Damaru"},{"floor":25,"key":"Art of War"},{"floor":26,"key":"Eternal Feather"},{"floor":42,"key":"Girya"},{"floor":43,"key":"Bronze Scales"},{"floor":47,"key":"Mercury Hourglass"},{"floor":54,"key":"Whetstone"}],"event_choices":[{"damage_healed":0.0,"max_hp_gain":0.0,"max_hp_loss":0.0,"gold_gain":0.0,"event_name":"Scrap Ooze","player_choice":"Success","floor":2.0,"gold_loss":0.0,"damage_taken":7.0,"relics_obtained":["MealTicket"]},{"damage_healed":0.0,"max_hp_gain":0.0,"max_hp_loss":0.0,"gold_gain":75.0,"event_name":"World of Goop","player_choice":"Gather Gold","floor":10.0,"gold_loss":0.0,"damage_taken":11.0},{"damage_healed":0.0,"max_hp_gain":0.0,"max_hp_loss":0.0,"gold_gain":0.0,"event_name":"Mushrooms","player_choice":"Fought Mushrooms","floor":14.0,"gold_loss":0.0,"damage_taken":0.0},{"damage_healed":0,"gold_gain":0,"player_choice":"Ignored","damage_taken":0,"max_hp_gain":0,"max_hp_loss":0,"event_name":"Ghosts","floor":19,"gold_loss":0},{"damage_healed":0,"gold_gain":0,"player_choice":"Shed Blood","damage_taken":18,"max_hp_gain":5,"max_hp_loss":0,"event_name":"Forgotten Altar","floor":22,"gold_loss":0},{"cards_removed":["Strike_P"],"damage_healed":0,"gold_gain":0,"player_choice":"Offered Basic","damage_taken":0,"max_hp_gain":0,"max_hp_loss":0,"event_name":"Bonfire Elementals","floor":28,"gold_loss":0},{"damage_healed":0,"gold_gain":0,"player_choice":"Ignored","damage_taken":0,"max_hp_gain":0,"max_hp_loss":0,"event_name":"NoteForYourself","floor":31,"gold_loss":0},{"damage_healed":0,"gold_gain":0,"player_choice":"Paid","damage_taken":0,"relics_obtained":["Red Mask"],"max_hp_gain":0,"max_hp_loss":0,"event_name":"Tomb of Lord Red Mask","floor":38,"gold_loss":57},{"damage_healed":0,"gold_gain":0,"player_choice":"Memory 1","damage_taken":0,"max_hp_gain":0,"max_hp_loss":0,"event_name":"SensoryStone","floor":41,"gold_loss":0},{"damage_healed":0,"gold_gain":0,"player_choice":"Fight","damage_taken":0,"max_hp_gain":0,"max_hp_loss":0,"event_name":"Mysterious Sphere","floor":42,"gold_loss":0},{"damage_healed":0,"gold_gain":0,"player_choice":"Embrace Madness","damage_taken":10,"max_hp_gain":0,"max_hp_loss":0,"event_name":"Winding Halls","floor":45,"gold_loss":0,"cards_obtained":["Madness","Madness"]},{"cards_removed":["WheelKick"],"damage_healed":0,"gold_gain":0,"player_choice":"Removed Attack","damage_taken":0,"max_hp_gain":0,"max_hp_loss":0,"event_name":"Falling","floor":48,"gold_loss":0}],"is_beta":false,"boss_relics":[{"not_picked":["Snecko Eye","SlaversCollar"],"picked":"Astrolabe"},{"not_picked":["SacredBark","Coffee Dripper"],"picked":"HolyWater"}],"items_purged_floors":[53],"is_endless":false,"potions_floor_spawned":[1,8,14,16,23,25,35,44],"killed_by":"The Heart","ascension_level":0}}