{"host":"fkig9nrckec4xsh0","time":1613699566,"event":{"mods":["Act Like it!","BaseMod","Colored Map","Gensokyo","Hermit","Marisa????????","Minty Spire (QoL Compilation)","Quick Restart","Replay The Spire","StSLib","The Cursed","The Necromancer","The Servant 0.9.4"],"gold_per_floor":[114,114,127,127,141,177,177,177,177],"floor_reached":8,"language":"ENG","playtime":224,"items_purged":[],"score":70,"play_id":"82ca5125-de92-426c-826f-63f07188346f","local_time":"20210218205246","is_ascension_mode":true,"campfire_choices":[{"data":"Death_March_Dance","floor":7,"key":"SMITH"}],"circlet_count":0,"master_deck":["Strike_W","Strike_W","Strike_W","Strike_W","Defend_W","Defend_W","Defend_W","Defend_W","Negative_Energy_Arrows","Bone_Wall","Corrupt+1","Uncharnel","Death_March_Dance+1","Blood_Wake"],"relics":["Vampire_Amulet","NeowsBlessing","Golden Idol","Blue Doll"],"acts_visited":["Exordium"],"potions_floor_usage":[6,6],"damage_taken":[{"damage":0,"enemies":"Small Slimes","floor":1,"turns":1},{"damage":0,"enemies":"Cultist","floor":3,"turns":1},{"damage":0,"enemies":"2 Louse","floor":5,"turns":1},{"damage":26,"enemies":"Lagavulin","floor":6,"turns":7},{"damage":46,"enemies":"Gremlin Nob","floor":8,"turns":5}],"seed_played":"-386271688391408556","potions_obtained":[{"floor":1,"key":"Venom Potion"},{"floor":5,"key":"ColorlessPotion"},{"floor":6,"key":"Dexterity Potion"}],"is_trial":false,"path_per_floor":["M","?","M","?","M","E","R","E"],"character_chosen":"NECROMANCER","items_purchased":[],"campfire_rested":0,"item_purchase_floors":[],"current_hp_per_floor":[75,57,59,59,63,39,39,0,0],"gold":177,"neow_bonus":"THREE_ENEMY_KILL","is_daily":false,"chose_seed":false,"campfire_upgraded":1,"win_rate":0.0,"timestamp":1613699566,"path_taken":["M","?","M","?","?","E","R","E"],"items_purchased_type":[],"build_version":"2020-12-22","purchased_purges":0,"victory":false,"max_hp_per_floor":[75,75,75,75,75,75,75,75,75],"card_choices":[{"not_picked":["Necromantic_Selection","Death_Coil"],"picked":"Corrupt","floor":1},{"not_picked":["Deaths_Shadow","Chill_Blood"],"picked":"Uncharnel","floor":3},{"not_picked":["Negative_Energy_Javelin","Bone_Prison"],"picked":"Death_March_Dance","floor":5},{"not_picked":["Shackles_Of_Pain","Negative_Energy_Shield"],"picked":"Blood_Wake","floor":6}],"player_experience":466757,"relics_obtained":[{"floor":6,"key":"Blue Doll"}],"event_choices":[{"damage_healed":0,"gold_gain":0,"player_choice":"Take Damage","damage_taken":18,"relics_obtained":["Golden Idol"],"max_hp_gain":0,"max_hp_loss":0,"event_name":"Golden Idol","floor":2,"gold_loss":0},{"damage_healed":0,"gold_gain":0,"player_choice":"Upgraded","damage_taken":0,"max_hp_gain":0,"max_hp_loss":0,"event_name":"Upgrade Shrine","floor":4,"gold_loss":0,"cards_upgraded":["Corrupt"]}],"is_beta":false,"boss_relics":[],"items_purged_floors":[],"is_endless":false,"potions_floor_spawned":[1,5,6],"killed_by":"Gremlin Nob","ascension_level":5}}