{"host":"js2su9tbbk4rmjfl","time":1613697094,"event":{"mods":["AchievementEnabler","BaseMod","Block Reminder","Colored Map","Colored Powertips","Highlight Path","Minty Spire (QoL Compilation)","Relic Stats"],"gold_per_floor":[117,117,131,149,165,165,165,165,190,206,226,226,261,201,201,278,278,233,233,233],"floor_reached":19,"language":"ENG","playtime":1036,"items_purged":[],"score":321,"play_id":"566aab91-2826-4784-bd9c-065983d913a2","local_time":"20210219021134","is_ascension_mode":true,"campfire_choices":[{"data":"Metallicize","floor":6,"key":"SMITH"},{"data":"Metallicize","floor":8,"key":"SMITH"},{"data":"Exhume","floor":12,"key":"SMITH"},{"data":"Iron Wave","floor":15,"key":"SMITH"}],"circlet_count":0,"master_deck":["AscendersBane","Strike_R","Strike_R","Strike_R","Strike_R","Strike_R","Defend_R","Defend_R","Defend_R","Bash","Metallicize+1","Ghostly Armor","Metallicize+1","Exhume+1","Flame Barrier","Iron Wave+1","Barricade"],"relics":["Burning Blood","NeowsBlessing","Vajra","Toy Ornithopter","StoneCalendar","Busted Crown"],"acts_visited":["Exordium","TheCity"],"potions_floor_usage":[5,5,10,13],"damage_taken":[{"damage":0,"enemies":"Small Slimes","floor":1,"turns":1},{"damage":0,"enemies":"Jaw Worm","floor":3,"turns":1},{"damage":0,"enemies":"Cultist","floor":4,"turns":1},{"damage":2,"enemies":"2 Fungi Beasts","floor":5,"turns":4},{"damage":10,"enemies":"3 Louse","floor":10,"turns":4},{"damage":4,"enemies":"Blue Slaver","floor":11,"turns":5},{"damage":45,"enemies":"Lagavulin","floor":13,"turns":10},{"damage":0,"enemies":"Looter","floor":14,"turns":5},{"damage":48,"enemies":"Slime Boss","floor":16,"turns":17},{"damage":24,"enemies":"2 Thieves","floor":18,"turns":5},{"damage":45,"enemies":"3 Byrds","floor":19,"turns":4}],"seed_played":"8574895326844311224","potions_obtained":[{"floor":1,"key":"EntropicBrew"},{"floor":5,"key":"Strength Potion"},{"floor":10,"key":"Ancient Potion"},{"floor":11,"key":"FairyPotion"}],"is_trial":false,"path_per_floor":["M","?","M","M","M","R","?","R","T","M","M","R","E","M","R","B",null,"M","M"],"character_chosen":"IRONCLAD","items_purchased":[],"campfire_rested":0,"item_purchase_floors":[],"current_hp_per_floor":[74,56,62,68,72,72,72,72,72,73,75,75,41,47,47,28,63,45,0,0],"gold":233,"neow_bonus":"THREE_ENEMY_KILL","is_daily":false,"chose_seed":false,"campfire_upgraded":4,"win_rate":0.0,"timestamp":1613697094,"path_taken":["M","?","M","M","M","R","?","R","T","M","?","R","E","M","R","BOSS","M","M"],"items_purchased_type":[],"build_version":"2020-12-22","purchased_purges":0,"victory":false,"max_hp_per_floor":[75,75,75,75,75,75,75,75,75,75,75,75,75,75,75,75,75,75,75,75],"relic_stats":{"Busted Crown":2,"counters":[11,57],"StoneCalendar":[52],"obtain_stats":[{"Busted Crown":17,"NeowsBlessing":0,"Vajra":2,"StoneCalendar":13,"Burning Blood":0,"Toy Ornithopter":9},{"Busted Crown":9,"NeowsBlessing":0,"Vajra":1,"StoneCalendar":7,"Burning Blood":0,"Toy Ornithopter":4},{"Busted Crown":48,"NeowsBlessing":0,"Vajra":1,"StoneCalendar":26,"Burning Blood":0,"Toy Ornithopter":7}],"Burning Blood":60,"Toy Ornithopter":10},"card_choices":[{"not_picked":["Flex","Infernal Blade"],"picked":"Metallicize","floor":1},{"not_picked":["Uppercut","Twin Strike","Body Slam"],"picked":"SKIP","floor":3},{"not_picked":["Combust","Rampage"],"picked":"Ghostly Armor","floor":4},{"not_picked":["Heavy Blade","Sword Boomerang"],"picked":"Metallicize","floor":5},{"not_picked":["Pommel Strike","Twin Strike","Havoc"],"picked":"SKIP","floor":10},{"not_picked":["Pummel","Havoc"],"picked":"Exhume","floor":11},{"not_picked":["Shrug It Off","Sword Boomerang"],"picked":"Flame Barrier","floor":13},{"not_picked":["True Grit","Pommel Strike"],"picked":"Iron Wave","floor":14},{"not_picked":["Impervious","Reaper"],"picked":"Barricade","floor":16},{"not_picked":["Iron Wave"],"picked":"SKIP","floor":18}],"player_experience":857562,"relics_obtained":[{"floor":9,"key":"Toy Ornithopter"},{"floor":13,"key":"StoneCalendar"}],"event_choices":[{"damage_healed":0,"gold_gain":0,"player_choice":"Success","damage_taken":18,"relics_obtained":["Vajra"],"max_hp_gain":0,"max_hp_loss":0,"event_name":"Scrap Ooze","floor":2,"gold_loss":0},{"cards_removed":["Defend_R"],"damage_healed":0,"gold_gain":0,"player_choice":"Purged","damage_taken":0,"max_hp_gain":0,"max_hp_loss":0,"event_name":"Purifier","floor":7,"gold_loss":0}],"is_beta":false,"boss_relics":[{"not_picked":["Sozu","SlaversCollar"],"picked":"Busted Crown"}],"items_purged_floors":[],"is_endless":false,"potions_floor_spawned":[1,5,10,11],"killed_by":"3 Byrds","ascension_level":18}}