{"host":"43wsnxh97mgjl5zw","time":1613761141,"event":{"mods":["Aspiration","BaseMod","Colored Map","Colored Powertips","Conspire","Downfall","Halation","Hubris","Minty Spire (QoL Compilation)","Quick Restart","Rare Cards Sparkle","Relic Sorter","Replay The Spire","StSLib"],"gold_per_floor":[11,41,52,32,48,48,48],"floor_reached":6,"language":"ENG","playtime":337,"items_purged":[],"score":72,"play_id":"60779722-a23f-4d4e-bc0c-a7d22e2ed8e2","local_time":"20210219205901","is_ascension_mode":true,"campfire_choices":[],"circlet_count":0,"master_deck":["AscendersBane","Strike_R","Strike_R","Strike_R","Strike_R","Strike_R","Defend_R","Defend_R","Defend_R","Defend_R","Bash","Feed","Run Through","True Grit","Searing Blow","Headbutt"],"relics":["Burning Blood","Regal Pillow"],"acts_visited":["Exordium"],"potions_floor_usage":[6],"damage_taken":[{"damage":8.0,"enemies":"conspire:RoseBush","floor":1.0,"turns":4.0},{"damage":26,"enemies":"conspire:MimicChest","floor":2,"turns":6},{"damage":4,"enemies":"2 Louse","floor":3,"turns":3},{"damage":16,"enemies":"Cultist","floor":5,"turns":5},{"damage":26,"enemies":"Lagavulin","floor":6,"turns":4}],"seed_played":"8538406970021319797","potions_obtained":[{"floor":2,"key":"EssenceOfSteel"},{"floor":4,"key":"Languid Potion"}],"is_trial":false,"path_per_floor":["M","?","M","?","M","E"],"character_chosen":"IRONCLAD","items_purchased":[],"campfire_rested":0,"item_purchase_floors":[],"current_hp_per_floor":[69,49,54,54,44,18,18],"gold":48,"neow_bonus":"THREE_RARE_CARDS","is_daily":false,"chose_seed":false,"campfire_upgraded":0,"win_rate":0.0,"timestamp":1613761141,"path_taken":["M","?","M","?","?","E"],"items_purchased_type":[],"build_version":"2020-12-22","purchased_purges":0,"victory":false,"max_hp_per_floor":[78,78,81,81,81,81,81],"card_choices":[{"not_picked":["Fiend Fire","Eclipse"],"picked":"Feed","floor":0.0},{"not_picked":["True Grit","Flex"],"picked":"Run Through","floor":1.0},{"not_picked":["hubris:ReadiedAction","Armaments"],"picked":"True Grit","floor":2},{"not_picked":["Run Through","Berserk"],"picked":"Searing Blow","floor":3},{"not_picked":["ReplayTheSpireMod:Strike From Hell","Body Slam"],"picked":"Headbutt","floor":5}],"player_experience":1266425,"relics_obtained":[{"floor":2,"key":"Regal Pillow"}],"event_choices":[{"damage_healed":0,"gold_gain":0,"player_choice":"Bought 1 Potion","damage_taken":0,"max_hp_gain":0,"max_hp_loss":0,"event_name":"The Woman in Blue","floor":4,"gold_loss":0}],"is_beta":false,"boss_relics":[],"items_purged_floors":[],"is_endless":false,"potions_floor_spawned":[2,5],"killed_by":"Lagavulin","ascension_level":20}}