{"host":"vumwfieg2b2mnrfl","time":1613694828,"event":{"mods":["AchievementEnabler","BaseMod","Minty Spire (QoL Compilation)","Rare Cards Sparkle","Relic Stats"],"gold_per_floor":[363,26,45,45,60,60,60,60],"floor_reached":7,"language":"ENG","playtime":208,"items_purged":[],"score":82,"play_id":"6cd458aa-53df-4611-9d31-d2cf1d53eb1e","local_time":"20210218183348","is_ascension_mode":true,"campfire_choices":[{"data":"Prepared","floor":6.0,"key":"SMITH"}],"circlet_count":0,"master_deck":["AscendersBane","Strike_G","Strike_G","Strike_G","Strike_G","Strike_G","Defend_G","Defend_G","Defend_G","Defend_G","Defend_G","Survivor","Neutralize","Shame","Prepared+1","Footwork+1","PiercingWail","Footwork+1"],"relics":["Ring of the Snake","Frozen Egg 2"],"acts_visited":["Exordium"],"potions_floor_usage":[7],"damage_taken":[{"damage":1.0,"enemies":"2 Louse","floor":1.0,"turns":3.0},{"damage":5.0,"enemies":"Cultist","floor":3.0,"turns":5.0},{"damage":12.0,"enemies":"Jaw Worm","floor":5.0,"turns":9.0},{"damage":58,"enemies":"Gremlin Nob","floor":7,"turns":4}],"seed_played":"-110890445978582887","potions_obtained":[{"floor":3.0,"key":"BlessingOfTheForge"},{"floor":5.0,"key":"PowerPotion"}],"is_trial":false,"path_per_floor":["M","$","M","?","M","R","E"],"character_chosen":"THE_SILENT","items_purchased":["Frozen Egg 2","Footwork+1"],"campfire_rested":0,"item_purchase_floors":[2,2],"current_hp_per_floor":[58,58,53,53,41,41,0,0],"gold":60,"neow_bonus":"TWO_FIFTY_GOLD","is_daily":false,"chose_seed":false,"campfire_upgraded":1,"win_rate":0.0,"timestamp":1613694828,"path_taken":["M","$","M","?","M","R","E"],"items_purchased_type":["Relic","Card"],"build_version":"2020-12-22","purchased_purges":0,"victory":false,"max_hp_per_floor":[66,66,66,66,66,66,66,66],"relic_stats":{"counters":[4,21],"obtain_stats":[{"Frozen Egg 2":2,"Ring of the Snake":0},{"Frozen Egg 2":1,"Ring of the Snake":0},{"Frozen Egg 2":3,"Ring of the Snake":0}],"Ring of the Snake":[8]},"card_choices":[{"not_picked":["Dodge and Roll","Deadly Poison"],"picked":"Prepared","floor":1.0},{"not_picked":["Expertise","Concentrate"],"picked":"PiercingWail","floor":3.0},{"not_picked":["Dodge and Roll","Outmaneuver"],"picked":"Footwork+1","floor":5.0}],"player_experience":570455,"relics_obtained":[],"event_choices":[{"damage_healed":0.0,"max_hp_gain":0.0,"max_hp_loss":0.0,"gold_gain":0.0,"event_name":"The Cleric","player_choice":"Leave","floor":4.0,"gold_loss":0.0,"damage_taken":0.0}],"is_beta":false,"boss_relics":[],"items_purged_floors":[],"is_endless":false,"potions_floor_spawned":[3,5],"killed_by":"Gremlin Nob","ascension_level":20}}