{"host":"lwys0gbp6t40j7jh","time":1613734507,"event":{"mods":["Act Like it!","Arknights","BaseMod","CapriCore","Downfall","Friendly Minions","GifTheSpireLib","Luminous","Minty Spire (QoL Compilation)","StSLib","SuperFastMode","The Marked"],"gold_per_floor":[99,99,99,99,9,24,49,34,51,70,170,170,187,207,224,224,224,224],"floor_reached":16,"language":"ENG","playtime":468,"items_purged":["hexamod:Strike"],"score":92,"play_id":"d635312c-2d33-4399-a817-4425512fbf75","local_time":"20210219123507","is_ascension_mode":false,"campfire_choices":[{"floor":1,"key":"RECALL"},{"floor":12,"key":"REST"}],"circlet_count":0,"master_deck":["hexamod:Strike","hexamod:Strike","hexamod:Strike","hexamod:Defend","hexamod:Defend","hexamod:Defend","hexamod:Defend","hexamod:Sear","hexamod:Float","hexamod:HeatMetal","hexamod:ChargedBarrage","hexamod:ThermalTransfer","hexamod:FlamesFromBeyond","hexamod:HeatShield","hexamod:FlamesFromBeyond","hexamod:BurningTouch","hexamod:PhantomFireball","hexamod:DynamicBlow","hexamod:InspiringFlames"],"relics":["hexamod:SpiritBrand","downfall:HeartsMalice","Omamori","White Beast Statue"],"acts_visited":["Exordium"],"potions_floor_usage":[16,16],"damage_taken":[{"damage":0,"enemies":"Jaw Worm","floor":2,"turns":1},{"damage":0,"enemies":"Cultist","floor":3,"turns":1},{"damage":0,"enemies":"2 Louse","floor":4,"turns":1},{"damage":0,"enemies":"downfall:FleeingMerchant","floor":5,"turns":4},{"damage":2,"enemies":"Blue Slaver","floor":6,"turns":4},{"damage":0,"enemies":"downfall:FleeingMerchant","floor":8,"turns":4},{"damage":5,"enemies":"2 Fungi Beasts","floor":9,"turns":5},{"damage":0,"enemies":"downfall:LooterAlt","floor":10,"turns":3},{"damage":59,"enemies":"downfall:LadyInBlue","floor":11,"turns":9},{"damage":3,"enemies":"Red Slaver","floor":13,"turns":3},{"damage":11,"enemies":"Lots of Slimes","floor":14,"turns":3},{"damage":5,"enemies":"downfall:LooterAlt","floor":15,"turns":3},{"damage":12,"enemies":"WA_ARCHETYPE_RETAIN","floor":16,"turns":6}],"seed_played":"1053466818030946117","potions_obtained":[{"floor":6,"key":"Swift Potion"},{"floor":9,"key":"FearPotion"},{"floor":10,"key":"SpeedPotion"},{"floor":11,"key":"SkillPotion"}],"is_trial":false,"path_per_floor":["R","M","M","M","$","M","T","$","M","M","?","R","M","M","M","B"],"character_chosen":"THE_SPIRIT","items_purchased":[],"campfire_rested":1,"item_purchase_floors":[],"current_hp_per_floor":[70,70,70,70,70,68,68,68,63,63,4,25,22,11,6,0,0,0],"gold":224,"neow_bonus":"THREE_ENEMY_KILL","is_daily":false,"chose_seed":false,"campfire_upgraded":0,"win_rate":0.0,"timestamp":1613734507,"path_taken":["R","M","M","M","$","M","T","$","M","M","?","R","?","M","M","BOSS"],"items_purchased_type":[],"build_version":"2020-12-22","purchased_purges":1,"victory":false,"max_hp_per_floor":[70,70,70,70,70,70,70,70,70,70,70,70,70,70,70,70,70,70],"card_choices":[{"not_picked":["hexamod:NightmareStrike","hexamod:GhostflameBarrier"],"picked":"hexamod:HeatMetal","floor":2},{"not_picked":["hexamod:InspiringFlames","hexamod:BacktrackSmack"],"picked":"hexamod:ChargedBarrage","floor":3},{"not_picked":["hexamod:NightmareGuise","hexamod:HexaLevel"],"picked":"hexamod:ThermalTransfer","floor":4},{"not_picked":["hexamod:HeatMetal","hexamod:SwordOfDarkness"],"picked":"hexamod:FlamesFromBeyond","floor":5},{"not_picked":["hexamod:GhostLash","hexamod:FirstSeal"],"picked":"hexamod:HeatShield","floor":6},{"not_picked":["hexamod:HauntingEcho","hexamod:AdvancingGuard","hexamod:RecurringNightmare"],"picked":"SKIP","floor":8},{"not_picked":["hexamod:PhantomCloak","hexamod:HauntingEcho"],"picked":"hexamod:FlamesFromBeyond","floor":9},{"not_picked":["hexamod:HeatMetal","hexamod:SpectersWail"],"picked":"hexamod:BurningTouch","floor":10},{"not_picked":["hexamod:GiftsFromTheDead","hexamod:AdvancingGuard"],"picked":"hexamod:PhantomFireball","floor":11},{"not_picked":["hexamod:FastForward","hexamod:GhostShield"],"picked":"hexamod:DynamicBlow","floor":13},{"not_picked":["hexamod:BurningTouch","hexamod:AdvancingGuard"],"picked":"hexamod:InspiringFlames","floor":14},{"not_picked":["hexamod:SwordOfDarkness","hexamod:NightmareGuise","hexamod:DynamicBlow"],"picked":"SKIP","floor":15}],"player_experience":1256281,"relics_obtained":[{"floor":7,"key":"Omamori"},{"floor":11,"key":"White Beast Statue"}],"event_choices":[],"is_beta":false,"boss_relics":[],"items_purged_floors":[5],"is_endless":false,"potions_floor_spawned":[6,9,10,11,13,14,15],"killed_by":"WA_ARCHETYPE_RETAIN","ascension_level":0}}