{"host":"clf2hd4adhiiw0zf","time":1613694103,"event":{"mods":["AchievementEnabler","BaseMod","Beaked The Cultist","Bestiary","Dark Map","Downfall","Gremlin Mod","Hermit","Jorbs\u0027s Wanderer Trilogy","Marisa????????","Minty Spire (QoL Compilation)","Quick Restart","Shop Mod","Spire Arcade","StSLib","The Construct","The Cursed","Wide Potions"],"gold_per_floor":[99,99,99,99,99,134,179,191,191,208,242,42,42,52,67,67,67,67],"floor_reached":16,"language":"ENG","playtime":454,"items_purged":[],"score":130,"play_id":"93a1f00a-13af-4f9b-9f0e-3c86d2ed2ddd","local_time":"20210218172143","is_ascension_mode":true,"campfire_choices":[{"floor":1.0,"key":"RECALL"},{"data":"hexamod:RetreatToShadows","floor":12,"key":"SMITH"}],"circlet_count":0,"master_deck":["hexamod:Strike","hexamod:Strike","hexamod:Strike","hexamod:Strike","hexamod:Defend","hexamod:Defend","hexamod:Defend","hexamod:Defend","hexamod:Sear","hexamod:Float","hexamod:HauntingEcho","hexamod:StepThrough","hexamod:StepThrough","hexamod:SwordOfDarkness","hexamod:FlameSwitch+1","hexamod:RetreatToShadows+1","hexamod:FastForward"],"relics":["hexamod:SpiritBrand","downfall:HeartsMalice","Gremlin Horn","downfall:HeartBlessingBlue","downfall:HeartBlessingRed"],"acts_visited":["Exordium"],"potions_floor_usage":[11],"damage_taken":[{"damage":0.0,"enemies":"2 Louse","floor":2.0,"turns":1.0},{"damage":0.0,"enemies":"Cultist","floor":3.0,"turns":1.0},{"damage":0.0,"enemies":"Jaw Worm","floor":5.0,"turns":1.0},{"damage":25.0,"enemies":"3 Sentries","floor":6.0,"turns":8.0},{"damage":7.0,"enemies":"Gremlin Gang","floor":8.0,"turns":3.0},{"damage":17.0,"enemies":"Exordium Thugs","floor":10.0,"turns":4.0},{"damage":11,"enemies":"Gremlin Nob","floor":11,"turns":3},{"damage":3,"enemies":"Blue Slaver","floor":14,"turns":3},{"damage":3,"enemies":"Lots of Slimes","floor":15,"turns":2},{"damage":14,"enemies":"IC_STATUS_ARCHETYPE","floor":16,"turns":2}],"seed_played":"-8923346351361461830","potions_obtained":[{"floor":8.0,"key":"hexamod:SoulburnPotion"},{"floor":13,"key":"Energy Potion"},{"floor":13,"key":"construct:ShiftPotion"},{"floor":14,"key":"Block Potion"}],"is_trial":false,"path_per_floor":["R","M","M","?","M","E","T","M","?","M","E","R","?","M","M","B"],"character_chosen":"THE_SPIRIT","items_purchased":[],"campfire_rested":0,"item_purchase_floors":[],"current_hp_per_floor":[70,70,70,70,70,45,45,38,38,21,10,20,20,17,14,0,0,0],"gold":67,"neow_bonus":"THREE_ENEMY_KILL","is_daily":false,"chose_seed":false,"campfire_upgraded":1,"win_rate":0.0,"timestamp":1613694103,"path_taken":["R","M","M","?","?","E","T","M","?","?","E","R","?","M","M","BOSS"],"items_purchased_type":[],"build_version":"2020-12-22","purchased_purges":0,"victory":false,"max_hp_per_floor":[70,70,70,70,70,70,70,70,70,70,70,80,80,80,80,80,80,80],"card_choices":[{"not_picked":["hexamod:SpectralSpark","hexamod:Again"],"picked":"hexamod:HauntingEcho","floor":2.0},{"not_picked":["hexamod:HeatShield","hexamod:NightmareGuise"],"picked":"hexamod:StepThrough","floor":3.0},{"not_picked":["hexamod:CatchUp","hexamod:Haunt","hexamod:BurningTouch"],"picked":"SKIP","floor":5.0},{"not_picked":["hexamod:GhostLash","hexamod:PowerFromBeyond"],"picked":"hexamod:SwordOfDarkness","floor":6.0},{"not_picked":["hexamod:ShieldOfDarkness","hexamod:ThirdSeal"],"picked":"hexamod:FlameSwitch","floor":8.0},{"not_picked":["hexamod:StepThrough","hexamod:CatchUp"],"picked":"hexamod:RetreatToShadows","floor":10.0},{"not_picked":["hexamod:HeatCrush","hexamod:GhostLash","hexamod:SpectralAdrenaline"],"picked":"SKIP","floor":11},{"not_picked":["hexamod:SuperheatedStrike","hexamod:StepThrough"],"picked":"hexamod:FastForward","floor":14},{"not_picked":["hexamod:ChargedBarrage","hexamod:BurningTouch","hexamod:Firestarter"],"picked":"SKIP","floor":15}],"player_experience":354176,"relics_obtained":[{"floor":6.0,"key":"Gremlin Horn"},{"floor":11,"key":"Ancient Tea Set"}],"event_choices":[{"damage_healed":0.0,"max_hp_gain":0.0,"max_hp_loss":0.0,"gold_gain":0.0,"event_name":"Accursed Blacksmith","player_choice":"Forge","floor":9.0,"gold_loss":0.0,"damage_taken":0.0,"cards_upgraded":["hexamod:FlameSwitch"]}],"is_beta":false,"boss_relics":[],"items_purged_floors":[],"is_endless":false,"potions_floor_spawned":[8,14],"killed_by":"IC_STATUS_ARCHETYPE","ascension_level":4}}