{"host":"8a72fthmlk1o8pdb","time":1613763285,"event":{"mods":["AchievementEnabler","BaseMod","Colored Map","Colored Powertips","Dark Map","Downfall","Friendly Minions","GifTheSpireLib","Googly Eyes","Minty Spire (QoL Compilation)","Monster B Gone","Permanent Neow","Random Character Button","Rare Cards Sparkle","Relic Filter Mod","Relic Stats","Smile Girya","Spire Birthday Party","StSLib","everything is the same but u backflip on backflip"],"gold_per_floor":[99,114,124,140,155,62,130,130,147,196,371,391,391,420,431,536,536,536,548,558,558,558,558],"floor_reached":21,"language":"ENG","playtime":1743,"items_purged":[],"score":218,"play_id":"b808ee6f-704c-416e-bb96-0690cef1ae19","local_time":"20210219113445","is_ascension_mode":false,"campfire_choices":[{"floor":18,"key":"RECALL"}],"circlet_count":0,"master_deck":["sneckomod:Strike","sneckomod:Strike","sneckomod:Strike","sneckomod:Defend","sneckomod:Defend","sneckomod:Defend","sneckomod:TailWhip","sneckomod:SnekBite","bronze:Turbo","sneckomod:SoulRoll","sneckomod:Nope","sneckomod:Nope","sneckomod:Nope","sneckomod:UnknownUncommonPower","Collect","sneckomod:UnknownExhaust","sneckomod:SerpentIdol","Doubt","sneckomod:UnknownUncommonPower","Wallop","sneckomod:UnknownUncommonSkill","sneckomod:Unknown3Cost","sneckomod:Nope","sneckomod:UnknownBoss","sneckomod:SerpentIdol","sneckomod:UnknownDraw"],"relics":["sneckomod:SneckoSoul","Vajra","Bottled Lightning","Happy Flower","Lantern","Fusion Hammer"],"acts_visited":["Exordium","TheCity"],"potions_floor_usage":[10,12,14,16,16,16,16],"damage_taken":[{"damage":5,"enemies":"2 Louse","floor":2,"turns":2},{"damage":5,"enemies":"Small Slimes","floor":3,"turns":3},{"damage":1,"enemies":"Cultist","floor":4,"turns":4},{"damage":6,"enemies":"Lots of Slimes","floor":5,"turns":2},{"damage":0,"enemies":"downfall:FleeingMerchant","floor":6,"turns":4},{"damage":5,"enemies":"downfall:LooterAlt","floor":9,"turns":2},{"damage":5,"enemies":"3 Sentries","floor":10,"turns":5},{"damage":22,"enemies":"Large Slime","floor":12,"turns":7},{"damage":8,"enemies":"Gremlin Nob","floor":14,"turns":4},{"damage":7,"enemies":"Exordium Thugs","floor":15,"turns":5},{"damage":9,"enemies":"WA_ARCHETYPE_RETAIN","floor":16,"turns":5},{"damage":47,"enemies":"Shell Parasite","floor":19,"turns":7},{"damage":29,"enemies":"3 Byrds","floor":20,"turns":5},{"damage":26,"enemies":"Cultist and Chosen","floor":21,"turns":6}],"seed_played":"-4142689830655357999","potions_obtained":[{"floor":4,"key":"Ancient Potion"},{"floor":5,"key":"Block Potion"},{"floor":10,"key":"sneckomod:MuddlingPotion"},{"floor":10,"key":"LiquidMemories"},{"floor":14,"key":"DuplicationPotion"},{"floor":15,"key":"PowerPotion"},{"floor":16,"key":"Fruit Juice"},{"floor":20,"key":"SpeedPotion"}],"is_trial":false,"path_per_floor":["R","M","M","M","M","$","T","R","M","E","?","M","R","E","M","B",null,"R","M","M","M"],"character_chosen":"THE_SNECKO","items_purchased":["sneckomod:UnknownUncommonPower"],"campfire_rested":0,"item_purchase_floors":[6],"current_hp_per_floor":[90,85,80,79,73,73,73,73,68,63,63,41,41,33,26,22,95,95,55,26,0,0,0],"gold":558,"neow_bonus":"RANDOM_COMMON_RELIC","is_daily":false,"chose_seed":false,"campfire_upgraded":0,"win_rate":0.0,"timestamp":1613763285,"path_taken":["R","M","M","M","M","$","T","R","M","E","?","M","R","E","M","BOSS","R","M","M","M"],"items_purchased_type":["Card"],"build_version":"2020-12-22","purchased_purges":0,"victory":false,"max_hp_per_floor":[90,90,90,90,90,90,90,90,90,90,90,90,90,90,90,95,95,95,95,95,95,95,95],"relic_stats":{"Happy Flower":[13],"counters":[14,61],"obtain_stats":[{"Lantern":14,"Happy Flower":10,"Vajra":0,"Fusion Hammer":17,"Bottled Lightning":7,"sneckomod:SneckoSoul":0},{"Lantern":9,"Happy Flower":7,"Vajra":0,"Fusion Hammer":11,"Bottled Lightning":5,"sneckomod:SneckoSoul":0},{"Lantern":33,"Happy Flower":22,"Vajra":0,"Fusion Hammer":43,"Bottled Lightning":15,"sneckomod:SneckoSoul":0}]},"card_choices":[{"not_picked":["sneckomod:UnknownDraw","sneckomod:UnknownCommonSkill"],"picked":"sneckomod:SoulRoll","floor":2},{"not_picked":["sneckomod:UnknownCommonSkill","sneckomod:Unknown1Cost"],"picked":"sneckomod:Unknown2Cost","floor":3},{"not_picked":["sneckomod:SoulRoll","sneckomod:QuickMove"],"picked":"sneckomod:Nope","floor":4},{"not_picked":["sneckomod:UnknownWeak","sneckomod:IronFang"],"picked":"sneckomod:Nope","floor":5},{"not_picked":["sneckomod:ImprovisedAttack","sneckomod:TrashToTreasure"],"picked":"sneckomod:Nope","floor":6},{"not_picked":["sneckomod:TrashToTreasure","sneckomod:Unknown0Cost"],"picked":"sneckomod:UnknownExhaust","floor":9},{"not_picked":["sneckomod:DiceBoulder","sneckomod:UnknownCommonSkill"],"picked":"sneckomod:SerpentIdol","floor":10},{"not_picked":["sneckomod:UnknownX","sneckomod:DiceBoulder"],"picked":"sneckomod:UnknownUncommonPower","floor":12},{"not_picked":["sneckomod:DiceBlock","sneckomod:Unknown1Cost"],"picked":"sneckomod:UnknownUncommonSkill","floor":14},{"not_picked":["sneckomod:RainOfDice","sneckomod:SoulRoll"],"picked":"sneckomod:Unknown3Cost","floor":14},{"not_picked":["sneckomod:ImprovisedAttack","sneckomod:SnakeSap"],"picked":"sneckomod:Nope","floor":15},{"not_picked":["sneckomod:MorePower","sneckomod:UnknownRarePower"],"picked":"sneckomod:UnknownBoss","floor":16},{"not_picked":["sneckomod:DefensiveFlair","sneckomod:RainOfDice"],"picked":"sneckomod:SerpentIdol","floor":19},{"not_picked":["sneckomod:TrashToTreasure","sneckomod:UnknownClassTHE_BRONZE_AUTOMATON"],"picked":"sneckomod:UnknownDraw","floor":20}],"player_experience":76946,"relics_obtained":[{"floor":7,"key":"Bottled Lightning"},{"floor":10,"key":"Happy Flower"},{"floor":14,"key":"Lantern"}],"event_choices":[],"is_beta":false,"boss_relics":[{"not_picked":["Calling Bell","Cursed Key"],"picked":"Fusion Hammer"}],"items_purged_floors":[],"is_endless":false,"potions_floor_spawned":[4,5,10,14,15,16,20],"killed_by":"Cultist and Chosen","ascension_level":0}}