{"host":"sim2kxx81cjsn49b","time":1613765859,"event":{"mods":["ATMod(°¢èªMod)","BaseMod","Energized Spire","Minty Spire (QoL Compilation)","Spicy Shops","StSLib","TestMod","¡¾ÒÅÎï¿¨ÅÆ¡¿REMEMod"],"gold_per_floor":[109,109,132,132,148,183,201,235,235,235,270,270,270,284,284,284,284],"floor_reached":16,"language":"ZHS","playtime":345,"items_purged":[],"score":440,"play_id":"7a57265a-faa6-44f5-a18f-8006e0d8f4bd","local_time":"20210220041739","is_ascension_mode":true,"campfire_choices":[{"data":"Scrawl","floor":10,"key":"SMITH"},{"data":"Eruption","floor":13,"key":"SMITH"},{"floor":15,"key":"REST"}],"circlet_count":0,"master_deck":["AscendersBane","Strike_P","Strike_P","Strike_P","Strike_P","Defend_P","Defend_P","Defend_P","Eruption+1","Vigilance","Pride","testmod-Lust","testmod-Wrath","testmod-Sloth","testmod-Envy","testmod-Greed","testmod-Gluttony","testmod-Gluttony","Dramatic Entrance","Scrawl+1","ReachHeaven","FearNoEvil"],"relics":["PureWater","REME_ComplimentaryCards","testmod-TestBox","AT_ATBox","testmod-SevenDeadlySins","Du-Vu Doll","Darkstone Periapt","Blue Candle","NeowsBlessing","REME_PuzzleBoxRelic","Matryoshka","Happy Flower","testmod-Antiphasic","Sundial","testmod-HeartOfDaVinci"],"acts_visited":["Exordium"],"potions_floor_usage":[11,16],"damage_taken":[{"damage":0,"enemies":"Small Slimes","floor":1,"turns":1},{"damage":0,"enemies":"Jaw Worm","floor":5,"turns":1},{"damage":1,"enemies":"3 Sentries","floor":6,"turns":1},{"damage":3,"enemies":"Cultist","floor":7,"turns":2},{"damage":66,"enemies":"Lagavulin","floor":8,"turns":5},{"damage":22,"enemies":"Gremlin Nob","floor":11,"turns":3},{"damage":1,"enemies":"Red Slaver","floor":12,"turns":2},{"damage":6,"enemies":"Exordium Wildlife","floor":14,"turns":2},{"damage":51,"enemies":"Hexaghost","floor":16,"turns":2}],"seed_played":"-8368197417280232621","potions_obtained":[{"floor":1,"key":"Weak Potion"},{"floor":11,"key":"BottledMiracle"},{"floor":14,"key":"PowerPotion"}],"is_trial":false,"path_per_floor":["M","?","T","?","M","E","M","E","T","R","E","M","R","M","R","B"],"character_chosen":"WATCHER","items_purchased":[],"campfire_rested":1,"item_purchase_floors":[],"current_hp_per_floor":[109,102,102,102,102,101,98,32,32,32,10,9,9,3,37,0,0],"gold":284,"neow_bonus":"THREE_ENEMY_KILL","is_daily":false,"chose_seed":false,"campfire_upgraded":2,"win_rate":0.0,"timestamp":1613765859,"path_taken":["M","?","?","?","M","E","M","E","T","R","E","M","?","M","R","BOSS"],"items_purchased_type":[],"build_version":"2020-12-22","purchased_purges":0,"victory":false,"max_hp_per_floor":[116,116,116,116,116,116,116,116,116,116,116,116,116,116,116,116,116],"card_choices":[{"not_picked":["AT_ChampionStep","PathToVictory","ReachHeaven"],"picked":"SKIP","floor":1},{"not_picked":["Evaluate","Vengeance","TalkToTheHand"],"picked":"SKIP","floor":5},{"not_picked":["CutThroughFate","FlyingSleeves","ThirdEye"],"picked":"SKIP","floor":6},{"not_picked":["CutThroughFate","Consecrate","Collect"],"picked":"SKIP","floor":7},{"not_picked":["Wish","Study"],"picked":"Scrawl","floor":8},{"not_picked":["Evaluate","Study"],"picked":"ReachHeaven","floor":11},{"not_picked":["InnerPeace","Crescendo"],"picked":"FearNoEvil","floor":14}],"player_experience":612998,"relics_obtained":[{"floor":3,"key":"REME_PuzzleBoxRelic"},{"floor":6,"key":"Matryoshka"},{"floor":8,"key":"Happy Flower"},{"floor":9,"key":"testmod-Antiphasic"},{"floor":9,"key":"Sundial"},{"floor":11,"key":"testmod-HeartOfDaVinci"}],"event_choices":[{"cards_removed":["Defend_P"],"damage_healed":0,"gold_gain":0,"player_choice":"Card Removal","damage_taken":7,"max_hp_gain":0,"max_hp_loss":0,"event_name":"Golden Wing","floor":2,"gold_loss":0},{"damage_healed":0,"gold_gain":0,"player_choice":"Upgraded","damage_taken":0,"max_hp_gain":0,"max_hp_loss":0,"event_name":"Upgrade Shrine","floor":4,"gold_loss":0,"cards_upgraded":["AT_Homeward"]}],"is_beta":false,"boss_relics":[],"items_purged_floors":[],"is_endless":false,"potions_floor_spawned":[1,11,14],"killed_by":"Hexaghost","ascension_level":20}}