{"host":"kp5m5tbwfn2imaek","time":1613705226,"event":{"mods":["AchievementEnabler","BaseMod","Bestiary","Minty Spire (QoL Compilation)","Relic Stats"],"gold_per_floor":[111,121,132,132,57,57,74,74,98,113,113,139,39,74,74,74,74],"floor_reached":16,"language":"ENG","playtime":561,"items_purged":["Strike_R","Strike_R"],"score":220,"play_id":"737aa089-0fae-4c11-93bb-681e62741ab7","local_time":"20210218222706","is_ascension_mode":true,"campfire_choices":[{"data":"Searing Blow","floor":6.0,"key":"SMITH"},{"data":"Searing Blow+1","floor":8,"key":"SMITH"},{"data":"Searing Blow+2","floor":11,"key":"SMITH"},{"data":"Searing Blow+3","floor":15,"key":"SMITH"}],"circlet_count":0,"master_deck":["AscendersBane","Strike_R","Strike_R","Strike_R","Defend_R","Defend_R","Defend_R","Defend_R","Bash","Searing Blow+4","True Grit","Power Through"],"relics":["Burning Blood","Bag of Preparation","Anchor","Juzu Bracelet"],"acts_visited":["Exordium"],"potions_floor_usage":[7,7,16],"damage_taken":[{"damage":16.0,"enemies":"Jaw Worm","floor":1.0,"turns":4.0},{"damage":1.0,"enemies":"2 Louse","floor":2.0,"turns":4.0},{"damage":1.0,"enemies":"Small Slimes","floor":3.0,"turns":4.0},{"damage":29,"enemies":"Gremlin Gang","floor":7,"turns":7},{"damage":4,"enemies":"2 Fungi Beasts","floor":10,"turns":3},{"damage":18,"enemies":"3 Sentries","floor":12,"turns":13},{"damage":29,"enemies":"Gremlin Nob","floor":14,"turns":4},{"damage":24,"enemies":"Slime Boss","floor":16,"turns":6}],"seed_played":"5704997008751570136","potions_obtained":[{"floor":1.0,"key":"CultistPotion"},{"floor":3.0,"key":"ElixirPotion"},{"floor":12,"key":"SpeedPotion"}],"is_trial":false,"path_per_floor":["M","M","M","?","$","R","M","R","T","M","R","E","$","E","R","B"],"character_chosen":"IRONCLAD","items_purchased":[],"campfire_rested":0,"item_purchase_floors":[],"current_hp_per_floor":[65,70,75,80,80,80,57,57,57,59,59,47,47,24,24,0,0],"gold":74,"neow_bonus":"TEN_PERCENT_HP_BONUS","is_daily":false,"chose_seed":false,"campfire_upgraded":4,"win_rate":0.0,"timestamp":1613705226,"path_taken":["M","M","M","?","$","R","M","R","T","M","R","E","$","E","R","BOSS"],"items_purchased_type":[],"build_version":"2020-12-22","purchased_purges":2,"victory":false,"max_hp_per_floor":[82,82,82,87,87,87,87,87,87,87,87,87,87,87,87,87,87],"relic_stats":{"counters":[8,45],"Bag of Preparation":[8],"Juzu Bracelet":0,"obtain_stats":[{"Anchor":12,"Bag of Preparation":9,"Juzu Bracelet":14,"Burning Blood":0},{"Anchor":6,"Bag of Preparation":4,"Juzu Bracelet":7,"Burning Blood":0},{"Anchor":35,"Bag of Preparation":19,"Juzu Bracelet":39,"Burning Blood":0}],"Burning Blood":42},"card_choices":[{"not_picked":["Rampage","Seeing Red"],"picked":"Searing Blow","floor":1.0},{"not_picked":["Havoc","Searing Blow"],"picked":"True Grit","floor":2.0},{"not_picked":["Heavy Blade","Twin Strike"],"picked":"Power Through","floor":3.0},{"not_picked":["Havoc","Anger","Clothesline"],"picked":"SKIP","floor":7},{"not_picked":["Searing Blow","Clash","Havoc"],"picked":"SKIP","floor":10},{"not_picked":["Warcry","Dropkick","Blood for Blood"],"picked":"SKIP","floor":12},{"not_picked":["Anger","Havoc","Bludgeon"],"picked":"SKIP","floor":14}],"player_experience":748186,"relics_obtained":[{"floor":9,"key":"Bag of Preparation"},{"floor":12,"key":"Anchor"},{"floor":14,"key":"Juzu Bracelet"}],"event_choices":[{"damage_healed":0.0,"max_hp_gain":5.0,"max_hp_loss":0.0,"gold_gain":0.0,"event_name":"Big Fish","player_choice":"Donut","floor":4.0,"gold_loss":0.0,"damage_taken":0.0}],"is_beta":false,"boss_relics":[],"items_purged_floors":[5,13],"is_endless":false,"potions_floor_spawned":[1,3,12],"killed_by":"Slime Boss","ascension_level":20}}