{"host":"ie50qk0ts9eskyyo","time":1613723839,"event":{"mods":["BaseMod","Colored Map","Downfall","Highlight Path","Hubris","Infinite Spire","Minty Spire (QoL Compilation)","Replay The Spire","StSLib","The Jungle"],"gold_per_floor":[114,114,39,52,52,52,68,84,137,137,37,47,66,83,83,83,83],"floor_reached":16,"language":"ENG","playtime":719,"items_purged":["Strike_B","Strike_B"],"score":99,"play_id":"a2da70dc-281f-4b00-91c6-089497ac0929","local_time":"20210219033719","is_ascension_mode":true,"campfire_choices":[{"data":"ReplayGash","floor":6,"key":"SMITH"}],"circlet_count":0,"master_deck":["Strike_B","Defend_B","Defend_B","Defend_B","Defend_B","Zap","Dualcast","BasicCrystalCard","ReplayGash+1","BasicCrystalCard+1","Hologram","Genetic Algorithm"],"relics":["Cracked Core","ReplayFunnel"],"acts_visited":["Exordium"],"potions_floor_usage":[16,16],"damage_taken":[{"damage":0,"enemies":"2 Louse","floor":1,"turns":2},{"damage":0,"enemies":"Cultist","floor":4,"turns":4},{"damage":0,"enemies":"Small Slimes","floor":7,"turns":3},{"damage":7,"enemies":"2 Fungi Beasts","floor":8,"turns":3},{"damage":7,"enemies":"Looter","floor":12,"turns":4},{"damage":10,"enemies":"3 Louse","floor":13,"turns":3},{"damage":11,"enemies":"2 Fungi Beasts","floor":14,"turns":5},{"damage":65,"enemies":"The Guardian","floor":16,"turns":11}],"seed_played":"-7988381586635685122","potions_obtained":[{"floor":8,"key":"Flashbang"},{"floor":12,"key":"Swift Potion"}],"is_trial":false,"path_per_floor":["M","?","$","M","$","R","M","M","T","?","$","M","M","M","R_BF","B"],"character_chosen":"DEFECT","items_purchased":[],"campfire_rested":0,"item_purchase_floors":[],"current_hp_per_floor":[75,75,75,75,75,75,75,68,68,68,68,61,51,40,62,0,0],"gold":83,"neow_bonus":"RANDOM_EVENT","is_daily":false,"chose_seed":false,"campfire_upgraded":1,"win_rate":0.0,"timestamp":1613723839,"path_taken":["M","?","$","?","$","R","M","M","T","?","$","M","M","?","R_BF","BOSS"],"items_purchased_type":[],"build_version":"2020-12-22","purchased_purges":2,"victory":false,"max_hp_per_floor":[75,75,75,75,75,75,75,75,75,75,75,75,75,75,75,75,75],"card_choices":[{"not_picked":["Double Energy","Ball Lightning"],"picked":"ReplayGash","floor":1},{"not_picked":["Scrape","Storm"],"picked":"BasicCrystalCard","floor":4},{"not_picked":["White Noise","Ball Lightning"],"picked":"Hologram","floor":7},{"not_picked":["Lockon","Ball Lightning","Coolheaded"],"picked":"SKIP","floor":8},{"not_picked":["Chaos","Leap","Biased Cognition"],"picked":"SKIP","floor":12},{"not_picked":["Barrage","Go for the Eyes","Streamline"],"picked":"SKIP","floor":13},{"not_picked":["Conserve Battery","Steam Power"],"picked":"Genetic Algorithm","floor":14}],"player_experience":36426,"relics_obtained":[{"floor":9,"key":"ReplayFunnel"}],"event_choices":[{"cards_removed":["Strike_B"],"damage_healed":0,"gold_gain":0,"player_choice":"Offered Basic","damage_taken":0,"max_hp_gain":0,"max_hp_loss":0,"event_name":"Bonfire Elementals","floor":2,"gold_loss":0},{"damage_healed":0,"gold_gain":0,"player_choice":"0 cards matched","damage_taken":0,"max_hp_gain":0,"max_hp_loss":0,"event_name":"Match and Keep!","floor":10,"gold_loss":0,"cards_obtained":[]}],"is_beta":false,"boss_relics":[],"items_purged_floors":[3,11],"is_endless":false,"potions_floor_spawned":[7,8,12],"killed_by":"The Guardian","ascension_level":1}}