{"host":"ut3q8wc68upnfjmc","time":1613710347,"event":{"mods":["BaseMod","Colored Map","Colored Powertips","Downfall","Minty Spire (QoL Compilation)","StSLib","Unceasing Turn Reminder"],"gold_per_floor":[112,287,305,305,50,83,103,103,103,103,123,157,176,190,190,286,286,303,6,24,42,52,52,84,84,109,125,125,140,21,35,35,131,131,150,150,167,167,22,22,42,42,68,68,80,114,14,14,14,14],"floor_reached":51,"language":"ENG","playtime":2445,"items_purged":["Doubt","Strike_G"],"score":882,"play_id":"de28464d-af9a-4052-a3e6-7c21c3593c4e","local_time":"20210218225227","is_ascension_mode":true,"campfire_choices":[{"data":"Bouncing Flask","floor":8,"key":"SMITH"},{"data":"Envenom","floor":15,"key":"SMITH"},{"data":"Bouncing Flask","floor":23,"key":"SMITH"},{"floor":32,"key":"REST"},{"data":"Corpse Explosion","floor":40,"key":"SMITH"},{"floor":42,"key":"REST"},{"data":"Eviscerate","floor":44,"key":"SMITH"},{"data":"Eviscerate","floor":49,"key":"SMITH"}],"circlet_count":0,"master_deck":["Strike_G","Defend_G","Defend_G","Defend_G","Defend_G","Survivor","Neutralize","Backstab","Bouncing Flask+1","Bouncing Flask+1","Poisoned Stab","Blade Dance","PiercingWail","Well Laid Plans","Envenom+1","Bouncing Flask+1","Escape Plan","Adrenaline","Deadly Poison+1","Corpse Explosion","Outmaneuver+1","Backstab+1","Eviscerate+1","Crippling Poison","Eviscerate+1","Corpse Explosion+1","Blur+1","Adrenaline+1","Deflect+1","Predator+1","Bouncing Flask+1","Accuracy+1"],"relics":["Ring of the Snake","NeowsBlessing","Bronze Scales","Mango","Mercury Hourglass","Ancient Tea Set","Snecko Eye","ClockworkSouvenir","Incense Burner","Happy Flower","Du-Vu Doll","Astrolabe","Regal Pillow","Pen Nib","Bag of Preparation"],"acts_visited":["Exordium","TheCity","TheBeyond"],"potions_floor_usage":[7,11,16,22,24,27,27,27,27,27,31,41,50],"damage_taken":[{"damage":0,"enemies":"Jaw Worm","floor":1,"turns":1},{"damage":0,"enemies":"Cultist","floor":3,"turns":1},{"damage":0,"enemies":"Gremlin Nob","floor":6,"turns":1},{"damage":0,"enemies":"2 Louse","floor":7,"turns":1},{"damage":5,"enemies":"Gremlin Gang","floor":11,"turns":2},{"damage":27,"enemies":"Lagavulin","floor":12,"turns":4},{"damage":0,"enemies":"2 Fungi Beasts","floor":13,"turns":3},{"damage":5,"enemies":"Red Slaver","floor":14,"turns":2},{"damage":32,"enemies":"Slime Boss","floor":16,"turns":9},{"damage":1,"enemies":"Spheric Guardian","floor":18,"turns":3},{"damage":21,"enemies":"Shell Parasite","floor":20,"turns":3},{"damage":17,"enemies":"Cultist and Chosen","floor":21,"turns":4},{"damage":24,"enemies":"Snake Plant","floor":22,"turns":3},{"damage":0,"enemies":"Book of Stabbing","floor":24,"turns":5},{"damage":0,"enemies":"Snecko","floor":27,"turns":3},{"damage":16,"enemies":"3 Cultists","floor":29,"turns":3},{"damage":0,"enemies":"Snake Plant","floor":31,"turns":2},{"damage":27,"enemies":"Collector","floor":33,"turns":6},{"damage":19,"enemies":"Orb Walker","floor":35,"turns":2},{"damage":19,"enemies":"3 Darklings","floor":37,"turns":2},{"damage":16,"enemies":"Spire Growth","floor":41,"turns":3},{"damage":16,"enemies":"Sphere and 2 Shapes","floor":45,"turns":2},{"damage":46,"enemies":"Giant Head","floor":46,"turns":6},{"damage":53,"enemies":"Awakened One","floor":50,"turns":9}],"seed_played":"-4800406665715045603","potions_obtained":[{"floor":1,"key":"sneckomod:MuddlingPotion"},{"floor":7,"key":"sneckomod:MuddlingPotion"},{"floor":13,"key":"Strength Potion"},{"floor":21,"key":"Strength Potion"},{"floor":22,"key":"SkillPotion"},{"floor":24,"key":"EntropicBrew"},{"floor":25,"key":"Strength Potion"},{"floor":25,"key":"Regen Potion"},{"floor":29,"key":"SpeedPotion"},{"floor":37,"key":"hexamod:SoulburnPotion"},{"floor":46,"key":"Fire Potion"}],"is_trial":false,"path_per_floor":["M","?","M","?","$","E","M","R","T","?","M","E","M","M","R","B",null,"M","$","M","M","M","R","E","?","T","M","?","M","$","M","R","B",null,"M","?","M","?","$","R","M","R","T","R","M","E","$","?","R","B",null],"character_chosen":"THE_SILENT","items_purchased":["Bouncing Flask","Bronze Scales","ClockworkSouvenir","Corpse Explosion","Eviscerate","Crippling Poison","Regal Pillow"],"campfire_rested":2,"item_purchase_floors":[5,5,19,19,30,30,39],"current_hp_per_floor":[70,70,70,70,70,84,84,84,84,84,79,52,52,47,47,15,84,83,83,62,45,21,21,21,21,21,33,33,17,17,17,42,15,84,65,65,46,46,46,46,30,70,70,70,54,8,8,73,73,20],"gold":14,"neow_bonus":"THREE_ENEMY_KILL","is_daily":false,"chose_seed":false,"campfire_upgraded":6,"win_rate":0.0,"timestamp":1613710347,"path_taken":["M","?","M","?","$","E","?","R","T","?","M","E","M","?","R","BOSS","M","$","M","M","M","R","E","?","T","?","?","?","$","M","R","BOSS","M","?","M","?","$","R","M","R","T","R","?","E","?","?","R","BOSS"],"items_purchased_type":["Card","Relic","Relic","Card","Card","Card","Relic"],"build_version":"2020-12-22","purchased_purges":2,"victory":true,"max_hp_per_floor":[70,70,70,70,70,84,84,84,84,84,84,84,84,84,84,84,84,84,84,84,84,84,84,84,84,84,84,84,84,84,84,84,84,84,84,84,84,84,84,84,84,84,84,84,84,84,84,73,73,73],"card_choices":[{"not_picked":["Blade Dance","Leg Sweep"],"picked":"Backstab","floor":1},{"not_picked":["Heel Hook","Acrobatics"],"picked":"Bouncing Flask","floor":3},{"not_picked":["Slice","Predator"],"picked":"Poisoned Stab","floor":6},{"not_picked":["All Out Attack","Tactician"],"picked":"Blade Dance","floor":7},{"not_picked":["Deadly Poison","Dash"],"picked":"Well Laid Plans","floor":11},{"not_picked":["Endless Agony","Outmaneuver"],"picked":"Envenom","floor":12},{"not_picked":["Prepared","All Out Attack"],"picked":"Bouncing Flask","floor":13},{"not_picked":["Bouncing Flask","Outmaneuver"],"picked":"Escape Plan","floor":14},{"not_picked":["Burst","Doppelganger"],"picked":"Adrenaline","floor":16},{"not_picked":["Quick Slash","Blade Dance"],"picked":"Deadly Poison+1","floor":18},{"not_picked":["Distraction","Well Laid Plans","Flying Knee"],"picked":"SKIP","floor":20},{"not_picked":["Slice","Backflip","Blade Dance"],"picked":"SKIP","floor":21},{"not_picked":["Flying Knee","Distraction"],"picked":"Outmaneuver+1","floor":22},{"not_picked":["Dagger Throw","A Thousand Cuts"],"picked":"Backstab+1","floor":24},{"not_picked":["Finisher","Poisoned Stab+1","Quick Slash+1"],"picked":"SKIP","floor":27},{"not_picked":["Finisher","Poisoned Stab+1","Quick Slash+1"],"picked":"SKIP","floor":27},{"not_picked":["Acrobatics+1","Dagger Throw"],"picked":"Underhanded Strike","floor":29},{"not_picked":["Dagger Spray+1","Quick Slash+1"],"picked":"Eviscerate","floor":31},{"not_picked":["Malaise","After Image"],"picked":"Corpse Explosion","floor":33},{"not_picked":["Deflect+1","Backstab","Flechettes"],"picked":"SKIP","floor":35},{"not_picked":["Backflip+1","Prepared+1"],"picked":"Predator+1","floor":37},{"not_picked":["PiercingWail","Dagger Throw+1","Backflip"],"picked":"SKIP","floor":41},{"not_picked":["Acrobatics+1","Outmaneuver"],"picked":"Accuracy+1","floor":45},{"not_picked":["Poisoned Stab","Dagger Spray","Backstab"],"picked":"SKIP","floor":46}],"player_experience":49941,"relics_obtained":[{"floor":6,"key":"Mango"},{"floor":9,"key":"Mercury Hourglass"},{"floor":12,"key":"Ancient Tea Set"},{"floor":24,"key":"Incense Burner"},{"floor":26,"key":"Happy Flower"},{"floor":43,"key":"Pen Nib"},{"floor":46,"key":"Bag of Preparation"}],"event_choices":[{"damage_healed":0,"gold_gain":175,"player_choice":"AGREE","damage_taken":0,"max_hp_gain":0,"max_hp_loss":0,"event_name":"Liars Game","floor":2,"gold_loss":0,"cards_obtained":["Doubt"]},{"damage_healed":0,"gold_gain":0,"player_choice":"Forge","damage_taken":0,"max_hp_gain":0,"max_hp_loss":0,"event_name":"Accursed Blacksmith","floor":4,"gold_loss":0,"cards_upgraded":["Bouncing Flask"]},{"damage_healed":0,"gold_gain":0,"cards_transformed":["Strike_G"],"player_choice":"Transformed","damage_taken":0,"max_hp_gain":0,"max_hp_loss":0,"event_name":"Transmorgrifier","floor":10,"gold_loss":0,"cards_obtained":["PiercingWail"]},{"damage_healed":0,"gold_gain":0,"player_choice":"Got Potions","damage_taken":0,"max_hp_gain":0,"max_hp_loss":0,"event_name":"Lab","floor":25,"gold_loss":0},{"damage_healed":0,"gold_gain":0,"player_choice":"Gave Potion","damage_taken":0,"relics_obtained":["Du-Vu Doll"],"max_hp_gain":0,"max_hp_loss":0,"event_name":"WeMeetAgain","floor":28,"gold_loss":0},{"cards_removed":["Underhanded Strike"],"damage_healed":0,"gold_gain":0,"player_choice":"Removed Attack","damage_taken":0,"max_hp_gain":0,"max_hp_loss":0,"event_name":"Falling","floor":36,"gold_loss":0},{"damage_healed":0,"gold_gain":0,"player_choice":"Copied","damage_taken":0,"max_hp_gain":0,"max_hp_loss":0,"event_name":"Duplicator","floor":38,"gold_loss":0,"cards_obtained":["Bouncing Flask"]},{"damage_healed":73,"gold_gain":0,"player_choice":"Heal","damage_taken":0,"max_hp_gain":0,"max_hp_loss":11,"event_name":"The Moai Head","floor":48,"gold_loss":0}],"is_beta":false,"boss_relics":[{"not_picked":["Sozu","Coffee Dripper"],"picked":"Snecko Eye"},{"not_picked":["Fusion Hammer","Empty Cage"],"picked":"Astrolabe"}],"items_purged_floors":[5,47],"is_endless":false,"potions_floor_spawned":[1,7,13,21,22,24,29,37,46],"ascension_level":2}}