{"host":"ydg0vn0pu4pubmdt","time":1613747722,"event":{"mods":["AchievementEnabler","BaseMod","Colored Map","Minty Spire (QoL Compilation)","Quick Restart","SuperFastMode"],"gold_per_floor":[116,266,266,316,331,358,358,283,309,325,343,361,361,388,388,388,388],"floor_reached":16,"language":"KOR","playtime":183,"items_purged":["Doubt"],"score":270,"play_id":"c730ed1d-56a9-4564-955d-98af5772fcef","local_time":"20210220001522","is_ascension_mode":true,"campfire_choices":[{"data":"Deadly Poison","floor":7,"key":"SMITH"},{"floor":13,"key":"REST"},{"data":"Neutralize","floor":15,"key":"SMITH"}],"circlet_count":0,"master_deck":["AscendersBane","Strike_G","Strike_G","Strike_G","Strike_G","Strike_G","Defend_G","Defend_G","Defend_G","Defend_G","Defend_G","Survivor","Neutralize+1","Masterful Stab","Deadly Poison+1","All Out Attack","Catalyst","Dagger Spray"],"relics":["Ring of the Snake","NeowsBlessing","Vajra","Snake Skull","White Beast Statue"],"acts_visited":["Exordium"],"potions_floor_usage":[14],"damage_taken":[{"damage":0.0,"enemies":"2 Louse","floor":1.0,"turns":1.0},{"damage":0,"enemies":"Jaw Worm","floor":5,"turns":1},{"damage":0,"enemies":"3 Sentries","floor":6,"turns":1},{"damage":1,"enemies":"Small Slimes","floor":10,"turns":2},{"damage":15,"enemies":"Gremlin Gang","floor":11,"turns":4},{"damage":20,"enemies":"3 Louse","floor":12,"turns":3},{"damage":8,"enemies":"Gremlin Nob","floor":14,"turns":3},{"damage":37,"enemies":"The Guardian","floor":16,"turns":6}],"seed_played":"-7548160174514935517","potions_obtained":[{"floor":1.0,"key":"FearPotion"},{"floor":11,"key":"SpeedPotion"},{"floor":14,"key":"BlessingOfTheForge"}],"is_trial":false,"path_per_floor":["M","?","?","?","M","E","R","$","T","M","M","M","R","E","R","B"],"character_chosen":"THE_SILENT","items_purchased":[],"campfire_rested":1,"item_purchase_floors":[],"current_hp_per_floor":[59,59,64,57,57,57,57,57,57,56,41,21,42,34,34,0,0],"gold":388,"neow_bonus":"THREE_ENEMY_KILL","is_daily":false,"chose_seed":false,"campfire_upgraded":2,"win_rate":0.0,"timestamp":1613747722,"path_taken":["M","?","?","?","?","E","R","$","T","?","M","M","R","E","R","BOSS"],"items_purchased_type":[],"build_version":"2020-12-22","purchased_purges":1,"victory":false,"max_hp_per_floor":[66,66,71,71,71,71,71,71,71,71,71,71,71,71,71,71,71],"card_choices":[{"not_picked":["Flying Knee","PiercingWail"],"picked":"Masterful Stab","floor":1.0},{"not_picked":["Acrobatics","Outmaneuver"],"picked":"Deadly Poison","floor":5},{"not_picked":["PiercingWail","Tactician"],"picked":"All Out Attack","floor":6},{"not_picked":["Endless Agony","Deflect"],"picked":"Catalyst","floor":10},{"not_picked":["PiercingWail","Quick Slash","Bane"],"picked":"SKIP","floor":11},{"not_picked":["All Out Attack","Underhanded Strike","Flying Knee"],"picked":"SKIP","floor":12},{"not_picked":["All Out Attack","Expertise"],"picked":"Dagger Spray","floor":14}],"player_experience":614389,"relics_obtained":[{"floor":6,"key":"Vajra"},{"floor":9,"key":"Snake Skull"},{"floor":14,"key":"White Beast Statue"}],"event_choices":[{"damage_healed":0.0,"max_hp_gain":0.0,"max_hp_loss":0.0,"gold_gain":150.0,"event_name":"Liars Game","player_choice":"AGREE","floor":2.0,"gold_loss":0.0,"damage_taken":0.0,"cards_obtained":["Doubt"]},{"damage_healed":0.0,"max_hp_gain":5.0,"max_hp_loss":0.0,"gold_gain":0.0,"event_name":"Big Fish","player_choice":"Donut","floor":3.0,"gold_loss":0.0,"damage_taken":0.0},{"damage_healed":0,"gold_gain":50,"player_choice":"Touch","damage_taken":7,"max_hp_gain":0,"max_hp_loss":0,"event_name":"FaceTrader","floor":4,"gold_loss":0}],"is_beta":false,"boss_relics":[],"items_purged_floors":[8],"is_endless":false,"potions_floor_spawned":[1,11,14],"killed_by":"The Guardian","ascension_level":20}}