{"host":"hnflc3t7qut4yf6t","time":1613776454,"event":{"mods":["BaseMod","Minty Spire (QoL Compilation)","Random Character Button","Relic Stats","Slay-I"],"gold_per_floor":[113,133,54,71,85,85,103,113,113,139,139,174,186,196,196,196,196,208,133,48,48,63,63,94,94,94,109,8,8,18,46,46,143,143,161,161,180,54,70,70,70],"floor_reached":40,"language":"ENG","playtime":2553,"items_purged":["Strike_B","Strike_B"],"score":440,"play_id":"3f268fbc-ae61-4049-8a77-96c6946bfc56","local_time":"20210220001414","is_ascension_mode":false,"campfire_choices":[{"data":"Glacier","floor":6,"key":"SMITH"},{"data":"Steam","floor":11,"key":"SMITH"},{"data":"Go for the Eyes","floor":15,"key":"SMITH"},{"data":"Steam","floor":23,"key":"SMITH"},{"floor":25,"key":"REST"},{"data":"Go for the Eyes","floor":29,"key":"SMITH"},{"floor":32,"key":"REST"}],"circlet_count":0,"master_deck":["Strike_B","Strike_B","Defend_B","Defend_B","Defend_B","Defend_B","Dualcast","Static Discharge","Auto Shields","Glacier+1","Go for the Eyes+1","Go for the Eyes+1","Steam+1","Cold Snap+1","Reboot","Lockon+1","Steam+1","Go for the Eyes+1","Beam Cell+1","Ball Lightning+1","Conserve Battery","Skim","Glacier+1","Creative AI","Ball Lightning+1","Hologram","Steam","Parasite","Genetic Algorithm"],"relics":["Cracked Core","NeowsBlessing","PreservedInsect","Molten Egg 2","Oddly Smooth Stone","InkBottle","Black Star","Ornamental Fan","Bag of Marbles","Gambling Chip","Eternal Feather","Letter Opener","Question Card","Inserter"],"acts_visited":["Exordium","TheCity","TheBeyond"],"potions_floor_usage":[24,31,33,33],"damage_taken":[{"damage":0,"enemies":"Jaw Worm","floor":1,"turns":1},{"damage":0,"enemies":"Cultist","floor":2,"turns":1},{"damage":0,"enemies":"Small Slimes","floor":4,"turns":1},{"damage":13,"enemies":"Exordium Thugs","floor":5,"turns":8},{"damage":1,"enemies":"Large Slime","floor":7,"turns":6},{"damage":2,"enemies":"2 Fungi Beasts","floor":8,"turns":4},{"damage":4,"enemies":"3 Sentries","floor":10,"turns":8},{"damage":6,"enemies":"Gremlin Nob","floor":12,"turns":4},{"damage":5,"enemies":"3 Louse","floor":13,"turns":4},{"damage":0,"enemies":"Red Slaver","floor":14,"turns":3},{"damage":25,"enemies":"Slime Boss","floor":16,"turns":13},{"damage":0,"enemies":"Chosen","floor":18,"turns":4},{"damage":5,"enemies":"3 Byrds","floor":22,"turns":6},{"damage":55,"enemies":"Slavers","floor":24,"turns":7},{"damage":10,"enemies":"Centurion and Healer","floor":27,"turns":15},{"damage":18,"enemies":"Snecko","floor":30,"turns":6},{"damage":15,"enemies":"Gremlin Leader","floor":31,"turns":8},{"damage":39,"enemies":"Automaton","floor":33,"turns":15},{"damage":37,"enemies":"3 Shapes","floor":35,"turns":8},{"damage":7,"enemies":"3 Darklings","floor":37,"turns":9},{"damage":29,"enemies":"Writhing Mass","floor":39,"turns":7},{"damage":44,"enemies":"Reptomancer","floor":40,"turns":3}],"seed_played":"-376309778488041020","potions_obtained":[{"floor":4,"key":"LiquidBronze"},{"floor":7,"key":"FocusPotion"},{"floor":10,"key":"GamblersBrew"},{"floor":14,"key":"AttackPotion"},{"floor":24,"key":"Swift Potion"},{"floor":30,"key":"FocusPotion"},{"floor":33,"key":"EssenceOfDarkness"},{"floor":37,"key":"Swift Potion"}],"is_trial":false,"path_per_floor":["M","M","?","M","M","R","M","M","T","E","R","E","M","M","R","B",null,"M","?","?","$","M","R","E","R","T","M","$","R","M","E","R","B",null,"M","?","M","$","M","E"],"character_chosen":"DEFECT","items_purchased":["Conserve Battery","Steam"],"campfire_rested":2,"item_purchase_floors":[28,38],"current_hp_per_floor":[75,75,75,75,62,62,61,59,59,55,55,49,44,44,44,19,75,75,75,75,75,70,70,15,37,37,27,27,39,21,6,40,1,75,38,75,68,68,39,0,0],"gold":70,"neow_bonus":"THREE_ENEMY_KILL","is_daily":false,"chose_seed":false,"campfire_upgraded":5,"win_rate":0.0,"timestamp":1613776454,"path_taken":["M","M","?","M","M","R","M","M","T","E","R","E","M","?","R","BOSS","M","?","?","$","M","R","E","R","T","M","?","R","M","E","R","BOSS","M","?","M","?","M","E"],"items_purchased_type":["Card","Card"],"build_version":"2020-12-22","purchased_purges":2,"victory":false,"max_hp_per_floor":[75,75,75,75,75,75,75,75,75,75,75,75,75,75,75,75,75,75,75,75,75,75,75,75,75,75,75,75,75,75,75,75,75,75,75,75,75,75,75,75,75],"relic_stats":{"Inserter":[13],"counters":[22,141],"Ornamental Fan":[120],"Gambling Chip":[8],"Eternal Feather":24,"PreservedInsect":204,"Black Star":2,"Letter Opener":[87],"Question Card":4,"obtain_stats":[{"Inserter":34,"NeowsBlessing":0,"Oddly Smooth Stone":10,"Eternal Feather":26,"PreservedInsect":3,"Letter Opener":31,"Question Card":31,"Ornamental Fan":20,"Gambling Chip":24,"Molten Egg 2":9,"Black Star":17,"Bag of Marbles":24,"Cracked Core":0,"InkBottle":12},{"Inserter":18,"NeowsBlessing":0,"Oddly Smooth Stone":7,"Eternal Feather":14,"PreservedInsect":2,"Letter Opener":17,"Question Card":17,"Ornamental Fan":12,"Gambling Chip":14,"Molten Egg 2":6,"Black Star":11,"Bag of Marbles":14,"Cracked Core":0,"InkBottle":8},{"Inserter":114,"NeowsBlessing":0,"Oddly Smooth Stone":29,"Eternal Feather":70,"PreservedInsect":2,"Letter Opener":99,"Question Card":99,"Ornamental Fan":57,"Gambling Chip":70,"Molten Egg 2":21,"Black Star":53,"Bag of Marbles":70,"Cracked Core":0,"InkBottle":33}],"InkBottle":[38]},"card_choices":[{"not_picked":["Gash","Storm"],"picked":"Static Discharge","floor":1},{"not_picked":["Gash","Fusion"],"picked":"Auto Shields","floor":2},{"not_picked":["Leap","Chaos"],"picked":"Glacier","floor":4},{"not_picked":["Beam Cell","Steam Power"],"picked":"Go for the Eyes","floor":5},{"not_picked":["Reinforced Body","Chaos"],"picked":"Go for the Eyes","floor":7},{"not_picked":["Go for the Eyes","Coolheaded"],"picked":"Steam","floor":8},{"not_picked":["Darkness","Auto Shields"],"picked":"Cold Snap+1","floor":10},{"not_picked":["Aggregate","Streamline+1"],"picked":"Reboot","floor":12},{"not_picked":["Hologram","Coolheaded","Chaos"],"picked":"SKIP","floor":13},{"not_picked":["Consume","Doom and Gloom+1"],"picked":"Lockon+1","floor":14},{"not_picked":["Sweeping Beam+1","Coolheaded"],"picked":"Steam","floor":18},{"not_picked":["Tempest","Stack"],"picked":"Go for the Eyes+1","floor":22},{"not_picked":["Compile Driver+1","Thunder Strike+1"],"picked":"Beam Cell+1","floor":24},{"not_picked":["Redo","Steam"],"picked":"Ball Lightning+1","floor":27},{"not_picked":["Defragment","Steam"],"picked":"Skim","floor":30},{"not_picked":["Chill","Hologram"],"picked":"Glacier+1","floor":31},{"not_picked":["Fission","Biased Cognition","Thunder Strike+1"],"picked":"Creative AI","floor":33},{"not_picked":["Conserve Battery+1","Barrage+1","Go for the Eyes+1"],"picked":"Ball Lightning+1","floor":35},{"not_picked":["Seek","Beam Cell+1","Conserve Battery+1"],"picked":"Hologram","floor":37},{"not_picked":["Steam","Lockon+1","Capacitor+1"],"picked":"Genetic Algorithm","floor":39}],"player_experience":2897,"relics_obtained":[{"floor":9,"key":"Molten Egg 2"},{"floor":10,"key":"Oddly Smooth Stone"},{"floor":12,"key":"InkBottle"},{"floor":24,"key":"Bag of Marbles"},{"floor":24,"key":"Gambling Chip"},{"floor":26,"key":"Eternal Feather"},{"floor":31,"key":"Letter Opener"},{"floor":31,"key":"Question Card"}],"event_choices":[{"damage_healed":0,"gold_gain":0,"player_choice":"Paid Gold","damage_taken":0,"relics_obtained":["PreservedInsect"],"max_hp_gain":0,"max_hp_loss":0,"event_name":"WeMeetAgain","floor":3,"gold_loss":79},{"cards_removed":["Zap"],"damage_healed":0,"gold_gain":0,"player_choice":"Gave Gold","damage_taken":0,"max_hp_gain":0,"max_hp_loss":0,"event_name":"Beggar","floor":19,"gold_loss":75},{"damage_healed":0,"gold_gain":0,"player_choice":"Obtained Relic","damage_taken":0,"relics_obtained":["Ornamental Fan"],"max_hp_gain":0,"max_hp_loss":0,"event_name":"Addict","floor":20,"gold_loss":85},{"damage_healed":37,"gold_gain":0,"player_choice":"Full Heal","damage_taken":0,"max_hp_gain":0,"max_hp_loss":0,"event_name":"Wheel of Change","floor":36,"gold_loss":0}],"is_beta":false,"boss_relics":[{"not_picked":["Velvet Choker","Ectoplasm"],"picked":"Black Star"},{"not_picked":["Coffee Dripper","Runic Dome"],"picked":"Inserter"}],"items_purged_floors":[28,38],"is_endless":false,"potions_floor_spawned":[4,7,10,14,16,24,27,30,33,37],"killed_by":"Reptomancer","ascension_level":0}}