{"host":"4tf6m7aukoo0nksr","time":1613726258,"event":{"mods":["AchievementEnabler","BaseMod","Better Vampires","Colored Map","Colored Powertips","Minty Spire (QoL Compilation)","Permanent Neow","StSLib","SuperFastMode","The Marked","Waifu the Spire"],"gold_per_floor":[116,116,116,132,57,57,90,105,129,204,204,234,234,245,245,245,245],"floor_reached":16,"language":"ZHS","playtime":260,"items_purged":["Regret"],"score":133,"play_id":"fa35d7da-47ef-472e-bdb3-0061b59b0f7e","local_time":"20210219171738","is_ascension_mode":false,"campfire_choices":[{"data":"FlurryOfBlows","floor":6,"key":"SMITH"},{"floor":11,"key":"REST"},{"data":"Tantrum","floor":15,"key":"SMITH"}],"circlet_count":0,"master_deck":["Strike_P+1","Strike_P","Defend_P","Defend_P","Defend_P+1","Defend_P","Eruption","Vigilance","Pray","WheelKick","FlurryOfBlows+1","CarveReality","Tantrum+1","LessonLearned"],"relics":["PureWater","Vajra","PreservedInsect","Nunchaku","Gambling Chip"],"acts_visited":["Exordium"],"potions_floor_usage":[14,16],"damage_taken":[{"damage":1,"enemies":"2 Louse","floor":1,"turns":2},{"damage":0,"enemies":"Small Slimes","floor":4,"turns":1},{"damage":10,"enemies":"3 Sentries","floor":7,"turns":5},{"damage":6,"enemies":"Jaw Worm","floor":8,"turns":2},{"damage":0,"enemies":"Lagavulin","floor":12,"turns":3},{"damage":0,"enemies":"3 Louse","floor":14,"turns":1},{"damage":32,"enemies":"The Guardian","floor":16,"turns":3}],"seed_played":"6169277949373126640","potions_obtained":[{"floor":4,"key":"SteroidPotion"},{"floor":14,"key":"Energy Potion"}],"is_trial":false,"path_per_floor":["M","?","?","M","$","R","E","M","T","?","R","E","T","M","R","B"],"character_chosen":"WATCHER","items_purchased":[],"campfire_rested":1,"item_purchase_floors":[],"current_hp_per_floor":[50,50,36,36,36,36,26,20,20,9,30,30,30,30,30,0,0],"gold":245,"neow_bonus":"TRANSFORM_TWO_CARDS","is_daily":false,"chose_seed":false,"campfire_upgraded":2,"win_rate":0.0,"timestamp":1613726258,"path_taken":["M","?","?","M","$","R","E","M","T","?","R","E","?","M","R","BOSS"],"items_purchased_type":[],"build_version":"2020-12-22","purchased_purges":1,"victory":false,"max_hp_per_floor":[72,72,72,72,72,72,72,72,72,72,72,72,72,72,72,72,72],"card_choices":[{"not_picked":["FollowUp","BattleHymn","Wallop"],"picked":"SKIP","floor":1},{"not_picked":["ClearTheMind","EmptyBody"],"picked":"FlurryOfBlows","floor":4},{"not_picked":["BattleHymn","SashWhip"],"picked":"CarveReality","floor":7},{"not_picked":["CarveReality","WheelKick"],"picked":"Tantrum","floor":8},{"not_picked":["ReachHeaven","Study"],"picked":"LessonLearned","floor":12},{"not_picked":["Perseverance","Swivel","MentalFortress"],"picked":"SKIP","floor":14}],"player_experience":115190,"relics_obtained":[{"floor":7,"key":"PreservedInsect"},{"floor":9,"key":"Nunchaku"},{"floor":12,"key":"Gambling Chip"}],"event_choices":[{"damage_healed":0,"gold_gain":0,"player_choice":"Box","damage_taken":0,"relics_obtained":["Vajra"],"max_hp_gain":0,"max_hp_loss":0,"event_name":"Big Fish","floor":2,"gold_loss":0,"cards_obtained":["Regret"]},{"damage_healed":0,"gold_gain":0,"player_choice":"Entered Light","damage_taken":14,"max_hp_gain":0,"max_hp_loss":0,"event_name":"Shining Light","floor":3,"gold_loss":0,"cards_upgraded":["Defend_P","Strike_P"]},{"damage_healed":0,"gold_gain":75,"player_choice":"Gather Gold","damage_taken":11,"max_hp_gain":0,"max_hp_loss":0,"event_name":"World of Goop","floor":10,"gold_loss":0}],"is_beta":false,"boss_relics":[],"items_purged_floors":[5],"is_endless":false,"potions_floor_spawned":[4,14],"killed_by":"The Guardian","ascension_level":0}}