{"host":"o1scrl1hgy598kuq","time":1613715866,"event":{"mods":["BaseMod","Colored Map","Colored Powertips","Minty Spire (QoL Compilation)","Remilia??????","Replay The Spire","Shop Mod","StSLib","The Jungle","The Marked","The Servant 0.9.4"],"gold_per_floor":[113,113,123,123,134,134,163,163,163,8,42,117,130,148,148,245,245,259,11,11,11,21,21,21],"floor_reached":23,"language":"ENG","playtime":895,"items_purged":["Dualcast"],"score":239,"play_id":"698f9579-ec01-4aaf-b289-973a1093a09f","local_time":"20210219002426","is_ascension_mode":true,"campfire_choices":[{"data":"Biased Cognition","floor":6,"key":"SMITH"},{"data":"Zap","floor":8,"key":"SMITH"},{"floor":15,"key":"REST"}],"circlet_count":0,"master_deck":["Strike_B","Strike_B+1","Strike_B","Defend_B","Defend_B","Defend_B","Defend_B","Zap+1","Biased Cognition+1","Gash","Gash","Conserve Battery","Conserve Battery","Capacitor","Reprogram+1","Turbo","Amplify","Hologram","ReplayTheSpireMod:Trickstab+1"],"relics":["Cracked Core","Meat on the Bone","Snack Pack","Gremlin Horn","MerchantsRug","Runic Pyramid","Membership Card","Whetstone"],"acts_visited":["Exordium","TheCity"],"potions_floor_usage":[7,14,16,23],"damage_taken":[{"damage":0,"enemies":"2 Louse","floor":1,"turns":3},{"damage":7,"enemies":"Jaw Worm","floor":3,"turns":2},{"damage":16,"enemies":"Small Slimes","floor":5,"turns":3},{"damage":8,"enemies":"Gremlin Nob","floor":7,"turns":3},{"damage":35,"enemies":"Lagavulin","floor":11,"turns":8},{"damage":4,"enemies":"2 Fungi Beasts","floor":13,"turns":4},{"damage":9,"enemies":"Red Slaver","floor":14,"turns":3},{"damage":49,"enemies":"The Guardian","floor":16,"turns":15},{"damage":4,"enemies":"Chosen","floor":18,"turns":5},{"damage":22,"enemies":"2 Thieves","floor":22,"turns":4},{"damage":56,"enemies":"Slavers","floor":23,"turns":3}],"seed_played":"-8254132775015661809","potions_obtained":[{"floor":3,"key":"Swift Potion"},{"floor":13,"key":"Swift Potion"},{"floor":14,"key":"Dexterity Potion"},{"floor":18,"key":"SpeedPotion"}],"is_trial":false,"path_per_floor":["M","?","M","?","M","R","E","R","T","$","E","?","M","M","R","B",null,"M","$","?","?","M","E"],"character_chosen":"DEFECT","items_purchased":["MerchantsRug","Membership Card","ReplayTheSpireMod:Trickstab","Whetstone"],"campfire_rested":1,"item_purchase_floors":[10,19,19,19],"current_hp_per_floor":[75,68,61,66,50,50,42,42,42,42,21,10,18,23,47,16,80,76,76,76,76,56,0,0],"gold":21,"neow_bonus":"TRANSFORM_CARD","is_daily":false,"chose_seed":false,"campfire_upgraded":2,"win_rate":0.0,"timestamp":1613715866,"path_taken":["M","?","M","?","M","R","E","R","T","$","E","?","?","M","R","BOSS","M","$","?","?","?","E"],"items_purchased_type":["Relic","Relic","Card","Relic"],"build_version":"2020-12-22","purchased_purges":1,"victory":false,"max_hp_per_floor":[75,75,75,80,80,80,80,80,80,80,80,80,80,80,80,80,80,80,80,80,80,80,80,80],"card_choices":[{"not_picked":["Ball Lightning","Stack"],"picked":"Gash","floor":1},{"not_picked":["Turbo","Stack"],"picked":"Gash","floor":3},{"not_picked":["Streamline","Double Energy"],"picked":"Conserve Battery","floor":5},{"not_picked":["Leap","Chaos"],"picked":"Conserve Battery","floor":7},{"not_picked":["Barrage","Rebound"],"picked":"Capacitor","floor":11},{"not_picked":["Reinforced Body","Gash"],"picked":"Reprogram","floor":13},{"not_picked":["Panic Button","Ball Lightning"],"picked":"Turbo","floor":14},{"not_picked":["ReplayRNGCard","Mirror Shield"],"picked":"Amplify","floor":16},{"not_picked":["Barrage","Aggregate+1"],"picked":"Hologram","floor":18},{"not_picked":["Ball Lightning","Compile Driver","Rebound"],"picked":"SKIP","floor":22}],"player_experience":266794,"relics_obtained":[{"floor":7,"key":"Snack Pack"},{"floor":9,"key":"Gremlin Horn"},{"floor":11,"key":"Bottled Tornado"}],"event_choices":[{"damage_healed":0,"gold_gain":0,"player_choice":"Success","damage_taken":7,"relics_obtained":["Meat on the Bone"],"max_hp_gain":0,"max_hp_loss":0,"event_name":"Scrap Ooze","floor":2,"gold_loss":0},{"damage_healed":0,"gold_gain":0,"player_choice":"Donut","damage_taken":0,"max_hp_gain":5,"max_hp_loss":0,"event_name":"Big Fish","floor":4,"gold_loss":0},{"damage_healed":0,"gold_gain":75,"player_choice":"Gather Gold","damage_taken":11,"max_hp_gain":0,"max_hp_loss":0,"event_name":"World of Goop","floor":12,"gold_loss":0},{"damage_healed":0,"gold_gain":0,"player_choice":"Ignored","damage_taken":0,"max_hp_gain":0,"max_hp_loss":0,"event_name":"Vampires","floor":20,"gold_loss":0},{"damage_healed":0,"gold_gain":0,"player_choice":"Forge","damage_taken":0,"max_hp_gain":0,"max_hp_loss":0,"event_name":"Accursed Blacksmith","floor":21,"gold_loss":0,"cards_upgraded":["Reprogram"]}],"is_beta":false,"boss_relics":[{"not_picked":["Replay:Ancient Bell","Fusion Hammer"],"picked":"Runic Pyramid"}],"items_purged_floors":[19],"is_endless":false,"potions_floor_spawned":[3,13,14,18],"killed_by":"Slavers","ascension_level":4}}