{"host":"z609fbm6pkeriks8","time":1613712188,"event":{"mods":["AchievementEnabler","BaseMod","Colored Map","Colored Powertips","Highlight Path","Minty Spire (QoL Compilation)","StSLib"],"gold_per_floor":[114,133,133,87,19,19,19,35,62,81,97,116,116,131,131,227,227,241,253,253,15,15,33,33,33,79,79,110,0,16,291,291,291,291],"floor_reached":33,"language":"ZHS","playtime":865,"items_purged":[],"score":282,"play_id":"fd5312db-771f-4c82-96bb-22ec36f0b1ac","local_time":"20210219132308","daily_mods":["SealedDeck"],"is_ascension_mode":false,"campfire_choices":[{"data":"Searing Blow","floor":6,"key":"SMITH"},{"data":"Searing Blow+1","floor":13,"key":"SMITH"},{"data":"Searing Blow+2","floor":15,"key":"SMITH"},{"data":"Demon Form","floor":24,"key":"SMITH"},{"floor":32,"key":"REST"}],"circlet_count":0,"master_deck":["Flex","Warcry","Armaments","Armaments","Pommel Strike","Perfected Strike","Perfected Strike","Perfected Strike","Clash","Thunderclap","Clash","Searing Blow+3","Berserk","Spot Weakness","Twin Strike","Clash+1","Clash","Disarm","Demon Form+1","Searing Blow+2","J.A.X.","Inflame+1","Warcry+1","Offering","Regret"],"relics":["Burning Blood","Darkstone Periapt","Orichalcum","Sozu","Nilry\u0027s Codex","Bottled Lightning","Lantern","Whetstone"],"acts_visited":["Exordium","TheCity"],"potions_floor_usage":[1,16,19],"damage_taken":[{"damage":1,"enemies":"Cultist","floor":1,"turns":3},{"damage":2,"enemies":"2 Louse","floor":2,"turns":2},{"damage":2,"enemies":"Small Slimes","floor":8,"turns":2},{"damage":3,"enemies":"2 Fungi Beasts","floor":10,"turns":3},{"damage":8,"enemies":"3 Louse","floor":11,"turns":3},{"damage":9,"enemies":"Gremlin Gang","floor":12,"turns":3},{"damage":5,"enemies":"Exordium Thugs","floor":14,"turns":2},{"damage":45,"enemies":"The Guardian","floor":16,"turns":6},{"damage":7,"enemies":"Shell Parasite","floor":18,"turns":3},{"damage":10,"enemies":"3 Byrds","floor":19,"turns":3},{"damage":21,"enemies":"Snecko","floor":23,"turns":5},{"damage":32,"enemies":"Slavers","floor":28,"turns":4},{"damage":19,"enemies":"Snake Plant","floor":30,"turns":3},{"damage":65,"enemies":"Champ","floor":33,"turns":6}],"seed_played":"2108536156457581236","potions_obtained":[{"floor":1,"key":"Fruit Juice"},{"floor":2,"key":"Explosive Potion"},{"floor":8,"key":"LiquidMemories"},{"floor":10,"key":"DuplicationPotion"}],"is_trial":true,"path_per_floor":["M","M","T","$","$","R","?","M","T","M","M","M","R","M","R","B",null,"M","M","?","$","?","M","R","?","T","$","E","?","M","?","R","B"],"character_chosen":"IRONCLAD","items_purchased":["Clash","Searing Blow","Bottled Lightning"],"campfire_rested":1,"item_purchase_floors":[4,5,21],"current_hp_per_floor":[85,85,85,85,85,85,85,85,85,85,83,80,80,81,81,42,85,84,80,64,64,64,49,49,49,49,49,23,23,10,16,43,0,0],"gold":291,"neow_bonus":"","is_daily":false,"chose_seed":false,"campfire_upgraded":4,"win_rate":0.0,"timestamp":1613712188,"path_taken":["M","M","?","?","$","R","?","M","T","M","M","M","R","M","R","BOSS","M","?","?","$","?","M","R","?","T","$","E","?","M","?","R","BOSS"],"items_purchased_type":["Card","Card","Relic"],"build_version":"2020-12-22","purchased_purges":0,"victory":false,"max_hp_per_floor":[85,85,85,85,85,85,85,85,85,85,85,85,85,85,85,85,85,85,85,85,85,85,85,85,85,85,85,85,85,85,91,91,91,91],"card_choices":[{"not_picked":["Cleave","Heavy Blade"],"picked":"Clash","floor":1},{"not_picked":["Armaments","Headbutt"],"picked":"Thunderclap","floor":2},{"not_picked":["Clash","Uppercut"],"picked":"Spot Weakness","floor":8},{"not_picked":["Immolate","Wild Strike"],"picked":"Twin Strike","floor":10},{"not_picked":["Iron Wave","Reckless Charge"],"picked":"Clash","floor":11},{"not_picked":["Sword Boomerang","Headbutt"],"picked":"Clash","floor":12},{"not_picked":["Cleave","Iron Wave"],"picked":"Disarm","floor":14},{"not_picked":["Reaper","Impervious"],"picked":"Demon Form","floor":16},{"not_picked":["Feel No Pain+1","Rampage"],"picked":"Searing Blow+1","floor":18},{"not_picked":["Armaments","Sentinel","Iron Wave+1"],"picked":"SKIP","floor":19},{"not_picked":["Blood for Blood","Dropkick"],"picked":"Inflame+1","floor":23},{"not_picked":["Pommel Strike","Armaments"],"picked":"Warcry+1","floor":28},{"not_picked":["True Grit+1","Iron Wave"],"picked":"Offering","floor":30}],"player_experience":130554,"relics_obtained":[{"floor":3,"key":"Darkstone Periapt"},{"floor":9,"key":"Orichalcum"},{"floor":20,"key":"Nilry\u0027s Codex"},{"floor":26,"key":"Lantern"},{"floor":28,"key":"Whetstone"}],"event_choices":[{"damage_healed":0,"gold_gain":0,"cards_transformed":["Warcry"],"player_choice":"Transformed","damage_taken":0,"max_hp_gain":0,"max_hp_loss":0,"event_name":"Transmorgrifier","floor":7,"gold_loss":0,"cards_obtained":["Berserk"]},{"damage_healed":0,"gold_gain":0,"player_choice":"Obtained Book","damage_taken":16,"max_hp_gain":0,"max_hp_loss":0,"event_name":"Cursed Tome","floor":20,"gold_loss":0},{"damage_healed":0,"gold_gain":0,"player_choice":"Obtain J.A.X.","damage_taken":0,"max_hp_gain":0,"max_hp_loss":0,"event_name":"Drug Dealer","floor":22,"gold_loss":0,"cards_obtained":["J.A.X."]},{"cards_removed":["Anger"],"damage_healed":0,"gold_gain":0,"player_choice":"Elegance","damage_taken":0,"max_hp_gain":0,"max_hp_loss":0,"event_name":"Back to Basics","floor":25,"gold_loss":0},{"damage_healed":0,"gold_gain":0,"player_choice":"Paid Fearfully","damage_taken":0,"max_hp_gain":0,"max_hp_loss":0,"event_name":"Masked Bandits","floor":29,"gold_loss":110},{"damage_healed":0,"gold_gain":275,"player_choice":"Desecrate","damage_taken":0,"max_hp_gain":0,"max_hp_loss":0,"event_name":"Golden Shrine","floor":31,"gold_loss":0,"cards_obtained":["Regret"]}],"is_beta":false,"boss_relics":[{"not_picked":["Busted Crown","Velvet Choker"],"picked":"Sozu"}],"items_purged_floors":[],"is_endless":false,"potions_floor_spawned":[1,2,8,10,12,23,30],"killed_by":"Champ","ascension_level":0}}