{"host":"x205naxbihvu3p76","time":1613746652,"event":{"mods":["AchievementEnabler","BaseMod","Minty Spire (QoL Compilation)","StSLib","SuperFastMode"],"gold_per_floor":[116,127,127,127,180,210,210,245,245,37,50,60,60,80,80,157,157,172,222,222,241,241,241],"floor_reached":22,"language":"KOR","playtime":430,"items_purged":[],"score":427,"play_id":"4855cb29-b91c-4c60-a7d7-9e6efe05a8b3","local_time":"20210219235732","is_ascension_mode":true,"campfire_choices":[{"data":"Sword Boomerang","floor":7.0,"key":"SMITH"},{"floor":13.0,"key":"REST"},{"data":"Dark Embrace","floor":15,"key":"SMITH"}],"circlet_count":0,"master_deck":["AscendersBane","Strike_R","Strike_R","Defend_R","Defend_R","Defend_R","Defend_R","Bash","Sword Boomerang+1","Sword Boomerang","Fire Breathing","Second Wind","Shockwave","Feel No Pain","Dark Embrace+1","Offering","Clothesline","Entrench"],"relics":["Burning Blood","NeowsBlessing","Pen Nib","Omamori","Bronze Scales","InkBottle","Sozu"],"acts_visited":["TheCity"],"potions_floor_usage":[16,22],"damage_taken":[{"damage":0.0,"enemies":"Jaw Worm","floor":1.0,"turns":1.0},{"damage":0.0,"enemies":"Small Slimes","floor":2.0,"turns":1.0},{"damage":0.0,"enemies":"3 Sentries","floor":6.0,"turns":1.0},{"damage":52.0,"enemies":"Lagavulin","floor":8.0,"turns":8.0},{"damage":10.0,"enemies":"2 Louse","floor":11.0,"turns":2.0},{"damage":4.0,"enemies":"Exordium Wildlife","floor":12.0,"turns":3.0},{"damage":18.0,"enemies":"Large Slime","floor":14.0,"turns":6.0},{"damage":22,"enemies":"Slime Boss","floor":16,"turns":6},{"damage":29,"enemies":"2 Thieves","floor":18,"turns":3},{"damage":19,"enemies":"Chosen","floor":21,"turns":4},{"damage":33,"enemies":"Sentry and Sphere","floor":22,"turns":5}],"seed_played":"2007099632085740851","potions_obtained":[{"floor":8.0,"key":"PowerPotion"},{"floor":12.0,"key":"ColorlessPotion"},{"floor":14.0,"key":"CultistPotion"},{"floor":16,"key":"HeartOfIron"}],"is_trial":false,"path_per_floor":["M","M","?","?","T","E","R","E","T","$","M","M","R","M","R","B",null,"M","?","?","M","M"],"character_chosen":"IRONCLAD","items_purchased":["Fire Breathing","Second Wind","Shockwave"],"campfire_rested":1,"item_purchase_floors":[10,10,10],"current_hp_per_floor":[74,75,80,80,80,80,80,34,34,34,30,32,56,44,44,28,67,44,44,44,31,0,0],"gold":241,"neow_bonus":"THREE_ENEMY_KILL","is_daily":false,"chose_seed":false,"campfire_upgraded":2,"win_rate":0.0,"timestamp":1613746652,"path_taken":["M","M","?","?","?","E","R","E","T","$","?","M","R","M","R","BOSS","M","?","?","M","M"],"items_purchased_type":["Card","Card","Card"],"build_version":"2020-12-22","purchased_purges":0,"victory":false,"max_hp_per_floor":[75,75,80,80,80,80,80,80,80,80,80,80,80,80,80,80,80,80,80,80,80,80,80],"card_choices":[{"not_picked":["Havoc","Thunderclap","Dual Wield"],"picked":"SKIP","floor":1.0},{"not_picked":["Body Slam","Thunderclap"],"picked":"Sword Boomerang","floor":2.0},{"not_picked":["Brutality","Power Through","Sentinel"],"picked":"SKIP","floor":6.0},{"not_picked":["Perfected Strike","Blood for Blood","Armaments"],"picked":"SKIP","floor":8.0},{"not_picked":["Sword Boomerang","Perfected Strike"],"picked":"Feel No Pain","floor":11.0},{"not_picked":["Sword Boomerang","Armaments","Sever Soul"],"picked":"SKIP","floor":12.0},{"not_picked":["Cleave","Wild Strike"],"picked":"Dark Embrace","floor":14.0},{"not_picked":["Impervious","Exhume"],"picked":"Offering","floor":16},{"not_picked":["Armaments","Sever Soul","Dual Wield"],"picked":"SKIP","floor":18},{"not_picked":["Wild Strike","Iron Wave","Clothesline"],"picked":"SKIP","floor":21}],"player_experience":1035369,"relics_obtained":[{"floor":5.0,"key":"Pen Nib"},{"floor":6.0,"key":"Omamori"},{"floor":8.0,"key":"Bronze Scales"},{"floor":9.0,"key":"InkBottle"}],"event_choices":[{"damage_healed":0.0,"max_hp_gain":5.0,"max_hp_loss":0.0,"gold_gain":0.0,"event_name":"Big Fish","player_choice":"Donut","floor":3.0,"gold_loss":0.0,"damage_taken":0.0},{"damage_healed":0.0,"max_hp_gain":0.0,"max_hp_loss":0.0,"gold_gain":0.0,"cards_transformed":["Strike_R"],"event_name":"Living Wall","player_choice":"Change","floor":4.0,"gold_loss":0.0,"damage_taken":0.0,"cards_obtained":["Sword Boomerang"]},{"damage_healed":0,"gold_gain":50,"player_choice":"Stole From Cult","damage_taken":0,"max_hp_gain":0,"max_hp_loss":0,"event_name":"Nest","floor":19,"gold_loss":0},{"damage_healed":0,"gold_gain":0,"cards_transformed":["Strike_R","Strike_R"],"player_choice":"Became Test Subject","damage_taken":0,"max_hp_gain":0,"max_hp_loss":0,"event_name":"Drug Dealer","floor":20,"gold_loss":0,"cards_obtained":["Clothesline","Entrench"]}],"is_beta":false,"boss_relics":[{"not_picked":["Black Blood","Empty Cage"],"picked":"Sozu"}],"items_purged_floors":[],"is_endless":false,"potions_floor_spawned":[8,12,14,16,21],"killed_by":"Sentry and Sphere","ascension_level":19}}