{"host":"40jzjik7hyc9heun","time":1613757364,"event":{"mods":["BaseMod","Colored Powertips","Downfall","Minty Spire (QoL Compilation)","Quick Restart","StSLib"],"gold_per_floor":[99,99,99,162,162,27,50,63,63,81,112,122,122,139,139,139,139,139],"floor_reached":16,"language":"ENG","playtime":861,"items_purged":["hexamod:Strike"],"score":98,"play_id":"1ebf93d8-9086-4b93-a7c2-2ae6a3fa252f","local_time":"20210219125604","is_ascension_mode":false,"campfire_choices":[{"data":"hexamod:Float","floor":9,"key":"SMITH"},{"data":"hexamod:VolcanoVisage","floor":13,"key":"SMITH"},{"data":"hexamod:BurningTouch","floor":15,"key":"SMITH"}],"circlet_count":0,"master_deck":["hexamod:Strike","hexamod:Strike","hexamod:Strike","hexamod:Defend","hexamod:Defend","hexamod:Defend","hexamod:Defend","hexamod:Sear","hexamod:Float+1","hexamod:DynamicBlow","hexamod:HeatMetal","hexamod:Firestarter","hexamod:RainOfEmbers","hexamod:VolcanoVisage+1","hexamod:BurningTouch+1","hexamod:Firestarter"],"relics":["hexamod:SpiritBrand","downfall:HeartsMalice","Meat on the Bone","Pen Nib","Peace Pipe"],"acts_visited":["Exordium"],"potions_floor_usage":[16,16],"damage_taken":[{"damage":0,"enemies":"Small Slimes","floor":1,"turns":1},{"damage":0,"enemies":"2 Louse","floor":2,"turns":1},{"damage":0,"enemies":"Cultist","floor":3,"turns":1},{"damage":22,"enemies":"Gremlin Nob","floor":4,"turns":4},{"damage":0,"enemies":"downfall:FleeingMerchant","floor":6,"turns":4},{"damage":8,"enemies":"Red Slaver","floor":8,"turns":3},{"damage":2,"enemies":"Blue Slaver","floor":10,"turns":3},{"damage":6,"enemies":"Gremlin Nob","floor":11,"turns":3},{"damage":1,"enemies":"Exordium Wildlife","floor":12,"turns":3},{"damage":0,"enemies":"downfall:LooterAlt","floor":14,"turns":3},{"damage":44,"enemies":"WA_ARCHETYPE_RETAIN","floor":16,"turns":5}],"seed_played":"-5142517557766165088","potions_obtained":[{"floor":10,"key":"AttackPotion"},{"floor":12,"key":"FearPotion"},{"floor":14,"key":"Strength Potion"}],"is_trial":false,"path_per_floor":["M","M","M","?","?","$","T","M","R","M","E","M","R","M","R","B"],"character_chosen":"THE_SPIRIT","items_purchased":["hexamod:BurningTouch"],"campfire_rested":0,"item_purchase_floors":[6],"current_hp_per_floor":[70,70,70,48,48,48,48,40,40,38,44,43,43,43,43,0,0,0],"gold":139,"neow_bonus":"THREE_ENEMY_KILL","is_daily":false,"chose_seed":false,"campfire_upgraded":3,"win_rate":0.0,"timestamp":1613757364,"path_taken":["M","M","M","?","?","$","T","M","R","?","E","M","R","M","R","BOSS"],"items_purchased_type":["Card"],"build_version":"2020-12-22","purchased_purges":1,"victory":false,"max_hp_per_floor":[70,70,70,70,70,70,70,70,70,70,70,70,70,70,70,70,70,70],"card_choices":[{"not_picked":["hexamod:InspiringFlames","hexamod:NightmareGuise"],"picked":"hexamod:DynamicBlow","floor":1},{"not_picked":["hexamod:RetreatToShadows","hexamod:SpectralAdrenaline"],"picked":"hexamod:HeatMetal","floor":2},{"not_picked":["hexamod:GhostflameBarrier","hexamod:SwordOfDarkness"],"picked":"hexamod:Firestarter","floor":3},{"not_picked":["hexamod:Rewind","hexamod:GhostOfSpireFuture"],"picked":"hexamod:RainOfEmbers","floor":4},{"not_picked":["hexamod:EtherealExpedition","hexamod:GhostShield"],"picked":"hexamod:VolcanoVisage","floor":6},{"not_picked":["hexamod:GhostShield","hexamod:EtherealExpedition"],"picked":"hexamod:Firestarter","floor":8},{"not_picked":["hexamod:Hexaguard","hexamod:SpectersWail","hexamod:ShieldOfDarkness"],"picked":"SKIP","floor":10},{"not_picked":["hexamod:NightmareGuise","hexamod:HauntingEcho","hexamod:NightmareStrike"],"picked":"SKIP","floor":11},{"not_picked":["hexamod:NightmareGuise","hexamod:InspiringFlames","hexamod:HauntingEcho"],"picked":"SKIP","floor":12},{"not_picked":["hexamod:UnlimitedPower","hexamod:HauntingEcho","hexamod:InspiringFlames"],"picked":"SKIP","floor":14}],"player_experience":112081,"relics_obtained":[{"floor":7,"key":"Pen Nib"},{"floor":11,"key":"Peace Pipe"}],"event_choices":[{"damage_healed":0,"gold_gain":0,"player_choice":"Ignored","damage_taken":0,"max_hp_gain":0,"max_hp_loss":0,"event_name":"NoteForYourself","floor":5,"gold_loss":0}],"is_beta":false,"boss_relics":[],"items_purged_floors":[6],"is_endless":false,"potions_floor_spawned":[10,12,14],"killed_by":"WA_ARCHETYPE_RETAIN","ascension_level":0}}