{"host":"d8d3jqle49sogkjv","time":1613750934,"event":{"mods":["BaseMod","Colored Map","Colored Powertips","Minty Spire (QoL Compilation)","StSLib"],"gold_per_floor":[110,129,129,154,5,5,43,43,43,43,59,93,168,204,204,330,330,344,33,58,83,83,83,114,17,70,105,105,121,43,78,78,209,209,233,254,254,254,272,272,312,312,336,361,376,419,433,291,291,291,291,291,71,114,114],"floor_reached":56,"language":"ENG","playtime":3572,"items_purged":["Strike_G","Defend_G","Defend_G"],"score":1853,"play_id":"b6fec328-2e05-4f47-beb4-c45a6bf88326","local_time":"20210219170854","is_ascension_mode":true,"campfire_choices":[{"data":"Blade Dance","floor":6,"key":"SMITH"},{"floor":8,"key":"REST"},{"floor":10,"key":"REST"},{"data":"Cloak And Dagger","floor":15,"key":"SMITH"},{"data":"Apotheosis","floor":23,"key":"SMITH"},{"floor":28,"key":"RECALL"},{"data":"Accuracy","floor":32,"key":"SMITH"},{"floor":40,"key":"REST"},{"floor":42,"key":"REST"},{"floor":49,"key":"REST"},{"floor":52,"key":"REST"}],"circlet_count":0,"master_deck":["AscendersBane","Strike_G","Strike_G","Defend_G","Defend_G","Survivor","Neutralize","Blade Dance+1","Dodge and Roll","Cloak And Dagger+1","Dodge and Roll","Tools of the Trade","Terror+1","After Image+1","Deadly Poison+1","Prepared","Accuracy+1","Apotheosis+1","Venomology","Catalyst","Blade Dance+1","Blur","Cloak And Dagger","After Image","Caltrops+1","Adrenaline","Cloak And Dagger","Calculated Gamble+1","A Thousand Cuts","Accuracy","Escape Plan","Acrobatics+1","Noxious Fumes"],"relics":["Ring of the Snake","Golden Idol","Membership Card","StrikeDummy","HornCleat","Pantograph","StoneCalendar","Astrolabe","Snake Skull","Ginger","Lee\u0027s Waffle","Potion Belt","Lantern","Ornamental Fan","Fusion Hammer","Paper Crane","Orichalcum","Bag of Preparation","Strawberry","HandDrill","Shuriken"],"acts_visited":["Exordium","TheCity","TheBeyond","TheEnding"],"potions_floor_usage":[4,7,7,7,7,7,21,24,24,27,27,27,31,31,33,38,39,41,50,54,55,55,55,55,55],"damage_taken":[{"damage":4,"enemies":"2 Louse","floor":1,"turns":4},{"damage":0,"enemies":"Small Slimes","floor":2,"turns":3},{"damage":0,"enemies":"Jaw Worm","floor":4,"turns":5},{"damage":24,"enemies":"Gremlin Nob","floor":7,"turns":4},{"damage":7,"enemies":"Large Slime","floor":11,"turns":6},{"damage":8,"enemies":"3 Sentries","floor":12,"turns":9},{"damage":17,"enemies":"Gremlin Nob","floor":14,"turns":5},{"damage":20,"enemies":"The Guardian","floor":16,"turns":16},{"damage":2,"enemies":"Chosen","floor":18,"turns":6},{"damage":0,"enemies":"Spheric Guardian","floor":20,"turns":6},{"damage":0,"enemies":"Snecko","floor":21,"turns":5},{"damage":16,"enemies":"Slavers","floor":24,"turns":7},{"damage":39,"enemies":"Gremlin Leader","floor":27,"turns":5},{"damage":0,"enemies":"Centurion and Healer","floor":29,"turns":4},{"damage":12,"enemies":"Slavers","floor":31,"turns":5},{"damage":9,"enemies":"Champ","floor":33,"turns":8},{"damage":0,"enemies":"Orb Walker","floor":35,"turns":5},{"damage":4,"enemies":"3 Shapes","floor":36,"turns":7},{"damage":0,"enemies":"Transient","floor":38,"turns":1},{"damage":0,"enemies":"Jaw Worm Horde","floor":39,"turns":5},{"damage":0,"enemies":"Reptomancer","floor":41,"turns":4},{"damage":31,"enemies":"3 Darklings","floor":44,"turns":5},{"damage":7,"enemies":"Spire Growth","floor":45,"turns":5},{"damage":0,"enemies":"Giant Head","floor":46,"turns":5},{"damage":10,"enemies":"Sphere and 2 Shapes","floor":47,"turns":4},{"damage":18,"enemies":"Awakened One","floor":50,"turns":8},{"damage":27,"enemies":"Shield and Spear","floor":54,"turns":6},{"damage":35,"enemies":"The Heart","floor":55,"turns":8}],"seed_played":"6763545392592475393","potions_obtained":[{"floor":0,"key":"EssenceOfSteel"},{"floor":0,"key":"Swift Potion"},{"floor":0,"key":"EntropicBrew"},{"floor":14,"key":"Ancient Potion"},{"floor":20,"key":"Block Potion"},{"floor":24,"key":"SneckoOil"},{"floor":31,"key":"PowerPotion"},{"floor":36,"key":"GamblersBrew"},{"floor":39,"key":"Fire Potion"},{"floor":45,"key":"DistilledChaos"}],"is_trial":false,"path_per_floor":["M","M","?","M","$","R","E","R","T","R","M","E","?","E","R","B",null,"M","$","M","M","?","R","E","$","T","E","R","M","$","E","R","B",null,"M","M","?","M","M","R","E","R","T","M","M","E","M","$","R","B",null,"R","$","E","B",null],"character_chosen":"THE_SILENT","items_purchased":["Membership Card","Accuracy","Apotheosis","Venomology","Snake Skull","Blur","Lee\u0027s Waffle","After Image","Bag of Preparation","Noxious Fumes","Strawberry","HandDrill"],"campfire_rested":6,"item_purchase_floors":[5,19,19,19,19,25,25,30,48,48,53,53],"current_hp_per_floor":[59,59,42,42,42,42,18,39,39,60,53,45,34,17,17,22,58,56,56,56,56,56,56,40,77,77,38,38,38,38,40,40,56,72,72,68,68,68,68,77,77,77,77,46,39,39,29,29,52,59,73,77,84,66,49],"gold":114,"neow_bonus":"THREE_SMALL_POTIONS","is_daily":false,"chose_seed":false,"campfire_upgraded":4,"win_rate":0.0,"timestamp":1613750934,"path_taken":["M","M","?","M","$","R","E","R","T","R","M","E","?","E","R","BOSS","M","$","M","M","?","R","E","$","T","E","R","M","$","E","R","BOSS","M","M","?","?","M","R","E","R","T","M","?","E","M","$","R","BOSS","R","$","E","BOSS"],"items_purchased_type":["Relic","Card","Card","Card","Relic","Card","Relic","Card","Relic","Card","Relic","Relic"],"build_version":"2020-12-22","purchased_purges":3,"victory":true,"max_hp_per_floor":[70,70,70,70,70,70,70,70,70,70,70,70,70,70,70,70,70,70,70,70,70,70,70,70,77,77,77,77,77,77,77,77,77,77,77,77,77,77,77,77,77,77,77,77,77,77,77,77,77,77,77,77,84,84,84],"card_choices":[{"not_picked":["Deadly Poison","Underhanded Strike"],"picked":"Blade Dance","floor":1},{"not_picked":["PiercingWail","Prepared"],"picked":"Dodge and Roll","floor":2},{"not_picked":["Outmaneuver","Flying Knee","Expertise"],"picked":"SKIP","floor":4},{"not_picked":["Slice","Caltrops","Sucker Punch"],"picked":"SKIP","floor":7},{"not_picked":["Predator","Deflect"],"picked":"Cloak And Dagger","floor":11},{"not_picked":["Deflect","Leg Sweep"],"picked":"Dodge and Roll","floor":12},{"not_picked":["Caltrops","Dagger Throw"],"picked":"Tools of the Trade","floor":14},{"not_picked":["Slice+1","Sucker Punch"],"picked":"Prepared","floor":18},{"not_picked":["Poisoned Stab","Prepared"],"picked":"Catalyst","floor":20},{"not_picked":["Skewer","Bane"],"picked":"Blade Dance+1","floor":21},{"not_picked":["Acrobatics","Slice","Underhanded Strike"],"picked":"SKIP","floor":24},{"not_picked":["Finisher","Deadly Poison","Storm of Steel"],"picked":"SKIP","floor":27},{"not_picked":["Prepared","Dagger Throw"],"picked":"Cloak And Dagger","floor":29},{"not_picked":["Backstab","Flechettes"],"picked":"Caltrops+1","floor":31},{"not_picked":["Grand Finale","Storm of Steel"],"picked":"Adrenaline","floor":33},{"not_picked":["Slice+1","Choke+1"],"picked":"Cloak And Dagger","floor":35},{"not_picked":["Riddle With Holes","Poisoned Stab+1"],"picked":"Calculated Gamble+1","floor":36},{"not_picked":["Choke","Concentrate+1","Quick Slash+1"],"picked":"SKIP","floor":39},{"not_picked":["Flying Knee+1","Bullet Time"],"picked":"Accuracy","floor":41},{"not_picked":["Deflect","Reflex+1"],"picked":"Escape Plan","floor":44},{"not_picked":["Finisher","Deadly Poison+1","Heel Hook+1"],"picked":"SKIP","floor":45},{"not_picked":["Skewer","Slice+1"],"picked":"Acrobatics+1","floor":46},{"not_picked":["PiercingWail+1","Underhanded Strike","Eviscerate+1"],"picked":"SKIP","floor":47},{"not_picked":["Choke","Distraction+1","PiercingWail"],"picked":"SKIP","floor":54}],"player_experience":448554,"relics_obtained":[{"floor":7,"key":"StrikeDummy"},{"floor":9,"key":"HornCleat"},{"floor":12,"key":"Pantograph"},{"floor":14,"key":"StoneCalendar"},{"floor":24,"key":"Ginger"},{"floor":26,"key":"Potion Belt"},{"floor":27,"key":"Lantern"},{"floor":31,"key":"Ornamental Fan"},{"floor":41,"key":"Paper Crane"},{"floor":46,"key":"Orichalcum"},{"floor":54,"key":"Shuriken"}],"event_choices":[{"damage_healed":0,"gold_gain":0,"player_choice":"Take Damage","damage_taken":17,"relics_obtained":["Golden Idol"],"max_hp_gain":0,"max_hp_loss":0,"event_name":"Golden Idol","floor":3,"gold_loss":0},{"damage_healed":0,"gold_gain":75,"player_choice":"Gather Gold","damage_taken":11,"max_hp_gain":0,"max_hp_loss":0,"event_name":"World of Goop","floor":13,"gold_loss":0},{"damage_healed":0,"gold_gain":0,"player_choice":"Ignored","damage_taken":0,"max_hp_gain":0,"max_hp_loss":0,"event_name":"Cursed Tome","floor":22,"gold_loss":0},{"damage_healed":0,"gold_gain":0,"player_choice":"1 cards matched","damage_taken":0,"max_hp_gain":0,"max_hp_loss":0,"event_name":"Match and Keep!","floor":37,"gold_loss":0,"cards_obtained":["A Thousand Cuts"]}],"is_beta":false,"boss_relics":[{"not_picked":["Velvet Choker","Busted Crown"],"picked":"Astrolabe"},{"not_picked":["HoveringKite","Snecko Eye"],"picked":"Fusion Hammer"}],"items_purged_floors":[19,48,53],"is_endless":false,"potions_floor_spawned":[1,14,20,24,31,36,39,45,47,54],"ascension_level":10}}