{"host":"lly094a91h6n5nv5","time":1613720343,"event":{"mods":["AchievementEnabler","BaseMod","Block Reminder","Colored Map","Minty Spire (QoL Compilation)","Permanent Neow"],"gold_per_floor":[109,109,120,8,27,27,54,54,54,69,69,96,47,57,57,158,158,178,198,209,308,321,321,36,62,89,115,125,125,138,167,167,272,272,288,308,318,64,75,108,108,141,168,181,181,531,531,0,0,0],"floor_reached":51,"language":"ENG","playtime":2356,"items_purged":["Defend_G","Strike_G"],"score":1318,"play_id":"fdb29427-7a16-4f43-b3f5-03fecc35166b","local_time":"20210219013903","is_ascension_mode":true,"campfire_choices":[{"data":"Crippling Poison","floor":6.0,"key":"SMITH"},{"data":"Bouncing Flask","floor":8.0,"key":"SMITH"},{"data":"Catalyst","floor":15.0,"key":"SMITH"},{"data":"Catalyst","floor":23.0,"key":"SMITH"},{"data":"Deadly Poison","floor":29.0,"key":"SMITH"},{"data":"Well Laid Plans","floor":32.0,"key":"SMITH"},{"data":"Burst","floor":41,"key":"SMITH"},{"floor":45,"key":"REST"},{"data":"Neutralize","floor":47,"key":"SMITH"},{"data":"Glass Knife","floor":49,"key":"SMITH"}],"circlet_count":0,"master_deck":["AscendersBane","Strike_G","Strike_G","Strike_G","Strike_G+1","Defend_G","Defend_G","Defend_G","Defend_G","Survivor","Neutralize+1","Bouncing Flask+1","PiercingWail","Leg Sweep+1","Crippling Poison+1","Flying Knee","Deadly Poison+1","Glass Knife+1","Backflip","Catalyst+1","Corpse Explosion","Catalyst+1","Calculated Gamble","Well Laid Plans+1","Caltrops+1","Burst+1","Deadly Poison+1","Crippling Poison+1","Acrobatics+1"],"relics":["Ring of the Snake","NeowsBlessing","Meat on the Bone","Potion Belt","Blue Candle","Philosopher\u0027s Stone","ClockworkSouvenir","Bird Faced Urn","Orichalcum","Regal Pillow","Akabeko","Runic Dome","Toxic Egg 2","Anchor","Juzu Bracelet","MealTicket","Old Coin","Red Mask"],"acts_visited":["Exordium","TheCity","TheBeyond"],"potions_floor_usage":[50],"damage_taken":[{"damage":0.0,"enemies":"Small Slimes","floor":1.0,"turns":1.0},{"damage":0.0,"enemies":"Cultist","floor":3.0,"turns":1.0},{"damage":0.0,"enemies":"Jaw Worm","floor":5.0,"turns":1.0},{"damage":29.0,"enemies":"Lagavulin","floor":7.0,"turns":8.0},{"damage":4.0,"enemies":"Exordium Wildlife","floor":10.0,"turns":4.0},{"damage":0.0,"enemies":"Gremlin Nob","floor":12.0,"turns":3.0},{"damage":1.0,"enemies":"Blue Slaver","floor":14.0,"turns":4.0},{"damage":17.0,"enemies":"The Guardian","floor":16.0,"turns":8.0},{"damage":0.0,"enemies":"3 Byrds","floor":18.0,"turns":2.0},{"damage":16.0,"enemies":"2 Thieves","floor":19.0,"turns":3.0},{"damage":0.0,"enemies":"Snake Plant","floor":20.0,"turns":2.0},{"damage":20.0,"enemies":"Cultist and Chosen","floor":22.0,"turns":5.0},{"damage":27.0,"enemies":"Slavers","floor":25.0,"turns":2.0},{"damage":7.0,"enemies":"Gremlin Leader","floor":27.0,"turns":4.0},{"damage":8.0,"enemies":"Snecko","floor":28.0,"turns":3.0},{"damage":1.0,"enemies":"Snake Plant","floor":30.0,"turns":3.0},{"damage":6.0,"enemies":"Book of Stabbing","floor":31.0,"turns":2.0},{"damage":34.0,"enemies":"Collector","floor":33.0,"turns":5.0},{"damage":2.0,"enemies":"3 Shapes","floor":35.0,"turns":4.0},{"damage":1.0,"enemies":"Orb Walker","floor":36.0,"turns":3.0},{"damage":7.0,"enemies":"Jaw Worm Horde","floor":37.0,"turns":3.0},{"damage":4,"enemies":"Transient","floor":39,"turns":5},{"damage":9,"enemies":"Giant Head","floor":40,"turns":4},{"damage":32,"enemies":"Nemesis","floor":42,"turns":5},{"damage":22,"enemies":"3 Darklings","floor":44,"turns":3},{"damage":0,"enemies":"Mind Bloom Boss Battle","floor":46,"turns":2},{"damage":116,"enemies":"Awakened One","floor":50,"turns":11}],"seed_played":"-3359737157175310512","potions_obtained":[{"floor":2.0,"key":"DuplicationPotion"},{"floor":2.0,"key":"EssenceOfSteel"},{"floor":10.0,"key":"SkillPotion"},{"floor":12.0,"key":"Energy Potion"},{"floor":18.0,"key":"Regen Potion"},{"floor":20.0,"key":"Explosive Potion"},{"floor":28.0,"key":"SteroidPotion"},{"floor":30.0,"key":"FairyPotion"},{"floor":31.0,"key":"DistilledChaos"},{"floor":35.0,"key":"Swift Potion"},{"floor":39,"key":"FairyPotion"},{"floor":40,"key":"GamblersBrew"}],"is_trial":false,"path_per_floor":["M","?","M","$","M","R","E","R","T","M","?","E","$","M","R","B",null,"M","M","M","?","M","R","$","E","T","E","M","R","M","E","R","B",null,"M","M","M","$","M","E","R","E","T","M","R","?","R","?","R","B",null],"character_chosen":"THE_SILENT","items_purchased":["Leg Sweep","Backflip","Well Laid Plans","ClockworkSouvenir","Toxic Egg 2"],"campfire_rested":1,"item_purchase_floors":[4,13,24,24,38],"current_hp_per_floor":[63,63,63,63,63,63,34,34,34,42,28,40,40,39,39,34,61,61,57,57,57,37,37,37,22,22,27,33,33,46,40,40,20,58,60,61,56,56,56,51,51,35,35,29,65,67,67,67,67,26],"gold":0,"neow_bonus":"THREE_ENEMY_KILL","is_daily":false,"chose_seed":false,"campfire_upgraded":9,"win_rate":0.0,"timestamp":1613720343,"path_taken":["M","?","M","$","?","R","E","R","T","M","?","E","$","M","R","BOSS","M","M","M","?","M","R","$","E","T","E","M","R","M","E","R","BOSS","M","M","M","$","M","E","R","E","T","M","R","?","R","?","R","BOSS"],"items_purchased_type":["Card","Card","Card","Relic","Relic"],"build_version":"2020-12-22","purchased_purges":2,"victory":true,"max_hp_per_floor":[70,70,70,70,70,70,70,70,70,70,70,70,70,70,70,70,70,70,70,70,70,70,70,70,70,70,70,70,70,70,70,70,70,70,70,70,70,70,70,70,70,70,70,70,70,70,70,70,70,70],"card_choices":[{"not_picked":["Dagger Throw","Choke"],"picked":"Bouncing Flask","floor":1.0},{"not_picked":["Slice","Dagger Throw"],"picked":"PiercingWail","floor":3.0},{"not_picked":["Dash","Crippling Poison","Deflect"],"picked":"SKIP","floor":5.0},{"not_picked":["Dash","Deflect"],"picked":"Crippling Poison","floor":5.0},{"not_picked":["Finisher","Cloak And Dagger"],"picked":"Flying Knee","floor":7.0},{"not_picked":["Phantasmal Killer","Underhanded Strike"],"picked":"Deadly Poison","floor":10.0},{"not_picked":["Backflip","PiercingWail"],"picked":"Glass Knife","floor":12.0},{"not_picked":["PiercingWail","Poisoned Stab"],"picked":"Catalyst","floor":14.0},{"not_picked":["Die Die Die","Burst"],"picked":"Corpse Explosion","floor":16.0},{"not_picked":["Underhanded Strike","Slice","Eviscerate"],"picked":"SKIP","floor":18.0},{"not_picked":["Quick Slash+1","Sucker Punch"],"picked":"Catalyst","floor":19.0},{"not_picked":["Sucker Punch+1","Underhanded Strike"],"picked":"Calculated Gamble","floor":20.0},{"not_picked":["Backflip","Eviscerate","Heel Hook+1"],"picked":"SKIP","floor":22.0},{"not_picked":["Dodge and Roll","Escape Plan","Expertise"],"picked":"SKIP","floor":25.0},{"not_picked":["Acrobatics","Dodge and Roll"],"picked":"Caltrops+1","floor":27.0},{"not_picked":["Glass Knife","Deflect","Skewer"],"picked":"SKIP","floor":28.0},{"not_picked":["Riddle With Holes","Tactician","Cloak And Dagger+1"],"picked":"SKIP","floor":30.0},{"not_picked":["Outmaneuver","Dagger Spray","Dash"],"picked":"SKIP","floor":31.0},{"not_picked":["Storm of Steel","Corpse Explosion"],"picked":"Burst","floor":33.0},{"not_picked":["All Out Attack+1","Blade Dance+1","Flying Knee+1"],"picked":"SKIP","floor":35.0},{"not_picked":["Sucker Punch","Skewer+1","Prepared+1"],"picked":"SKIP","floor":36.0},{"not_picked":["Flechettes","Outmaneuver","Quick Slash+1"],"picked":"SKIP","floor":37.0},{"not_picked":["Riddle With Holes","Cloak And Dagger+1"],"picked":"Deadly Poison+1","floor":39},{"not_picked":["Underhanded Strike","Heel Hook"],"picked":"Crippling Poison+1","floor":40},{"not_picked":["Backstab","Reflex+1","Blade Dance+1"],"picked":"SKIP","floor":42},{"not_picked":["Dagger Spray","Poisoned Stab"],"picked":"Acrobatics+1","floor":44}],"player_experience":265999,"relics_obtained":[{"floor":7.0,"key":"Meat on the Bone"},{"floor":9.0,"key":"Potion Belt"},{"floor":12.0,"key":"Blue Candle"},{"floor":25.0,"key":"Bird Faced Urn"},{"floor":26.0,"key":"Orichalcum"},{"floor":27.0,"key":"Regal Pillow"},{"floor":31.0,"key":"Akabeko"},{"floor":40,"key":"Anchor"},{"floor":42,"key":"Juzu Bracelet"},{"floor":43,"key":"MealTicket"},{"floor":46,"key":"Old Coin"}],"event_choices":[{"damage_healed":0.0,"max_hp_gain":0.0,"max_hp_loss":0.0,"gold_gain":0.0,"event_name":"Lab","player_choice":"Got Potions","floor":2.0,"gold_loss":0.0,"damage_taken":0.0},{"damage_healed":0.0,"max_hp_gain":0.0,"max_hp_loss":0.0,"gold_gain":0.0,"event_name":"Shining Light","player_choice":"Entered Light","floor":11.0,"gold_loss":0.0,"damage_taken":14.0,"cards_upgraded":["Leg Sweep","Strike_G"]},{"damage_healed":0.0,"max_hp_gain":0.0,"max_hp_loss":0.0,"gold_gain":99.0,"event_name":"Nest","player_choice":"Stole From Cult","floor":21.0,"gold_loss":0.0,"damage_taken":0.0},{"damage_healed":0,"gold_gain":0,"player_choice":"Fight","damage_taken":0,"max_hp_gain":0,"max_hp_loss":0,"event_name":"MindBloom","floor":46,"gold_loss":0},{"damage_healed":0,"gold_gain":0,"player_choice":"Paid","damage_taken":0,"relics_obtained":["Red Mask"],"max_hp_gain":0,"max_hp_loss":0,"event_name":"Tomb of Lord Red Mask","floor":48,"gold_loss":531}],"is_beta":false,"boss_relics":[{"not_picked":["Sozu","Ring of the Serpent"],"picked":"Philosopher\u0027s Stone"},{"not_picked":["Runic Pyramid","Pandora\u0027s Box"],"picked":"Runic Dome"}],"items_purged_floors":[4,24],"is_endless":false,"potions_floor_spawned":[3,5,10,12,18,20,28,30,31,35,39,40,44],"ascension_level":12}}