{"host":"i0avyit1s6jb1siw","time":1613778172,"event":{"mods":["BaseMod","DeckTracker","Dota2Spire","Minty Spire (QoL Compilation)","Quick Restart","StSLib","SuperFastMode"],"gold_per_floor":[12,12,12,29,44,44,73,73,92,145,145,145,165,165,165],"floor_reached":14,"language":"ENG","playtime":345,"items_purged":[],"score":180,"play_id":"90aec11a-6728-41d0-99df-ba75aea75a49","local_time":"20210220004252","is_ascension_mode":true,"campfire_choices":[{"data":"Skewer","floor":6.0,"key":"SMITH"},{"floor":8.0,"key":"REST"},{"floor":12.0,"key":"REST"}],"circlet_count":0,"master_deck":["AscendersBane","Strike_G","Strike_G","Strike_G","Strike_G","Defend_G","Defend_G","Defend_G","Defend_G","Defend_G","Survivor","Neutralize","Thinking Ahead","Deadly Poison","Crippling Poison","Skewer+1","Blade Dance","Tactician","Leg Sweep"],"relics":["Ring of the Snake","Kunai","Art of War","The Courier"],"acts_visited":["Exordium"],"potions_floor_usage":[14],"damage_taken":[{"damage":7.0,"enemies":"Small Slimes","floor":1.0,"turns":6.0},{"damage":0.0,"enemies":"Cultist","floor":4.0,"turns":3.0},{"damage":3.0,"enemies":"Jaw Worm","floor":5.0,"turns":5.0},{"damage":38.0,"enemies":"Lagavulin","floor":7.0,"turns":8.0},{"damage":14.0,"enemies":"Exordium Thugs","floor":9.0,"turns":5.0},{"damage":8.0,"enemies":"Exordium Wildlife","floor":13.0,"turns":6.0},{"damage":61,"enemies":"Gremlin Nob","floor":14,"turns":4}],"seed_played":"-2645281367768041982","potions_obtained":[{"floor":4.0,"key":"Ancient Potion"},{"floor":7.0,"key":"ColorlessPotion"}],"is_trial":false,"path_per_floor":["M","?","$","M","M","R","E","R","M","T","T","R","M","E"],"character_chosen":"THE_SILENT","items_purchased":[],"campfire_rested":2,"item_purchase_floors":[],"current_hp_per_floor":[52,52,52,52,49,49,11,30,16,16,16,35,27,0,0],"gold":165,"neow_bonus":"RANDOM_COLORLESS_2","is_daily":false,"chose_seed":false,"campfire_upgraded":1,"win_rate":0.0,"timestamp":1613778172,"path_taken":["M","?","?","M","M","R","E","R","M","T","T","R","M","E"],"items_purchased_type":[],"build_version":"2020-12-22","purchased_purges":0,"victory":false,"max_hp_per_floor":[66,66,66,66,66,66,66,66,66,66,66,66,66,66,66],"card_choices":[{"not_picked":["Metamorphosis","Transmutation"],"picked":"Thinking Ahead","floor":0.0},{"not_picked":["Sucker Punch","Reflex"],"picked":"Deadly Poison","floor":1.0},{"not_picked":["Dagger Throw","PiercingWail"],"picked":"Crippling Poison","floor":4.0},{"not_picked":["Acrobatics","Leg Sweep"],"picked":"Skewer","floor":5.0},{"not_picked":["Prepared","Venomology"],"picked":"Blade Dance","floor":7.0},{"not_picked":["Underhanded Strike","Flechettes"],"picked":"Tactician","floor":9.0},{"not_picked":["Choke","Footwork"],"picked":"Leg Sweep","floor":13.0}],"player_experience":2474478,"relics_obtained":[{"floor":7.0,"key":"Kunai"},{"floor":10.0,"key":"Art of War"},{"floor":11.0,"key":"The Courier"}],"event_choices":[{"cards_removed":["Strike_G"],"damage_healed":0.0,"max_hp_gain":0.0,"max_hp_loss":0.0,"gold_gain":0.0,"event_name":"Wheel of Change","player_choice":"Card Removal","floor":2.0,"gold_loss":0.0,"damage_taken":0.0}],"is_beta":false,"boss_relics":[],"items_purged_floors":[],"is_endless":false,"potions_floor_spawned":[4,7],"killed_by":"Gremlin Nob","ascension_level":20}}