{"host":"uhnh33uh34qot0et","time":1613770954,"event":{"mods":["Act Like it!","BaseMod","Colored Map","Downfall","GungeonMod","Hallownest","Hermit","Marisa????????","Minty Spire (QoL Compilation)","Relic Stats","Replay The Spire","Ruina","StSLib","The Bug Knight","The Construct","The Cursed","The Hierophant","The Marked","The Servant 0.9.4"],"gold_per_floor":[99,125,125,138,138,38,62,62,82,82,82,102,2,13,27,125,125,125,142,142,142],"floor_reached":20,"language":"ENG","playtime":716,"items_purged":[],"score":262,"play_id":"175e3f29-9b95-42dd-ab87-98a3bd04cdab","local_time":"20210219224234","is_ascension_mode":false,"campfire_choices":[{"floor":1,"key":"RECALL"},{"data":"hierophant:Zeal","floor":6,"key":"SMITH"},{"data":"hierophant:Zeal","floor":8,"key":"SMITH"},{"data":"hierophant:ThreeLashes","floor":11,"key":"SMITH"},{"data":"hierophant:TollTheBells","floor":13,"key":"SMITH"},{"data":"hierophant:Zeal","floor":18,"key":"SMITH"},{"data":"hierophant:FlamingChariot","floor":18,"key":"SMITH"}],"circlet_count":0,"master_deck":["hierophant:Strike_Hierophant","hierophant:Strike_Hierophant","hierophant:Strike_Hierophant","hierophant:Strike_Hierophant","hierophant:Punish","hierophant:Defend_Hierophant+1","hierophant:Defend_Hierophant","hierophant:Defend_Hierophant+1","hierophant:Defend_Hierophant","hierophant:ChurchCoffers","hierophant:FlamingChariot+1","Looming Evil","hierophant:Glossolalia+1","hierophant:Zeal+1","hierophant:Zeal+1","downfall:Malfunctioning","hierophant:ThreeLashes+1","hierophant:TollTheBells+1","hierophant:Zeal+1","hierophant:Anathema","Delirium","Shame","Languid","hierophant:ThreeLashes"],"relics":["Busted Crown","ReplayTheSpireMod:CursedCoin","downfall:BrokenWingStatue","downfall:HeartBlessingRed","downfall:HeartBlessingBlue","Replay:Ancient Bell","HollowMod:PaleOreRelic","Matryoshka","Replay:Arrowhead"],"acts_visited":["Exordium","Exordium"],"potions_floor_usage":[14,16],"damage_taken":[{"damage":0,"enemies":"downfall:FleeingMerchant","floor":2,"turns":4},{"damage":4,"enemies":"Cultist","floor":4,"turns":4},{"damage":11,"enemies":"2 Louse","floor":9,"turns":2},{"damage":0,"enemies":"Jaw Worm","floor":12,"turns":3},{"damage":21,"enemies":"Exordium Wildlife","floor":14,"turns":4},{"damage":0,"enemies":"3 Louse","floor":15,"turns":2},{"damage":41,"enemies":"DF_ARCHETYPE_STREAMLINE","floor":16,"turns":8},{"damage":55,"enemies":"ruina:Nosferatu","floor":19,"turns":7},{"damage":36,"enemies":"ruina:BadWolf","floor":20,"turns":4}],"seed_played":"1158564842625176019","potions_obtained":[{"floor":9,"key":"ColorlessPotion"},{"floor":14,"key":"sneckomod:MuddlingPotion"}],"is_trial":false,"path_per_floor":["R","$","?","M","?","R","T","R","M","?","R","M","R","M","M","B",null,"R","M","M"],"character_chosen":"HIEROPHANT","items_purchased":["ReplayTheSpireMod:CursedCoin","hierophant:Glossolalia","hierophant:Zeal"],"campfire_rested":0,"item_purchase_floors":[2,2,2],"current_hp_per_floor":[75,75,75,71,71,71,71,71,60,60,60,60,70,49,49,8,85,85,30,0,0],"gold":142,"neow_bonus":"BOSS_RELIC","is_daily":false,"chose_seed":false,"campfire_upgraded":6,"win_rate":0.0,"timestamp":1613770954,"path_taken":["R","?","?","?","?","R","T","R","M","?","R","M","R","?","M","BOSS","R","M","M"],"items_purchased_type":["Relic","Card","Card"],"build_version":"2020-12-22","purchased_purges":0,"victory":false,"max_hp_per_floor":[75,75,75,75,75,75,75,75,75,75,75,75,85,85,85,85,85,85,85,85,85],"relic_stats":{"Busted Crown":28,"counters":[9,38],"obtain_stats":[{"Busted Crown":0,"downfall:BrokenWingStatue":5,"Matryoshka":17,"downfall:HeartBlessingRed":6,"ReplayTheSpireMod:CursedCoin":2,"downfall:HeartBlessingBlue":13,"hierophant:PropheticMaskRelic":0,"DemoMod:GlassGuonStoneRelic":4,"Replay:Ancient Bell":17,"HollowMod:PaleOreRelic":17,"Replay:Arrowhead":17},{"Busted Crown":0,"downfall:BrokenWingStatue":2,"Matryoshka":7,"downfall:HeartBlessingRed":2,"ReplayTheSpireMod:CursedCoin":1,"downfall:HeartBlessingBlue":4,"hierophant:PropheticMaskRelic":0,"DemoMod:GlassGuonStoneRelic":2,"Replay:Ancient Bell":7,"HollowMod:PaleOreRelic":7,"Replay:Arrowhead":7},{"Busted Crown":0,"downfall:BrokenWingStatue":8,"Matryoshka":27,"downfall:HeartBlessingRed":8,"ReplayTheSpireMod:CursedCoin":4,"downfall:HeartBlessingBlue":13,"hierophant:PropheticMaskRelic":0,"DemoMod:GlassGuonStoneRelic":8,"Replay:Ancient Bell":27,"HollowMod:PaleOreRelic":27,"Replay:Arrowhead":27}]},"card_choices":[{"not_picked":[],"picked":"hierophant:FlamingChariot","floor":2},{"not_picked":[],"picked":"hierophant:ThreeLashes","floor":4},{"not_picked":["hierophant:Remorse"],"picked":"SKIP","floor":9},{"not_picked":[],"picked":"hierophant:TollTheBells","floor":12},{"not_picked":["hierophant:AuricBeam"],"picked":"SKIP","floor":14},{"not_picked":[],"picked":"hierophant:Zeal","floor":15},{"not_picked":[],"picked":"hierophant:Anathema","floor":16},{"not_picked":[],"picked":"Delirium","floor":17},{"not_picked":[],"picked":"Shame","floor":17},{"not_picked":[],"picked":"Languid","floor":17},{"not_picked":[],"picked":"hierophant:ThreeLashes","floor":19}],"player_experience":49137,"relics_obtained":[],"event_choices":[{"damage_healed":0,"gold_gain":0,"player_choice":"Ignored","damage_taken":0,"max_hp_gain":0,"max_hp_loss":0,"event_name":"NoteForYourself","floor":10,"gold_loss":0}],"is_beta":false,"boss_relics":[{"not_picked":["Replay:Wanted Poster","construct:ClawGrip"],"picked":"Replay:Ancient Bell"},{"not_picked":["Slimebound:StickyStick","Tiny Chest"],"picked":"HollowMod:PaleOreRelic"},{"not_picked":["DemoMod:MemoryAlloy","Mercury Hourglass"],"picked":"Matryoshka"},{"not_picked":["construct:RocketBooster","Counterbalance"],"picked":"Replay:Arrowhead"}],"items_purged_floors":[],"is_endless":false,"potions_floor_spawned":[9,14],"killed_by":"ruina:BadWolf","ascension_level":0}}