{"host":"yvsfsto0agm53yt2","time":1613729446,"event":{"mods":["AchievementEnabler","Aspiration","BaseMod","Bestiary","Ironclad Rager","Minty Spire (QoL Compilation)","Practice Mode","Rare Cards Sparkle","Relic Stats","Replay The Spire","Spicy Shops","Spire Arcade","StSLib","everything is the same but u backflip on backflip"],"gold_per_floor":[111,124,46,46,56,56,56,89,113,113,143,143,158,189,189,265,265,280,54,70,126,126,126,126],"floor_reached":23,"language":"ENG","playtime":774,"items_purged":[],"score":406,"play_id":"1e65d088-edb9-4177-8e99-4590c4bd3599","local_time":"20210219201046","is_ascension_mode":true,"campfire_choices":[{"data":"Hologram","floor":7,"key":"SMITH"},{"floor":12,"key":"REST"},{"data":"aspiration:Polymerization","floor":15,"key":"SMITH"}],"circlet_count":0,"master_deck":["AscendersBane","Strike_B","Strike_B","Strike_B+1","Defend_B+1","Defend_B","Defend_B","Defend_B+1","Zap","Dualcast","ICR:Dodge+1","ICR:AutoDefend","ReplayTheSpireMod:Omega Cannon+1","Lockon","Hologram+1","Conserve Battery","aspiration:Polymerization+1","ReplayTheSpireMod:Calculation Training","Coolheaded","Compile Driver","Electrodynamics","Self Repair","Loop","Darkness"],"relics":["Cracked Core","Orichalcum","aspiration:FetidBarrel","War Paint","Onion Ring","Girya","Replay:Bronze Core","DataDisk"],"acts_visited":["Exordium","TheCity"],"potions_floor_usage":[11,21,21,23,23],"damage_taken":[{"damage":7,"enemies":"Jaw Worm","floor":1,"turns":2},{"damage":0,"enemies":"2 Louse","floor":2,"turns":1},{"damage":0,"enemies":"Small Slimes","floor":5,"turns":1},{"damage":17,"enemies":"3 Sentries","floor":8,"turns":5},{"damage":0,"enemies":"Gremlin Nob","floor":11,"turns":3},{"damage":0,"enemies":"Exordium Wildlife","floor":13,"turns":3},{"damage":13,"enemies":"Lagavulin","floor":14,"turns":7},{"damage":12,"enemies":"The Guardian","floor":16,"turns":12},{"damage":18,"enemies":"Shell Parasite","floor":18,"turns":5},{"damage":1,"enemies":"Chosen","floor":20,"turns":3},{"damage":8,"enemies":"Book of Stabbing","floor":23,"turns":6}],"seed_played":"3282908396251595620","potions_obtained":[{"floor":2,"key":"BlessingOfTheForge"},{"floor":5,"key":"Reflective Coating"},{"floor":13,"key":"Dexterity Potion"},{"floor":21,"key":"EntropicBrew"}],"is_trial":false,"path_per_floor":["M","M","$","?","M","?","R","E","T","?","E","R","M","E","R","B",null,"M","$","M","?","?","E"],"character_chosen":"DEFECT","items_purchased":["Orichalcum","Loop","DataDisk"],"campfire_rested":1,"item_purchase_floors":[3,19,19],"current_hp_per_floor":[57,57,57,36,36,36,36,19,19,12,12,33,33,20,20,8,55,37,37,36,8,8,0,0],"gold":126,"neow_bonus":"THREE_RARE_CARDS","is_daily":false,"chose_seed":false,"campfire_upgraded":2,"win_rate":0.0,"timestamp":1613729446,"path_taken":["M","M","$","?","M","?","R","E","T","?","E","R","M","E","R","BOSS","M","$","M","?","?","E"],"items_purchased_type":["Relic","Card","Relic"],"build_version":"2020-12-22","purchased_purges":0,"victory":false,"max_hp_per_floor":[71,71,71,71,71,71,71,71,71,71,71,71,71,71,71,71,71,71,71,71,71,71,71,71],"relic_stats":{"counters":[11,48],"Orichalcum":[66],"War Paint":["ICR:Dodge","Defend_B"],"obtain_stats":[{"Girya":14,"DataDisk":19,"aspiration:FetidBarrel":8,"Replay:Bronze Core":17,"Onion Ring":11,"Orichalcum":3,"War Paint":9,"Cracked Core":0},{"Girya":7,"DataDisk":9,"aspiration:FetidBarrel":4,"Replay:Bronze Core":8,"Onion Ring":5,"Orichalcum":2,"War Paint":4,"Cracked Core":0},{"Girya":22,"DataDisk":39,"aspiration:FetidBarrel":9,"Replay:Bronze Core":34,"Onion Ring":12,"Orichalcum":3,"War Paint":9,"Cracked Core":0}]},"card_choices":[{"not_picked":["Meteor Strike","Machine Learning"],"picked":"ReplayTheSpireMod:Omega Cannon","floor":0},{"not_picked":["Turbo","Redo"],"picked":"Lockon","floor":1},{"not_picked":["Leap","Sunder"],"picked":"Hologram","floor":2},{"not_picked":["Storm","Recycle"],"picked":"Conserve Battery","floor":5},{"not_picked":["Static Discharge","Crystallizer"],"picked":"aspiration:Polymerization","floor":8},{"not_picked":["Electrodynamics","Gash"],"picked":"ReplayTheSpireMod:Calculation Training","floor":11},{"not_picked":["Hologram","Gash"],"picked":"Coolheaded","floor":13},{"not_picked":["Lockon","Aggregate"],"picked":"Compile Driver","floor":14},{"not_picked":["Machine Learning","Creative AI"],"picked":"Electrodynamics","floor":16},{"not_picked":["Time Bomb","Panic Button"],"picked":"Self Repair","floor":18},{"not_picked":["ReplaySort","ReplayTheSpireMod:Reroute Power"],"picked":"Darkness","floor":20}],"player_experience":359808,"relics_obtained":[{"floor":8,"key":"aspiration:FetidBarrel"},{"floor":9,"key":"War Paint"},{"floor":11,"key":"Onion Ring"},{"floor":14,"key":"Girya"}],"event_choices":[{"damage_healed":0,"gold_gain":0,"player_choice":"Entered Light","damage_taken":21,"max_hp_gain":0,"max_hp_loss":0,"event_name":"Shining Light","floor":4,"gold_loss":0,"cards_upgraded":["Defend_B","Strike_B"]},{"damage_healed":0,"gold_gain":0,"player_choice":"Grow","damage_taken":0,"max_hp_gain":0,"max_hp_loss":0,"event_name":"Living Wall","floor":6,"gold_loss":0,"cards_upgraded":["ReplayTheSpireMod:Omega Cannon"]},{"cards_removed":["Strike_B"],"damage_healed":0,"gold_gain":0,"player_choice":"Card Removal","damage_taken":7,"max_hp_gain":0,"max_hp_loss":0,"event_name":"Golden Wing","floor":10,"gold_loss":0}],"is_beta":false,"boss_relics":[{"not_picked":["Coffee Dripper","Tiny House"],"picked":"Replay:Bronze Core"}],"items_purged_floors":[],"is_endless":false,"potions_floor_spawned":[2,5,13,14,18],"killed_by":"Book of Stabbing","ascension_level":15}}