{"host":"Koishi","time":1613742582,"event":{"mods":["2.2 Compatiblity","AchievementEnabler","Act Like it!","BaseMod","Better Match","Better Note","Better Sensory Stone","Better Third Choice","Colored Powertips","Gensokyo","Good Game Mod","Hermit","Koishi","Lobotomy","LobotomyExtend","Marisa（霧雨　魔理沙）","Minty Spire (QoL Compilation)","Monster B Gone","Quick Restart","Rare Cards Sparkle","Reimu（博??梦）","Relic Filter Mod","Relic Stats","Ruina","Spicy Shops","StSLib","The Construct"],"gold_per_floor":[117,130,130,148,148,181,181,209,209,209,209,209],"floor_reached":11,"language":"ENG","playtime":457,"items_purged":[],"score":84,"play_id":"40830de5-0de2-4b29-a5fb-debffe23e487","local_time":"20210219084942","is_ascension_mode":true,"campfire_choices":[{"data":"hermit:Roughhouse","floor":7,"key":"SMITH"}],"circlet_count":0,"master_deck":["hermit:Strike_Hermit","hermit:Strike_Hermit","hermit:Strike_Hermit","hermit:Strike_Hermit","hermit:Defend_Hermit","hermit:Defend_Hermit","hermit:Defend_Hermit","hermit:Defend_Hermit","hermit:Snapshot+1","hermit:Covet","Gensokyo:MorningStar","hermit:GhostlyPresence","FieryBird","hermit:Roughhouse+1","CENSORED","hermit:TakeAim","Injury","hermit:FlashPowder+1","UniverseFragment","GreedKing"],"relics":["hermit:Momento","REME:ComplimentaryCards","CogitoBucket","LetterFromLob","Tea:ReiMu","Letter Opener","Bottled Flame","CrazyTorch:ReiMu","Moonlight_r","MagicBullet_r","Gaze_r"],"acts_visited":["Gensokyo:Gensokyo"],"potions_floor_usage":[],"damage_taken":[{"damage":0,"enemies":"Gensokyo:2_Kodama","floor":1,"turns":3},{"damage":0,"enemies":"Gensokyo:3_Fairies","floor":2,"turns":3},{"damage":4,"enemies":"Gensokyo:Python","floor":4,"turns":3},{"damage":14,"enemies":"Gensokyo:Aya","floor":6,"turns":8},{"damage":34,"enemies":"Gensokyo:Cirno","floor":8,"turns":6},{"damage":10,"enemies":"Gensokyo:Kitsune","floor":10,"turns":3},{"damage":27,"enemies":"Gensokyo:Aya","floor":11,"turns":5}],"seed_played":"-7181636817436057646","potions_obtained":[{"floor":2,"key":"Ancient Potion"},{"floor":4,"key":"LiquidBronze"}],"is_trial":false,"path_per_floor":["M","M","?","M","?","E","R","E","T","M","E"],"character_chosen":"HERMIT","items_purchased":[],"campfire_rested":0,"item_purchase_floors":[],"current_hp_per_floor":[75,75,75,75,75,75,75,64,64,14,0,0],"gold":209,"neow_bonus":"","is_daily":false,"chose_seed":false,"campfire_upgraded":1,"win_rate":0.0,"timestamp":1613742582,"path_taken":["M","M","?","M","?","E","R","E","T","M","E"],"items_purchased_type":[],"build_version":"2020-12-18","purchased_purges":0,"victory":false,"max_hp_per_floor":[75,75,75,75,75,75,75,75,75,75,75,75],"relic_stats":{"counters":[7,31],"Letter Opener":[10],"obtain_stats":[{"Moonlight_r":10,"REME:ComplimentaryCards":0,"CogitoBucket":0,"Bottled Flame":8,"MagicBullet_r":10,"Tea:ReiMu":5,"CrazyTorch:ReiMu":9,"LetterFromLob":1,"Letter Opener":6,"hermit:Momento":0,"Gaze_r":10},{"Moonlight_r":5,"REME:ComplimentaryCards":0,"CogitoBucket":0,"Bottled Flame":5,"MagicBullet_r":5,"Tea:ReiMu":3,"CrazyTorch:ReiMu":5,"LetterFromLob":1,"Letter Opener":4,"hermit:Momento":0,"Gaze_r":6},{"Moonlight_r":23,"REME:ComplimentaryCards":0,"CogitoBucket":0,"Bottled Flame":23,"MagicBullet_r":23,"Tea:ReiMu":9,"CrazyTorch:ReiMu":23,"LetterFromLob":3,"Letter Opener":17,"hermit:Momento":0,"Gaze_r":26}]},"card_choices":[{"not_picked":["hermit:HighCaliber","hermit:Dive"],"picked":"hermit:GhostlyPresence","floor":1},{"not_picked":["CrumblingArmor","VoidDream","HeroicMonk"],"picked":"Singing Bowl","floor":1},{"not_picked":["UniverseFragment","Murderer"],"picked":"FieryBird","floor":1},{"not_picked":["hermit:Brawl","hermit:SprayPray"],"picked":"hermit:Roughhouse","floor":2},{"not_picked":["Murderer","NakedNest"],"picked":"CENSORED","floor":2},{"not_picked":["hermit:Snipe","hermit:Ricochet"],"picked":"hermit:TakeAim","floor":4},{"not_picked":["RedShoes","SpiderBud","GalaxyChild"],"picked":"Singing Bowl","floor":4},{"not_picked":["hermit:Enervate","hermit:HoleUp"],"picked":"hermit:FlashPowder","floor":6},{"not_picked":["OldLady","Porccubus"],"picked":"UniverseFragment","floor":6},{"not_picked":["Laetitia","CrumblingArmor"],"picked":"GreedKing","floor":8},{"not_picked":["hermit:TakeCover","hermit:HighCaliber","hermit:BlackWind"],"picked":"SKIP","floor":8}],"player_experience":234188,"relics_obtained":[{"floor":1,"key":"LetterFromLob"},{"floor":6,"key":"Letter Opener"},{"floor":8,"key":"Bottled Flame"},{"floor":9,"key":"CrazyTorch:ReiMu"}],"event_choices":[],"is_beta":true,"boss_relics":[],"items_purged_floors":[],"is_endless":false,"potions_floor_spawned":[2,4,10],"killed_by":"Gensokyo:Aya","ascension_level":1}}