{"host":"etdvqcaukayomjhd","time":1613701244,"event":{"mods":["AchievementEnabler","Act Like it!","BaseMod","BetterRewards","Colored Powertips","Hermit","Infinite Spire","Minty Spire (QoL Compilation)","Quick Restart","Replay The Spire","Spicy Shops","StSLib","The Animator","Waifu the Spire"],"gold_per_floor":[112,112,112,128,141,141,159,159,159,179,190,224,3,31,31,133,133,146,146,146,158,58,88,88,104,131,156,168,168,168,196,196,301,301,320,148,0,17,17,17,47,67,67,67,99,114,129,164,164,164,164,164,15,47,152],"floor_reached":56,"language":"ENG","playtime":3034,"items_purged":["Regret","Strike_G"],"score":2023,"play_id":"7d5b7692-8436-4f2a-998c-38e8ccc856e4","local_time":"20210219032044","is_ascension_mode":true,"campfire_choices":[{"floor":6.0,"key":"REST"},{"floor":8.0,"key":"REST"},{"data":"Replay:Dark Deal","floor":15.0,"key":"SMITH"},{"data":"Accuracy","floor":24.0,"key":"SMITH"},{"floor":30.0,"key":"RECALL"},{"data":"Night Terror","floor":32.0,"key":"SMITH"},{"data":"Cloak And Dagger","floor":40.0,"key":"SMITH"},{"data":"Replay:BasicMightCard","floor":44,"key":"SMITH"},{"floor":49,"key":"DIG"},{"floor":52,"key":"DIG"}],"circlet_count":0,"master_deck":["Strike_G","Strike_G","Strike_G","Strike_G+1","Defend_G","Defend_G","Defend_G","Defend_G","Defend_G","Survivor","Neutralize","Caltrops+1","Replay:Dark Deal+1","Prepared+1","Night Terror+1","Night Terror","Backstab","Blade Dance","Deflect","Accuracy+1","Prepared","Hidden Blade","Blade Dance","Blade Dance","Well Laid Plans","Hidden Blade","Burst","Terror","Cloak And Dagger+1","Concentrate","Replay:Bag of Tricks","Replay:BasicMightCard+1","infinitespire:Gouge+1","Outmaneuver+1","Outmaneuver+1","ReplayTheSpireMod:Scrap Shanks+1","Terror+1","Finisher+1","Envenom"],"relics":["Ring of the Snake","TwistedFunnel","Mummified Hand","Bottled Lightning","Regal Pillow","Thread and Needle","PreservedInsect","ReplayTheSpireMod:Shallot","Pondfish Scales","Kunai","Replay:Bronze Core","Strawberry","Omamori","Art of War","WristBlade","Bird Faced Urn","Calling Bell","MealTicket","Molten Egg 2","Byrd Skull","Replay:Wax Seal","Red Mask","Blood Vial","infinitespire:Eraser","Shovel","Pen Nib","Centennial Puzzle","White Beast Statue","Membership Card","Boot"],"acts_visited":["Exordium","TheCity","TheBeyond","TheEnding"],"potions_floor_usage":[],"damage_taken":[{"damage":4.0,"enemies":"Jaw Worm","floor":1.0,"turns":2.0},{"damage":3.0,"enemies":"2 Louse","floor":4.0,"turns":3.0},{"damage":3.0,"enemies":"Cultist","floor":5.0,"turns":3.0},{"damage":1.0,"enemies":"Red Slaver","floor":7.0,"turns":3.0},{"damage":1.0,"enemies":"Blue Slaver","floor":10.0,"turns":2.0},{"damage":0.0,"enemies":"Exordium Thugs","floor":11.0,"turns":1.0},{"damage":1.0,"enemies":"Lagavulin","floor":12.0,"turns":4.0},{"damage":1.0,"enemies":"3 Sentries","floor":14.0,"turns":4.0},{"damage":9.0,"enemies":"The Guardian","floor":16.0,"turns":5.0},{"damage":0.0,"enemies":"Spheric Guardian","floor":18.0,"turns":3.0},{"damage":0.0,"enemies":"2 Thieves","floor":21.0,"turns":2.0},{"damage":0.0,"enemies":"Gremlin Leader","floor":23.0,"turns":6.0},{"damage":0.0,"enemies":"Shelled Parasite and Fungi","floor":25.0,"turns":2.0},{"damage":0.0,"enemies":"Slavers","floor":27.0,"turns":5.0},{"damage":1.0,"enemies":"Snake Plant","floor":28.0,"turns":3.0},{"damage":0.0,"enemies":"Book of Stabbing","floor":31.0,"turns":1.0},{"damage":0.0,"enemies":"Champ","floor":33.0,"turns":4.0},{"damage":0.0,"enemies":"3 Darklings","floor":35.0,"turns":2.0},{"damage":0.0,"enemies":"Orb Walker","floor":38.0,"turns":2.0},{"damage":0,"enemies":"Nightmare","floor":41,"turns":4},{"damage":0,"enemies":"Sphere and 2 Shapes","floor":42,"turns":3},{"damage":0,"enemies":"R_Hoarder","floor":45,"turns":3},{"damage":0,"enemies":"Writhing Mass","floor":46,"turns":1},{"damage":0,"enemies":"4 Shapes","floor":47,"turns":3},{"damage":0,"enemies":"Reptomancer","floor":48,"turns":3},{"damage":49,"enemies":"infinitespire:MassOfShapes","floor":50,"turns":9},{"damage":1,"enemies":"Shield and Spear","floor":54,"turns":3},{"damage":56,"enemies":"The Heart","floor":55,"turns":5}],"seed_played":"-962366551152063008","potions_obtained":[{"floor":4.0,"key":"Languid Potion"},{"floor":11.0,"key":"Venom Potion"},{"floor":16.0,"key":"Weak Potion"},{"floor":31.0,"key":"Strength Potion"},{"floor":42,"key":"Strength Potion"},{"floor":54,"key":"SteroidPotion"}],"is_trial":false,"path_per_floor":["M","?","?","M","M","R","M","R","T","M","M","E","$","E","R","B",null,"M","?","T","M","$","E","R","M","T","E","M","AVR","R","E","R","B",null,"M","$","?","M","?","R","NM","M","T","R","E","M","M","E","R","B",null,"R","$","E","B",null],"character_chosen":"THE_SILENT","items_purchased":["Caltrops+1","Replay:Dark Deal","TwistedFunnel","Prepared","Mummified Hand","Night Terror","Bottled Lightning","Regal Pillow","Backstab","Blade Dance","Pondfish Scales","Replay:Wax Seal","Cloak And Dagger","Membership Card"],"campfire_rested":2,"item_purchase_floors":[0,0,0,0,0,0,0,0,0,13,13,36,36,53],"current_hp_per_floor":[24,24,10,7,4,40,39,70,70,69,69,68,68,67,67,58,70,70,70,70,70,70,77,77,77,77,77,76,76,76,76,76,77,77,77,77,77,77,77,77,77,77,77,77,77,77,77,77,77,38,77,77,77,77,28],"gold":152,"neow_bonus":"","is_daily":false,"chose_seed":false,"campfire_upgraded":5,"win_rate":0.0,"timestamp":1613701244,"path_taken":["M","?","?","M","M","R","M","R","T","M","M","E","$","E","R","BOSS","M","?","?","M","$","E","R","M","T","E","M","AVR","R","E","R","BOSS","M","?","?","?","?","R","NM","M","T","R","E","?","M","E","R","BOSS","R","$","E","BOSS"],"items_purchased_type":["Card","Card","Relic","Card","Relic","Card","Relic","Relic","Card","Card","Relic","Relic","Card","Relic"],"build_version":"2020-12-22","purchased_purges":2,"victory":true,"max_hp_per_floor":[70,70,70,70,70,70,70,70,70,70,70,70,70,70,70,70,70,70,70,70,70,70,77,77,77,77,77,77,77,77,77,77,77,77,77,77,77,77,77,77,77,77,77,77,77,77,77,77,77,77,77,77,77,77,77],"card_choices":[{"not_picked":["Prepared","Quick Slash"],"picked":"Blade Dance","floor":1.0},{"not_picked":["Expertise","ReplayTheSpireMod:The Works"],"picked":"Deflect","floor":4.0},{"not_picked":["Backflip","ReplayTheSpireMod:Exploit Weakness"],"picked":"Accuracy","floor":5.0},{"not_picked":["Prepared","Poisoned Stab","Fluid Movement"],"picked":"SKIP","floor":7.0},{"not_picked":["Poisoned Stab","Fluid Movement"],"picked":"Prepared","floor":7.0},{"not_picked":["Backflip","Crippling Poison"],"picked":"Hidden Blade","floor":10.0},{"not_picked":["Acrobatics","Dash","Deflect"],"picked":"SKIP","floor":11.0},{"not_picked":["Replay:Poison Smokescreen","Bane","ReplayTheSpireMod:Scrap Shanks"],"picked":"SKIP","floor":12.0},{"not_picked":["Crippling Poison","Catalyst"],"picked":"Blade Dance","floor":14.0},{"not_picked":["Dagger Spray","Backflip"],"picked":"Well Laid Plans","floor":18.0},{"not_picked":["Quick Slash+1","ReplayTheSpireMod:Tripwire","Footwork+1"],"picked":"SKIP","floor":21.0},{"not_picked":["Leg Sweep","Night Terror","Dodge and Roll"],"picked":"SKIP","floor":23.0},{"not_picked":["Poisoned Stab+1","Quick Slash"],"picked":"Hidden Blade","floor":25.0},{"not_picked":["Dagger Throw","Flechettes+1","Quick Slash"],"picked":"SKIP","floor":27.0},{"not_picked":["Venomology","Deadly Poison","All Out Attack"],"picked":"SKIP","floor":28.0},{"not_picked":["Toxin Wave","Quick Slash","Dagger Spray"],"picked":"SKIP","floor":31.0},{"not_picked":["Malaise","Grand Finale"],"picked":"Burst","floor":33.0},{"not_picked":["Bouncing Flask+1","PiercingWail+1"],"picked":"Terror","floor":35.0},{"not_picked":["Crippling Poison+1","Dagger Throw+1","Backflip+1"],"picked":"SKIP","floor":38.0},{"not_picked":["infinitespire:Oblivion","infinitespire:DeathsTouch"],"picked":"infinitespire:Gouge","floor":41},{"not_picked":["Poisoned Stab+1","Caltrops+1"],"picked":"Outmaneuver+1","floor":41},{"not_picked":["Bane+1","Deflect+1","Leg Sweep"],"picked":"SKIP","floor":42},{"not_picked":["Underhanded Strike+1","Flying Knee+1"],"picked":"Outmaneuver+1","floor":45},{"not_picked":["Bouncing Flask+1","Prepared"],"picked":"ReplayTheSpireMod:Scrap Shanks+1","floor":46},{"not_picked":["Deflect","Blur+1","Deadly Poison"],"picked":"SKIP","floor":47},{"not_picked":["A Thousand Cuts","Underhanded Strike+1"],"picked":"Terror+1","floor":48},{"not_picked":["Blade Dance","Backflip+1"],"picked":"Finisher+1","floor":54},{"not_picked":["Atom Bomb+1","Die Die Die+1"],"picked":"Envenom","floor":55}],"player_experience":387451,"relics_obtained":[{"floor":9.0,"key":"PreservedInsect"},{"floor":12.0,"key":"ReplayTheSpireMod:Shallot"},{"floor":14.0,"key":"Kunai"},{"floor":23.0,"key":"Strawberry"},{"floor":26.0,"key":"Omamori"},{"floor":27.0,"key":"Art of War"},{"floor":31.0,"key":"Bird Faced Urn"},{"floor":34.0,"key":"MealTicket"},{"floor":34.0,"key":"Molten Egg 2"},{"floor":34.0,"key":"Byrd Skull"},{"floor":41,"key":"Blood Vial"},{"floor":43,"key":"infinitespire:Eraser"},{"floor":45,"key":"Shovel"},{"floor":48,"key":"Pen Nib"},{"floor":49,"key":"Centennial Puzzle"},{"floor":52,"key":"White Beast Statue"},{"floor":54,"key":"Boot"}],"event_choices":[{"damage_healed":0.0,"max_hp_gain":0.0,"max_hp_loss":0.0,"gold_gain":0.0,"event_name":"Big Fish","player_choice":"Box","floor":2.0,"gold_loss":0.0,"damage_taken":0.0,"relics_obtained":["Thread and Needle"],"cards_obtained":["Regret"]},{"damage_healed":0.0,"max_hp_gain":0.0,"max_hp_loss":0.0,"gold_gain":0.0,"event_name":"Shining Light","player_choice":"Entered Light","floor":3.0,"gold_loss":0.0,"damage_taken":14.0,"cards_upgraded":["Prepared","Strike_G"]},{"damage_healed":0.0,"max_hp_gain":0.0,"max_hp_loss":0.0,"gold_gain":0.0,"event_name":"Tomb of Lord Red Mask","player_choice":"Paid","floor":37.0,"gold_loss":148.0,"damage_taken":0.0,"relics_obtained":["Red Mask"]},{"damage_healed":0.0,"max_hp_gain":0.0,"max_hp_loss":0.0,"gold_gain":0.0,"event_name":"Match and Keep!","player_choice":"3 cards matched","floor":39.0,"gold_loss":0.0,"damage_taken":0.0,"cards_obtained":["Concentrate","Replay:Bag of Tricks","Replay:BasicMightCard"]}],"is_beta":false,"boss_relics":[{"not_picked":["Ectoplasm","Kintsugi"],"picked":"Replay:Bronze Core"},{"not_picked":["Replay:Grab Bag","Sozu"],"picked":"Calling Bell"}],"items_purged_floors":[13,22],"is_endless":true,"potions_floor_spawned":[4,11,14,16,18,23,31,42,45,46,54,55],"ascension_level":3}}