{"host":"2l5k2wp87eek7qja","time":1613776911,"event":{"mods":["BaseMod","Colored Map","Minty Spire (QoL Compilation)","Relic Stats"],"gold_per_floor":[111,130,55,67,83,116,116,144,167,211,373,385,410,457,469,481,481],"floor_reached":16,"language":"ENG","playtime":559,"items_purged":[],"score":310,"play_id":"3ff30606-20c0-41bc-82c2-6be5456a8857","local_time":"20210220012151","is_ascension_mode":true,"campfire_choices":[{"floor":7,"key":"REST"},{"data":"Blade Dance","floor":12,"key":"SMITH"},{"data":"Wraith Form v2","floor":15,"key":"SMITH"}],"circlet_count":0,"master_deck":["AscendersBane","Strike_G","Strike_G","Strike_G","Strike_G","Defend_G","Defend_G","Defend_G","Defend_G","Defend_G","Survivor","Neutralize","Malaise","Blade Dance+1","Finisher","Endless Agony","Terror","Blade Dance","Wraith Form v2+1","Doubt"],"relics":["Ring of the Snake","Tiny Chest","Blood Vial","MawBank","Oddly Smooth Stone","Boot"],"acts_visited":["Exordium"],"potions_floor_usage":[6,6,14,16],"damage_taken":[{"damage":4.0,"enemies":"Cultist","floor":1.0,"turns":6.0},{"damage":0.0,"enemies":"Jaw Worm","floor":2.0,"turns":4.0},{"damage":3.0,"enemies":"Small Slimes","floor":4.0,"turns":5.0},{"damage":0,"enemies":"Looter","floor":5,"turns":3},{"damage":34,"enemies":"Lagavulin","floor":6,"turns":7},{"damage":7,"enemies":"Gremlin Nob","floor":8,"turns":3},{"damage":17,"enemies":"Lagavulin","floor":10,"turns":5},{"damage":1,"enemies":"Blue Slaver","floor":13,"turns":4},{"damage":0,"enemies":"Gremlin Nob","floor":14,"turns":2},{"damage":22,"enemies":"Hexaghost","floor":16,"turns":9}],"seed_played":"-982959886830677945","potions_obtained":[{"floor":1.0,"key":"SkillPotion"},{"floor":4.0,"key":"Poison Potion"},{"floor":5,"key":"PowerPotion"},{"floor":8,"key":"Energy Potion"},{"floor":10,"key":"Dexterity Potion"}],"is_trial":false,"path_per_floor":["M","M","?","M","M","E","R","E","T","E","?","R","M","E","R","B"],"character_chosen":"THE_SILENT","items_purchased":[],"campfire_rested":1,"item_purchase_floors":[],"current_hp_per_floor":[55,55,55,52,52,18,37,30,30,15,15,15,16,18,18,0,0],"gold":481,"neow_bonus":"ONE_RANDOM_RARE_CARD","is_daily":false,"chose_seed":false,"campfire_upgraded":2,"win_rate":0.0,"timestamp":1613776911,"path_taken":["M","M","?","M","M","E","R","E","T","E","?","R","M","E","R","BOSS"],"items_purchased_type":[],"build_version":"2020-12-22","purchased_purges":0,"victory":false,"max_hp_per_floor":[66,66,66,66,66,66,66,66,66,66,66,66,66,66,66,66,66],"relic_stats":{"Blood Vial":8,"counters":[10,48],"Tiny Chest":0,"MawBank":84,"Boot":[9],"obtain_stats":[{"Blood Vial":8,"Oddly Smooth Stone":10,"Tiny Chest":6,"MawBank":9,"Boot":14,"Ring of the Snake":0},{"Blood Vial":6,"Oddly Smooth Stone":7,"Tiny Chest":5,"MawBank":6,"Boot":9,"Ring of the Snake":0},{"Blood Vial":28,"Oddly Smooth Stone":33,"Tiny Chest":25,"MawBank":28,"Boot":39,"Ring of the Snake":0}],"Ring of the Snake":[20]},"card_choices":[{"not_picked":["Heel Hook","Concentrate"],"picked":"Blade Dance","floor":1.0},{"not_picked":["Deflect","Flying Knee"],"picked":"Finisher","floor":2.0},{"not_picked":["Acrobatics","Calculated Gamble"],"picked":"Endless Agony","floor":4.0},{"not_picked":["Underhanded Strike","Blade Dance"],"picked":"Terror","floor":5},{"not_picked":["Dodge and Roll","Cloak And Dagger"],"picked":"Blade Dance","floor":6},{"not_picked":["Slice","Blur","Underhanded Strike"],"picked":"SKIP","floor":8},{"not_picked":["Cloak And Dagger","Backflip"],"picked":"Wraith Form v2","floor":10},{"not_picked":["Flechettes","Slice","Dodge and Roll"],"picked":"SKIP","floor":13},{"not_picked":["Flechettes","Slice","Dodge and Roll"],"picked":"SKIP","floor":13},{"not_picked":["Outmaneuver","Dagger Throw","Cloak And Dagger"],"picked":"SKIP","floor":14}],"player_experience":821914,"relics_obtained":[{"floor":6,"key":"Tiny Chest"},{"floor":8,"key":"Blood Vial"},{"floor":9,"key":"MawBank"},{"floor":10,"key":"Oddly Smooth Stone"},{"floor":14,"key":"Boot"}],"event_choices":[{"cards_removed":["Strike_G"],"damage_healed":0.0,"max_hp_gain":0.0,"max_hp_loss":0.0,"gold_gain":0.0,"event_name":"The Cleric","player_choice":"Card Removal","floor":3.0,"gold_loss":75.0,"damage_taken":0.0},{"damage_healed":0,"gold_gain":150,"player_choice":"AGREE","damage_taken":0,"max_hp_gain":0,"max_hp_loss":0,"event_name":"Liars Game","floor":11,"gold_loss":0,"cards_obtained":["Doubt"]}],"is_beta":false,"boss_relics":[],"items_purged_floors":[],"is_endless":false,"potions_floor_spawned":[1,4,5,8,10],"killed_by":"Hexaghost","ascension_level":20}}