{"host":"1dhlu4qzehvrzpot","time":1613729185,"event":{"mods":["2.2 Compatiblity","AchievementEnabler","BaseMod","Block Reminder","Minty Spire (QoL Compilation)","Permanent Neow","Quick Restart","Rare Cards Sparkle","Relic Stats","Say the Spire","Slay-I","StSLib","SuperFastMode"],"gold_per_floor":[144,189,234,234,279,279,369,49,74,119,119,209,134,179,179,479,479,524,84,129,129,4,94,139,139,139,238,283,328,38,83,83,392,392,446,515,515,153,198,198,297,97,97,151,196,286,286,331,331,331,331],"floor_reached":50,"language":"ENG","playtime":1479,"items_purged":["Warcry","Pain","Regret","Shame","Warcry","Reprogram"],"score":729,"play_id":"072405a8-19e4-4d3d-a015-3f5ed3b9372a","local_time":"20210219110625","daily_mods":["Insanity","Blue Cards","Midas"],"is_ascension_mode":false,"campfire_choices":[{"floor":15,"key":"REST"},{"floor":32,"key":"REST"},{"floor":40,"key":"REST"},{"floor":49,"key":"REST"}],"circlet_count":0,"master_deck":["Uppercut","Rebound","Aggregate","Streamline","Melter","Rebound","Hologram","Twin Strike","Evolve","Headbutt","Coolheaded","Ball Lightning","Streamline","Go for the Eyes","True Grit","Skim","White Noise","Flex","Disarm","Sweeping Beam","Searing Blow","Gash","Battle Trance+1","Anger","Compile Driver","Undo","Stack+1","Stack","Steam+1","Pummel","Aggregate","Rage","Rampage","Sweeping Beam","Reprogram","Gash","Ball Lightning","Hologram","Blood for Blood","Heavy Blade","Shrug It Off","Anger","Havoc","Rage","Combust","Inflame","Rebound","Pommel Strike","Armaments","Heatsinks","Dark Embrace+1","Shockwave","Gash","Barricade+1","Inflame+1","Fiend Fire","Seeing Red","BootSequence","Turbo+1","Sunder","Storm+1","Berserk+1","Thunderclap+1","Flame Barrier","Feel No Pain+1","Double Energy","Storm+1","White Noise+1"],"relics":["Burning Blood","Mummified Hand","WarpedTongs","Ancient Tea Set","Frozen Egg 2","Lantern","Potion Belt","Mark of Pain","Brimstone","Pen Nib","Letter Opener","CeramicFish","War Paint","Philosopher\u0027s Stone","StoneCalendar","Shuriken","Orichalcum","InkBottle"],"acts_visited":["Exordium","TheCity","TheBeyond"],"potions_floor_usage":[24,27,27,35,44,44,46],"damage_taken":[{"damage":0,"enemies":"Small Slimes","floor":1,"turns":1},{"damage":0,"enemies":"2 Louse","floor":2,"turns":2},{"damage":0,"enemies":"Cultist","floor":3,"turns":2},{"damage":6,"enemies":"2 Fungi Beasts","floor":5,"turns":2},{"damage":18,"enemies":"Lagavulin","floor":7,"turns":4},{"damage":0,"enemies":"Exordium Thugs","floor":10,"turns":3},{"damage":2,"enemies":"3 Sentries","floor":12,"turns":4},{"damage":0,"enemies":"3 Louse","floor":14,"turns":2},{"damage":48,"enemies":"Slime Boss","floor":16,"turns":9},{"damage":14,"enemies":"Shell Parasite","floor":18,"turns":4},{"damage":0,"enemies":"Chosen","floor":20,"turns":3},{"damage":37,"enemies":"Book of Stabbing","floor":23,"turns":5},{"damage":0,"enemies":"Snake Plant","floor":24,"turns":2},{"damage":16,"enemies":"Slavers","floor":27,"turns":2},{"damage":0,"enemies":"Centurion and Healer","floor":28,"turns":5},{"damage":2,"enemies":"Cultist and Chosen","floor":29,"turns":4},{"damage":15,"enemies":"3 Cultists","floor":31,"turns":4},{"damage":39,"enemies":"Automaton","floor":33,"turns":7},{"damage":1,"enemies":"3 Shapes","floor":35,"turns":5},{"damage":16,"enemies":"2 Orb Walkers","floor":36,"turns":3},{"damage":16,"enemies":"3 Darklings","floor":39,"turns":3},{"damage":0,"enemies":"Giant Head","floor":41,"turns":5},{"damage":40,"enemies":"Writhing Mass","floor":44,"turns":3},{"damage":0,"enemies":"Transient","floor":45,"turns":5},{"damage":26,"enemies":"Reptomancer","floor":46,"turns":5},{"damage":20,"enemies":"Spire Growth","floor":48,"turns":3},{"damage":44,"enemies":"Awakened One","floor":50,"turns":3}],"seed_played":"778547550210687013","potions_obtained":[{"floor":1,"key":"SpeedPotion"},{"floor":5,"key":"Ancient Potion"},{"floor":12,"key":"SteroidPotion"},{"floor":16,"key":"DuplicationPotion"},{"floor":20,"key":"Block Potion"},{"floor":23,"key":"PowerPotion"},{"floor":28,"key":"ElixirPotion"},{"floor":33,"key":"Energy Potion"},{"floor":39,"key":"Swift Potion"},{"floor":41,"key":"Fire Potion"},{"floor":46,"key":"LiquidBronze"}],"is_trial":false,"path_per_floor":["M","M","M","?","M","?","E","$","T","M","?","E","$","M","R","B",null,"M","$","M","?","$","E","M","?","T","E","M","M","$","M","R","B",null,"M","?","?","$","M","R","E","$","T","M","M","E","?","M","R","B"],"character_chosen":"IRONCLAD","items_purchased":["Frozen Egg 2","Dark Embrace+1","Inflame+1","Fiend Fire","Brimstone","Sunder","Storm+1","Feel No Pain+1","Double Energy","PowerPotion"],"campfire_rested":4,"item_purchase_floors":[8,8,19,19,19,30,30,38,38,38],"current_hp_per_floor":[80,80,80,80,80,80,68,68,68,74,74,78,78,80,80,38,80,72,72,78,78,78,47,53,53,53,43,49,53,53,44,68,35,80,80,70,70,70,60,80,80,80,80,46,52,32,32,18,42,0,0],"gold":331,"neow_bonus":"","is_daily":true,"chose_seed":false,"campfire_upgraded":0,"win_rate":0.0,"timestamp":1613729185,"path_taken":["M","M","M","?","M","?","E","$","T","?","?","E","$","M","R","BOSS","M","$","M","?","$","E","M","?","T","E","?","M","$","M","R","BOSS","M","?","?","$","M","R","E","$","T","M","M","E","?","M","R","BOSS"],"items_purchased_type":["Relic","Card","Card","Card","Relic","Card","Card","Card","Card","Potion"],"build_version":"2020-12-22","purchased_purges":6,"victory":false,"max_hp_per_floor":[80,80,80,80,80,80,80,80,80,80,80,80,80,80,80,80,80,80,80,80,80,80,80,80,80,80,80,80,80,80,80,80,80,80,80,80,80,80,80,80,80,80,80,80,80,80,80,80,80,80,80],"relic_stats":{"counters":[27,100],"CeramicFish":90,"StoneCalendar":[0],"Pen Nib":[13],"Letter Opener":[219],"War Paint":["Steam","Stack"],"Orichalcum":[12],"Burning Blood":123,"WarpedTongs":[93],"Mummified Hand":[77],"Shuriken":[7],"obtain_stats":[{"Potion Belt":12,"Lantern":9,"CeramicFish":26,"StoneCalendar":36,"Pen Nib":21,"Letter Opener":23,"Frozen Egg 2":8,"War Paint":27,"Orichalcum":43,"Ancient Tea Set":7,"Burning Blood":0,"WarpedTongs":6,"Mummified Hand":4,"Brimstone":19,"Shuriken":41,"Philosopher\u0027s Stone":34,"Mark of Pain":17,"InkBottle":46},{"Potion Belt":7,"Lantern":5,"CeramicFish":13,"StoneCalendar":20,"Pen Nib":11,"Letter Opener":12,"Frozen Egg 2":5,"War Paint":14,"Orichalcum":22,"Ancient Tea Set":5,"Burning Blood":0,"WarpedTongs":4,"Mummified Hand":3,"Brimstone":10,"Shuriken":22,"Philosopher\u0027s Stone":18,"Mark of Pain":9,"InkBottle":25},{"Potion Belt":18,"Lantern":11,"CeramicFish":43,"StoneCalendar":73,"Pen Nib":36,"Letter Opener":41,"Frozen Egg 2":11,"War Paint":45,"Orichalcum":81,"Ancient Tea Set":11,"Burning Blood":0,"WarpedTongs":7,"Mummified Hand":5,"Brimstone":33,"Shuriken":81,"Philosopher\u0027s Stone":65,"Mark of Pain":29,"InkBottle":94}],"InkBottle":[3]},"card_choices":[{"not_picked":["Consume","Undo"],"picked":"Reprogram","floor":1},{"not_picked":["Beam Cell","Cold Snap","Power Through"],"picked":"SKIP","floor":2},{"not_picked":["Ball Lightning","Body Slam"],"picked":"Pommel Strike","floor":3},{"not_picked":["Auto Shields","Rainbow"],"picked":"Armaments","floor":5},{"not_picked":["Sweeping Beam","Rebound"],"picked":"Heatsinks","floor":7},{"not_picked":["Fusion","Streamline","Sweeping Beam"],"picked":"SKIP","floor":10},{"not_picked":["Ghostly Armor","Compile Driver","Defragment+1"],"picked":"SKIP","floor":12},{"not_picked":["Cold Snap","FTL"],"picked":"Gash","floor":14},{"not_picked":["Berserk+1","Brutality+1"],"picked":"Barricade+1","floor":16},{"not_picked":["Compile Driver","Sweeping Beam","Leap+1"],"picked":"SKIP","floor":18},{"not_picked":["Dropkick","Hemokinesis+1","Glacier+1"],"picked":"SKIP","floor":20},{"not_picked":["Turbo","Berserk+1"],"picked":"Seeing Red","floor":23},{"not_picked":["Rebound","Shrug It Off"],"picked":"BootSequence","floor":24},{"not_picked":["Compile Driver+1","Searing Blow"],"picked":"Turbo+1","floor":27},{"not_picked":["Flex","Carnage","Leap"],"picked":"SKIP","floor":28},{"not_picked":["Loop+1","Ball Lightning","Blizzard+1"],"picked":"SKIP","floor":29},{"not_picked":["Redo","Leap","Flex"],"picked":"SKIP","floor":31},{"not_picked":["Offering","Electrodynamics+1"],"picked":"Berserk+1","floor":33},{"not_picked":["True Grit+1","Havoc+1"],"picked":"Thunderclap+1","floor":35},{"not_picked":["Go for the Eyes","Sweeping Beam"],"picked":"Flame Barrier","floor":36},{"not_picked":["Compile Driver+1","Streamline+1","True Grit"],"picked":"SKIP","floor":39},{"not_picked":["Power Through+1","Streamline+1"],"picked":"Storm+1","floor":41},{"not_picked":["Seeing Red+1","Coolheaded"],"picked":"White Noise+1","floor":44},{"not_picked":["Cleave+1","Thunder Strike","Conserve Battery+1"],"picked":"SKIP","floor":45},{"not_picked":["Shrug It Off","Fusion","Headbutt"],"picked":"SKIP","floor":46},{"not_picked":["Heavy Blade","Clash","Blizzard"],"picked":"SKIP","floor":48}],"player_experience":548746,"relics_obtained":[{"floor":7,"key":"Ancient Tea Set"},{"floor":9,"key":"Lantern"},{"floor":12,"key":"Potion Belt"},{"floor":23,"key":"Letter Opener"},{"floor":26,"key":"CeramicFish"},{"floor":27,"key":"War Paint"},{"floor":36,"key":"StoneCalendar"},{"floor":41,"key":"Shuriken"},{"floor":43,"key":"Orichalcum"},{"floor":46,"key":"InkBottle"}],"event_choices":[{"damage_healed":0,"gold_gain":0,"player_choice":"Box","damage_taken":0,"relics_obtained":["Mummified Hand"],"max_hp_gain":0,"max_hp_loss":0,"event_name":"Big Fish","floor":4,"gold_loss":0,"cards_obtained":["Regret"]},{"damage_healed":0,"gold_gain":0,"player_choice":"Rummage","damage_taken":0,"relics_obtained":["WarpedTongs"],"max_hp_gain":0,"max_hp_loss":0,"event_name":"Accursed Blacksmith","floor":6,"gold_loss":0,"cards_obtained":["Pain"]},{"damage_healed":0,"gold_gain":0,"cards_transformed":["Redo"],"player_choice":"Transformed","damage_taken":0,"max_hp_gain":0,"max_hp_loss":0,"event_name":"Transmorgrifier","floor":11,"gold_loss":0,"cards_obtained":["Shockwave"]},{"damage_healed":0,"gold_gain":0,"player_choice":"Stole Relic","damage_taken":0,"relics_obtained":["Pen Nib"],"max_hp_gain":0,"max_hp_loss":0,"event_name":"Addict","floor":21,"gold_loss":0,"cards_obtained":["Shame"]},{"damage_healed":0,"gold_gain":0,"player_choice":"Upgraded","damage_taken":0,"max_hp_gain":0,"max_hp_loss":0,"event_name":"Upgrade Shrine","floor":25,"gold_loss":0,"cards_upgraded":["Battle Trance"]},{"damage_healed":0,"gold_gain":0,"player_choice":"Fight","damage_taken":0,"max_hp_gain":0,"max_hp_loss":0,"event_name":"Mysterious Sphere","floor":36,"gold_loss":0},{"damage_healed":0,"gold_gain":0,"player_choice":"Ignored","damage_taken":0,"max_hp_gain":0,"max_hp_loss":0,"event_name":"Tomb of Lord Red Mask","floor":37,"gold_loss":0},{"damage_healed":0,"gold_gain":0,"player_choice":"0 cards matched","damage_taken":0,"max_hp_gain":0,"max_hp_loss":0,"event_name":"Match and Keep!","floor":47,"gold_loss":0,"cards_obtained":[]}],"is_beta":false,"boss_relics":[{"not_picked":["Tiny House","Black Blood"],"picked":"Mark of Pain"},{"not_picked":["SacredBark","Runic Dome"],"picked":"Philosopher\u0027s Stone"}],"items_purged_floors":[13,19,22,30,38,42],"is_endless":false,"potions_floor_spawned":[1,5,12,16,20,23,28,33,39,41,46],"killed_by":"Awakened One","ascension_level":0}}