{"host":"sc0o2qwpf9j16a4i","time":1613757176,"event":{"mods":["AchievementEnabler","BaseMod","BetterRewards","Block Reminder","Colored Map","Colored Powertips","Custom Start","Highlight Path","Minty Spire (QoL Compilation)","Relic Stats"],"gold_per_floor":[118,132,132,132,17,45,45,60,86,86,101,119,131,163,163,259,259,272,272,371,41,65,98,25,37,76,88,132,172,184,121,133,242,254,303,1,1,11,11,44,44,44,71,106,24,24,58,74,74,74],"floor_reached":51,"language":"ENG","playtime":1593,"items_purged":["Pain"],"score":1027,"play_id":"e0e31ac4-20b8-4751-b665-9aa7b3025167","local_time":"20210219195256","daily_mods":["Allstar","Diverse","Lethality"],"is_ascension_mode":false,"campfire_choices":[{"data":"Bash","floor":7,"key":"SMITH"},{"data":"Dramatic Entrance","floor":10,"key":"SMITH"},{"data":"Backstab","floor":15,"key":"SMITH"},{"data":"SashWhip","floor":25,"key":"SMITH"},{"data":"Ghostly","floor":30,"key":"SMITH"},{"data":"Ghostly","floor":32,"key":"SMITH"},{"data":"Apotheosis","floor":42,"key":"SMITH"},{"data":"Enlightenment","floor":46,"key":"SMITH"},{"data":"Stack","floor":49,"key":"SMITH"}],"circlet_count":0,"master_deck":["Strike_R+1","Strike_R","Strike_R","Defend_R","Defend_R","Bash+1","Magnetism","Bandage Up+1","Mayhem","Dramatic Entrance+1","Jack Of All Trades+1","Reinforced Body+1","Worship+1","WindmillStrike+1","Backstab+1","FollowUp","Crippling Poison","SashWhip+1","Scrawl","InnerPeace+1","Burning Pact+1","Devotion+1","Leg Sweep+1","Ghostly+1","Ghostly","Ghostly+1","Ghostly","Ghostly","HandOfGreed","White Noise","CrushJoints","Corpse Explosion","Stack+1","Headbutt+1","Apotheosis+1","Dramatic Entrance+1","Consecrate+1","FTL+1","Enlightenment+1","CutThroughFate+1","Dual Wield+1"],"relics":["Burning Blood","WarpedTongs","Bag of Preparation","War Paint","Gambling Chip","Astrolabe","Red Skull","Vajra","MawBank","StoneCalendar","Smiling Mask","StrikeDummy","Molten Egg 2","Runic Dome","Strange Spoon","Centennial Puzzle","Meat on the Bone","Akabeko","Whetstone","Bronze Scales"],"acts_visited":["Exordium","TheCity","TheBeyond"],"potions_floor_usage":[14,18,33,33,38,38,44,44,44,50,50],"damage_taken":[{"damage":0,"enemies":"Small Slimes","floor":1,"turns":2},{"damage":0,"enemies":"2 Louse","floor":2,"turns":1},{"damage":0,"enemies":"Lagavulin","floor":6,"turns":4},{"damage":0,"enemies":"Jaw Worm","floor":8,"turns":1},{"damage":0,"enemies":"Large Slime","floor":11,"turns":1},{"damage":0,"enemies":"3 Louse","floor":12,"turns":1},{"damage":0,"enemies":"2 Fungi Beasts","floor":13,"turns":1},{"damage":0,"enemies":"Gremlin Nob","floor":14,"turns":2},{"damage":11,"enemies":"Slime Boss","floor":16,"turns":4},{"damage":0,"enemies":"3 Byrds","floor":18,"turns":3},{"damage":5,"enemies":"Slavers","floor":23,"turns":6},{"damage":2,"enemies":"2 Thieves","floor":28,"turns":3},{"damage":12,"enemies":"Book of Stabbing","floor":29,"turns":7},{"damage":0,"enemies":"Champ","floor":33,"turns":9},{"damage":0,"enemies":"3 Shapes","floor":35,"turns":3},{"damage":5,"enemies":"3 Darklings","floor":38,"turns":4},{"damage":0,"enemies":"Nemesis","floor":40,"turns":5},{"damage":0,"enemies":"Giant Head","floor":44,"turns":7},{"damage":2,"enemies":"Reptomancer","floor":47,"turns":7},{"damage":1,"enemies":"Transient","floor":48,"turns":5},{"damage":6,"enemies":"Donu and Deca","floor":50,"turns":6}],"seed_played":"8297344166375954007","potions_obtained":[{"floor":2,"key":"CultistPotion"},{"floor":6,"key":"FearPotion"},{"floor":12,"key":"Fire Potion"},{"floor":16,"key":"SmokeBomb"},{"floor":18,"key":"Regen Potion"},{"floor":29,"key":"EssenceOfSteel"},{"floor":35,"key":"EntropicBrew"}],"is_trial":true,"path_per_floor":["M","M","?","?","$","E","R","M","T","R","M","M","M","E","R","B",null,"M","?","?","$","T","E","?","R","T","T","M","E","R","?","R","B",null,"M","$","?","M","?","E","$","R","T","E","$","R","E","M","R","B",null],"character_chosen":"IRONCLAD","items_purchased":["WindmillStrike","HandOfGreed","Red Skull","Strange Spoon","Centennial Puzzle","Headbutt+1","Enlightenment"],"campfire_rested":0,"item_purchase_floors":[5,21,21,36,36,36,45],"current_hp_per_floor":[80,80,64,64,64,74,74,80,80,80,80,80,80,80,80,75,80,80,40,40,40,40,40,40,40,40,40,40,40,40,40,40,40,40,40,40,38,38,28,34,34,34,34,38,38,38,38,38,38,38],"gold":74,"neow_bonus":"","is_daily":false,"chose_seed":false,"campfire_upgraded":9,"win_rate":0.0,"timestamp":1613757176,"path_taken":["M","M","?","?","$","E","R","M","T","R","M","M","?","E","R","BOSS","M","?","?","$","?","E","?","R","T","?","M","E","R","?","R","BOSS","M","$","?","M","?","E","$","R","T","E","?","R","E","M","R","BOSS"],"items_purchased_type":["Card","Card","Relic","Relic","Relic","Card","Card"],"build_version":"2020-12-22","purchased_purges":1,"victory":true,"max_hp_per_floor":[80,80,80,80,80,80,80,80,80,80,80,80,80,80,80,80,80,80,40,40,40,40,40,40,40,40,40,40,40,40,40,40,40,40,40,40,38,38,38,38,38,38,38,38,38,38,38,38,38,38],"relic_stats":{"counters":[21,82],"Astrolabe":["InnerPeace","Burning Pact","Devotion"],"StoneCalendar":[52],"Bag of Preparation":[36],"Whetstone":["Strike_R","WindmillStrike"],"War Paint":["Jack Of All Trades","Bandage Up"],"MawBank":156,"Smiling Mask":0,"Burning Blood":36,"WarpedTongs":[63],"Strange Spoon":[42],"Centennial Puzzle":[12],"Gambling Chip":[42],"Bronze Scales":[33],"obtain_stats":[{"Astrolabe":17,"Vajra":22,"StoneCalendar":24,"Bag of Preparation":6,"Whetstone":44,"War Paint":9,"MawBank":23,"Smiling Mask":26,"Burning Blood":0,"Akabeko":43,"WarpedTongs":4,"Runic Dome":34,"Strange Spoon":36,"Centennial Puzzle":36,"Gambling Chip":14,"Bronze Scales":47,"Molten Egg 2":29,"StrikeDummy":27,"Red Skull":21,"Meat on the Bone":40},{"Astrolabe":9,"Vajra":10,"StoneCalendar":11,"Bag of Preparation":3,"Whetstone":18,"War Paint":4,"MawBank":11,"Smiling Mask":11,"Burning Blood":0,"Akabeko":17,"WarpedTongs":2,"Runic Dome":14,"Strange Spoon":15,"Centennial Puzzle":15,"Gambling Chip":8,"Bronze Scales":19,"Molten Egg 2":13,"StrikeDummy":11,"Red Skull":10,"Meat on the Bone":17},{"Astrolabe":17,"Vajra":20,"StoneCalendar":26,"Bag of Preparation":7,"Whetstone":64,"War Paint":8,"MawBank":26,"Smiling Mask":26,"Burning Blood":0,"Akabeko":57,"WarpedTongs":3,"Runic Dome":45,"Strange Spoon":48,"Centennial Puzzle":48,"Gambling Chip":13,"Bronze Scales":71,"Molten Egg 2":36,"StrikeDummy":26,"Red Skull":20,"Meat on the Bone":57}],"Meat on the Bone":0},"card_choices":[{"not_picked":["Coolheaded","Acrobatics"],"picked":"Reinforced Body","floor":1},{"not_picked":["Sword Boomerang","Clash"],"picked":"Worship","floor":2},{"not_picked":["Wireheading","Conserve Battery"],"picked":"Backstab","floor":6},{"not_picked":["Beam Cell","Warcry"],"picked":"FollowUp","floor":8},{"not_picked":["EmptyBody","Tempest","Clothesline"],"picked":"SKIP","floor":11},{"not_picked":["Havoc","Rebound"],"picked":"Crippling Poison","floor":12},{"not_picked":["Unload","Prostrate"],"picked":"SashWhip","floor":13},{"not_picked":["Caltrops","Masterful Stab","Expertise"],"picked":"SKIP","floor":14},{"not_picked":["Brilliance","Biased Cognition"],"picked":"Scrawl","floor":16},{"not_picked":["InnerPeace","Bloodletting+1"],"picked":"Leg Sweep+1","floor":18},{"not_picked":["Expertise","Infinite Blades"],"picked":"White Noise","floor":23},{"not_picked":["Predator","Go for the Eyes"],"picked":"CrushJoints","floor":28},{"not_picked":["Expertise","Clash+1","FlurryOfBlows+1"],"picked":"SKIP","floor":29},{"not_picked":["Demon Form","Double Tap"],"picked":"Corpse Explosion","floor":33},{"not_picked":["Searing Blow+1","Bloodletting"],"picked":"Stack","floor":35},{"not_picked":["Iron Wave+1","ForeignInfluence+1","Havoc"],"picked":"SKIP","floor":38},{"not_picked":["Flash of Steel+1","Madness"],"picked":"Apotheosis","floor":39},{"not_picked":["Impatience","Mind Blast+1"],"picked":"Dramatic Entrance+1","floor":39},{"not_picked":["Aggregate","JustLucky+1"],"picked":"Consecrate+1","floor":40},{"not_picked":["Carnage+1","Conserve Battery"],"picked":"FTL+1","floor":44},{"not_picked":["CrushJoints+1","Slice+1"],"picked":"CutThroughFate+1","floor":47},{"not_picked":["Blade Dance+1","Masterful Stab+1"],"picked":"Dual Wield+1","floor":48}],"player_experience":1488085,"relics_obtained":[{"floor":6,"key":"Bag of Preparation"},{"floor":9,"key":"War Paint"},{"floor":14,"key":"Gambling Chip"},{"floor":22,"key":"Vajra"},{"floor":23,"key":"MawBank"},{"floor":26,"key":"Smiling Mask"},{"floor":27,"key":"StrikeDummy"},{"floor":29,"key":"Molten Egg 2"},{"floor":40,"key":"Meat on the Bone"},{"floor":43,"key":"Akabeko"},{"floor":44,"key":"Whetstone"},{"floor":47,"key":"Bronze Scales"}],"event_choices":[{"damage_healed":0,"gold_gain":0,"player_choice":"Entered Light","damage_taken":16,"max_hp_gain":0,"max_hp_loss":0,"event_name":"Shining Light","floor":3,"gold_loss":0,"cards_upgraded":["Reinforced Body","Worship"]},{"damage_healed":0,"gold_gain":0,"player_choice":"Rummage","damage_taken":0,"relics_obtained":["WarpedTongs"],"max_hp_gain":0,"max_hp_loss":0,"event_name":"Accursed Blacksmith","floor":4,"gold_loss":0,"cards_obtained":["Pain"]},{"damage_healed":0,"gold_gain":0,"player_choice":"Became a Ghost","damage_taken":0,"max_hp_gain":0,"max_hp_loss":40,"event_name":"Ghosts","floor":19,"gold_loss":0,"cards_obtained":["Ghostly","Ghostly","Ghostly","Ghostly","Ghostly"]},{"damage_healed":0,"gold_gain":99,"player_choice":"Stole From Cult","damage_taken":0,"max_hp_gain":0,"max_hp_loss":0,"event_name":"Nest","floor":20,"gold_loss":0},{"damage_healed":0,"gold_gain":0,"player_choice":"Obtained Relic","damage_taken":0,"relics_obtained":["StoneCalendar"],"max_hp_gain":0,"max_hp_loss":0,"event_name":"Addict","floor":24,"gold_loss":85},{"cards_removed":["Defend_R"],"damage_healed":0,"gold_gain":0,"player_choice":"Gave Gold","damage_taken":0,"max_hp_gain":0,"max_hp_loss":0,"event_name":"Beggar","floor":31,"gold_loss":75},{"damage_healed":0,"gold_gain":0,"player_choice":"Max HP","damage_taken":0,"max_hp_gain":0,"max_hp_loss":2,"event_name":"Winding Halls","floor":37,"gold_loss":0},{"damage_healed":0,"gold_gain":0,"player_choice":"Memory 3","damage_taken":10,"max_hp_gain":0,"max_hp_loss":0,"event_name":"SensoryStone","floor":39,"gold_loss":0}],"is_beta":false,"boss_relics":[{"not_picked":["Pandora\u0027s Box","SlaversCollar"],"picked":"Astrolabe"},{"not_picked":["Black Blood","Runic Pyramid"],"picked":"Runic Dome"}],"items_purged_floors":[5],"is_endless":false,"potions_floor_spawned":[2,6,12,13,16,18,29,35,44,48],"ascension_level":0}}