{"host":"30jsp143e4v19aze","time":1613703021,"event":{"mods":["BaseMod","Colored Map","Colored Powertips","Curses Come First","DeckTracker","Highlight Path","Minty Spire (QoL Compilation)","Quick Restart","Relic Stats","StSLib","everything is the same but u backflip on backflip","slay the spire mod where everything is the same but ironclad has a cowboy hat"],"gold_per_floor":[109,109,134,155,176,176,196,237,311,334,334,375,395,429,429,429,429],"floor_reached":16,"language":"ENG","playtime":737,"items_purged":[],"score":248,"play_id":"56e753a1-810d-49ed-bbab-7b5206778bb3","local_time":"20210219035021","is_ascension_mode":true,"campfire_choices":[{"floor":6,"key":"REST"},{"floor":11,"key":"REST"},{"data":"Bludgeon","floor":15,"key":"SMITH"}],"circlet_count":0,"master_deck":["AscendersBane","Strike_R","Strike_R","Strike_R","Strike_R","Strike_R","Defend_R","Defend_R","Defend_R","Defend_R","Bash","Regret","Feed","Cleave","Flame Barrier","Hemokinesis","Flame Barrier","Bludgeon+1","Rupture","True Grit","Second Wind"],"relics":["Burning Blood","Golden Idol","Thread and Needle","InkBottle","Dead Branch","Strawberry"],"acts_visited":["Exordium"],"potions_floor_usage":[16],"damage_taken":[{"damage":11,"enemies":"Jaw Worm","floor":1,"turns":5},{"damage":19,"enemies":"2 Louse","floor":3,"turns":4},{"damage":16,"enemies":"Small Slimes","floor":4,"turns":5},{"damage":21,"enemies":"3 Louse","floor":5,"turns":6},{"damage":7,"enemies":"2 Fungi Beasts","floor":7,"turns":3},{"damage":41,"enemies":"3 Sentries","floor":8,"turns":9},{"damage":25,"enemies":"Blue Slaver","floor":10,"turns":9},{"damage":38,"enemies":"Lagavulin","floor":12,"turns":6},{"damage":6,"enemies":"Large Slime","floor":13,"turns":5},{"damage":29,"enemies":"Gremlin Nob","floor":14,"turns":4},{"damage":34,"enemies":"Slime Boss","floor":16,"turns":3}],"seed_played":"4557291509638999144","potions_obtained":[{"floor":3,"key":"SpeedPotion"},{"floor":7,"key":"FairyPotion"},{"floor":10,"key":"Explosive Potion"},{"floor":12,"key":"SmokeBomb"},{"floor":14,"key":"Swift Potion"}],"is_trial":false,"path_per_floor":["M","?","M","M","M","R","M","E","T","M","R","E","M","E","R","B"],"character_chosen":"IRONCLAD","items_purchased":[],"campfire_rested":2,"item_purchase_floors":[],"current_hp_per_floor":[63,63,53,46,34,57,59,27,27,8,32,30,33,17,17,0,0],"gold":429,"neow_bonus":"THREE_RARE_CARDS","is_daily":false,"chose_seed":false,"campfire_upgraded":1,"win_rate":0.0,"timestamp":1613703021,"path_taken":["M","?","M","M","M","R","M","E","T","M","R","E","M","E","R","BOSS"],"items_purchased_type":[],"build_version":"2020-12-22","purchased_purges":0,"victory":false,"max_hp_per_floor":[75,68,71,74,77,77,80,83,83,83,83,83,86,93,93,93,93],"relic_stats":{"counters":[11,59],"Golden Idol":49,"Dead Branch":[8],"obtain_stats":[{"Golden Idol":2,"Dead Branch":12,"Strawberry":14,"Thread and Needle":8,"Burning Blood":0,"InkBottle":9},{"Golden Idol":1,"Dead Branch":8,"Strawberry":10,"Thread and Needle":6,"Burning Blood":0,"InkBottle":6},{"Golden Idol":5,"Dead Branch":47,"Strawberry":56,"Thread and Needle":32,"Burning Blood":0,"InkBottle":32}],"Burning Blood":60,"InkBottle":[4]},"card_choices":[{"not_picked":["Limit Break","Impervious"],"picked":"Feed","floor":0},{"not_picked":["Power Through","Shrug It Off"],"picked":"Cleave","floor":1},{"not_picked":["Searing Blow","Burning Pact"],"picked":"Flame Barrier","floor":3},{"not_picked":["Heavy Blade","Headbutt"],"picked":"Hemokinesis","floor":4},{"not_picked":["Iron Wave","Cleave"],"picked":"Flame Barrier","floor":5},{"not_picked":["Cleave","Headbutt","Body Slam"],"picked":"SKIP","floor":7},{"not_picked":["Bloodletting","Warcry"],"picked":"Bludgeon","floor":8},{"not_picked":["Sword Boomerang","Wild Strike","Twin Strike"],"picked":"SKIP","floor":10},{"not_picked":["Entrench","Armaments"],"picked":"Rupture","floor":12},{"not_picked":["Flex","Searing Blow"],"picked":"True Grit","floor":13},{"not_picked":["Brutality","Dual Wield"],"picked":"Second Wind","floor":14}],"player_experience":3286650,"relics_obtained":[{"floor":8,"key":"Thread and Needle"},{"floor":9,"key":"InkBottle"},{"floor":12,"key":"Dead Branch"},{"floor":14,"key":"Strawberry"}],"event_choices":[{"damage_healed":0,"gold_gain":0,"player_choice":"Lose Max HP","damage_taken":0,"relics_obtained":["Golden Idol"],"max_hp_gain":0,"max_hp_loss":7,"event_name":"Golden Idol","floor":2,"gold_loss":0}],"is_beta":false,"boss_relics":[],"items_purged_floors":[],"is_endless":false,"potions_floor_spawned":[3,7,10,12,14],"killed_by":"Slime Boss","ascension_level":20}}