{"host":"bx8e8mpro7fea2qq","time":1613720147,"event":{"mods":["BaseMod","Better Third Choice","Colored Map","Hermit","Marisa????????","Minty Spire (QoL Compilation)","Rare Cards Sparkle","Reliquary","StSLib","The Cursed","The Servant 0.9.4"],"gold_per_floor":[110,110,121,137,154,183,183,208,233,5,5,16,91,106,106,202,202,220,220,233,3,3,3,3,3,3,28,55,67,89,117,129,141,141],"floor_reached":33,"language":"ENG","playtime":1911,"items_purged":[],"score":277,"play_id":"5ddb6747-67e4-4d45-9d2f-0153e13c7393","local_time":"20210219013547","is_ascension_mode":false,"campfire_choices":[{"floor":7,"key":"REST"},{"data":"Backstab","floor":15,"key":"SMITH"},{"data":"Backstab","floor":23,"key":"SMITH"},{"floor":32,"key":"REST"}],"circlet_count":0,"master_deck":["Strike_G","Strike_G","Strike_G","Strike_G","Strike_G","Defend_G+1","Defend_G","Defend_G","Defend_G","Defend_G+1","Survivor","Neutralize","Backstab+1","PiercingWail","Dagger Throw","Masterful Stab","Blur","All Out Attack","Outmaneuver","Slice","Dagger Spray","Terror","Glass Knife","Dagger Throw","Flying Knee+1","Backstab+1","Flying Knee","Deflect","Dodge and Roll","Reflex+1","Dash"],"relics":["Ring of the Snake","NeowsBlessing","Torii","Bag of Marbles","reliquary:RoseTintedGlasses","Lantern","Black Star","Happy Flower","CaptainsWheel","reliquary:GummyVitamins","War Paint","MawBank"],"acts_visited":["Exordium","TheCity"],"potions_floor_usage":[6,16,16,16,30,33,33],"damage_taken":[{"damage":0,"enemies":"2 Louse","floor":1,"turns":1},{"damage":0,"enemies":"Cultist","floor":3,"turns":1},{"damage":0,"enemies":"Small Slimes","floor":4,"turns":1},{"damage":0,"enemies":"Looter","floor":5,"turns":4},{"damage":27,"enemies":"Lagavulin","floor":6,"turns":9},{"damage":4,"enemies":"3 Sentries","floor":8,"turns":12},{"damage":0,"enemies":"Red Slaver","floor":12,"turns":3},{"damage":0,"enemies":"Exordium Wildlife","floor":14,"turns":3},{"damage":32,"enemies":"The Guardian","floor":16,"turns":15},{"damage":0,"enemies":"Spheric Guardian","floor":18,"turns":3},{"damage":1,"enemies":"Chosen","floor":20,"turns":2},{"damage":10,"enemies":"Slavers","floor":27,"turns":5},{"damage":0,"enemies":"3 Cultists","floor":28,"turns":4},{"damage":0,"enemies":"Centurion and Healer","floor":30,"turns":4},{"damage":1,"enemies":"Shelled Parasite and Fungi","floor":31,"turns":3},{"damage":70,"enemies":"Automaton","floor":33,"turns":8}],"seed_played":"7719830698622313860","potions_obtained":[{"floor":4,"key":"LiquidBronze"},{"floor":5,"key":"DistilledChaos"},{"floor":12,"key":"FearPotion"},{"floor":14,"key":"Fire Potion"},{"floor":16,"key":"Weak Potion"},{"floor":28,"key":"GamblersBrew"},{"floor":30,"key":"CunningPotion"},{"floor":31,"key":"Ancient Potion"}],"is_trial":false,"path_per_floor":["M","?","M","M","M","E","R","E","T","$","?","M","?","M","R","B",null,"M","?","M","$","?","R","$","T","T","E","M","?","M","M","R","B"],"character_chosen":"THE_SILENT","items_purchased":["Lantern","Outmaneuver","Slice","Happy Flower","Backstab"],"campfire_rested":2,"item_purchase_floors":[10,10,10,21,21],"current_hp_per_floor":[70,63,63,63,63,36,57,53,53,53,70,70,59,59,59,27,70,70,67,66,66,66,66,66,66,66,56,56,43,43,42,64,0,0],"gold":141,"neow_bonus":"THREE_ENEMY_KILL","is_daily":false,"chose_seed":false,"campfire_upgraded":2,"win_rate":0.0,"timestamp":1613720147,"path_taken":["M","?","M","?","M","E","R","E","T","$","?","M","?","M","R","BOSS","M","?","?","$","?","R","$","?","T","E","M","?","M","M","R","BOSS"],"items_purchased_type":["Relic","Card","Card","Relic","Card"],"build_version":"2020-12-22","purchased_purges":0,"victory":false,"max_hp_per_floor":[70,70,70,70,70,70,70,70,70,70,70,70,70,70,70,70,70,70,70,70,70,70,70,70,70,70,70,70,75,75,75,75,75,75],"card_choices":[{"not_picked":["Bane","Dodge and Roll"],"picked":"Backstab","floor":1},{"not_picked":["Underhanded Strike","Acrobatics"],"picked":"PiercingWail","floor":3},{"not_picked":["Caltrops","Bouncing Flask"],"picked":"Dagger Throw","floor":4},{"not_picked":["Bane","Well Laid Plans"],"picked":"Masterful Stab","floor":5},{"not_picked":["Tactician","Eviscerate"],"picked":"Blur","floor":6},{"not_picked":["Deflect","Caltrops"],"picked":"All Out Attack","floor":8},{"not_picked":["Choke","Heel Hook"],"picked":"Dagger Spray","floor":12},{"not_picked":["After Image","Caltrops"],"picked":"Terror","floor":14},{"not_picked":["Envenom","Tools of the Trade"],"picked":"Glass Knife","floor":16},{"not_picked":["Bouncing Flask","Deadly Poison"],"picked":"Dagger Throw","floor":18},{"not_picked":["Acrobatics","Prepared"],"picked":"Flying Knee+1","floor":20},{"not_picked":["Catalyst+1","Heel Hook"],"picked":"Deflect","floor":27},{"not_picked":["Catalyst","Bane"],"picked":"Dodge and Roll","floor":28},{"not_picked":["Poisoned Stab","Well Laid Plans"],"picked":"Reflex+1","floor":30},{"not_picked":["Catalyst","Infinite Blades+1"],"picked":"Dash","floor":31}],"player_experience":50656,"relics_obtained":[{"floor":6,"key":"Torii"},{"floor":8,"key":"Bag of Marbles"},{"floor":9,"key":"reliquary:RoseTintedGlasses"},{"floor":25,"key":"CaptainsWheel"},{"floor":26,"key":"reliquary:GummyVitamins"},{"floor":27,"key":"War Paint"},{"floor":27,"key":"MawBank"}],"event_choices":[{"damage_healed":0,"gold_gain":0,"player_choice":"Damaged","damage_taken":7,"max_hp_gain":0,"max_hp_loss":0,"event_name":"Wheel of Change","floor":2,"gold_loss":0},{"damage_healed":23,"gold_gain":0,"player_choice":"Banana","damage_taken":0,"max_hp_gain":0,"max_hp_loss":0,"event_name":"Big Fish","floor":11,"gold_loss":0},{"damage_healed":0,"gold_gain":75,"player_choice":"Gold","damage_taken":11,"max_hp_gain":0,"max_hp_loss":0,"event_name":"betterThird:BetterGoop","floor":13,"gold_loss":0},{"damage_healed":0,"gold_gain":0,"player_choice":"Punched","damage_taken":3,"max_hp_gain":0,"max_hp_loss":0,"event_name":"Designer","floor":19,"gold_loss":0},{"damage_healed":0,"gold_gain":0,"player_choice":"Read","damage_taken":0,"max_hp_gain":0,"max_hp_loss":0,"event_name":"The Library","floor":22,"gold_loss":0,"cards_obtained":["Flying Knee"]},{"damage_healed":0,"gold_gain":0,"player_choice":"Shed Blood","damage_taken":18,"max_hp_gain":5,"max_hp_loss":0,"event_name":"Forgotten Altar","floor":29,"gold_loss":0}],"is_beta":false,"boss_relics":[{"not_picked":["Tiny House","Astrolabe"],"picked":"Black Star"}],"items_purged_floors":[],"is_endless":false,"potions_floor_spawned":[4,5,12,14,16,28,30,31],"killed_by":"Automaton","ascension_level":0}}