{"host":"jfbo3eu2ui08ej1u","time":1613750379,"event":{"mods":["2.2 Compatiblity","AchievementEnabler","Act Like it!","Aspiration","BaseMod","Better Altar","Better Match","Better Note","Better Sensory Stone","Better Skull","Better Third Choice","Block Reminder","Colored Map","Colored Powertips","Conspire","DeckTracker","Displayed Cursed Tome","Energized Spire","Fox Events","GifTheSpireLib","Hermit","Hubris","Infinite Spire","Marked Mod","Minty Spire (QoL Compilation)","Monster B Gone","Pale of the Ancients","Poor People Problems","Quick Restart","Relic Filter","Reliquary","Reorder Act Four","Replay The Spire","Shop Mod","Spicy Shops","Spire Arcade","StSLib","Stuff the Spire","The Blue Laboratory","The Disciple","The Forsaken","The Hierophant","The Marked","Uncapped","Unceasing Turn Reminder","Wandering Minibosses"],"gold_per_floor":[113,123,134,148,166,166,197,197,197,197,214,214,247,262,262,262,262],"floor_reached":16,"language":"ENG","playtime":551,"items_purged":[],"score":274,"play_id":"a1c71714-1dff-4dab-ac33-a56e063dcaea","local_time":"20210219105939","is_ascension_mode":true,"campfire_choices":[{"floor":6.0,"key":"REST"},{"floor":8.0,"key":"REST"},{"data":"PathToVictory","floor":10.0,"key":"SMITH"},{"data":"MarkedMod:GracefulMovements","floor":15.0,"key":"SMITH"}],"circlet_count":0,"master_deck":["AscendersBane","Strike_P","Strike_P","Strike_P","Strike_P","Defend_P","Defend_P","Defend_P","Defend_P","Eruption+1","Vigilance","PathToVictory+1","Wireheading","Conclude","CutThroughFate","ThirdEye","BowlingBash","EmptyMind","MarkedMod:GracefulMovements+1"],"relics":["PureWater","infinitespire:Broken Mirror","conspire:Boomerang","hubris:Towel","hubris:SlimyHat"],"acts_visited":["Exordium"],"potions_floor_usage":[16,16],"damage_taken":[{"damage":2.0,"enemies":"Jaw Worm","floor":1.0,"turns":3.0},{"damage":0.0,"enemies":"Small Slimes","floor":2.0,"turns":2.0},{"damage":4.0,"enemies":"2 Louse","floor":3.0,"turns":2.0},{"damage":31.0,"enemies":"Lots of Slimes","floor":4.0,"turns":5.0},{"damage":12.0,"enemies":"Large Slime","floor":5.0,"turns":6.0},{"damage":16.0,"enemies":"Gremlin Nob","floor":7.0,"turns":3.0},{"damage":1.0,"enemies":"Looter","floor":11.0,"turns":3.0},{"damage":0.0,"enemies":"3 Sentries","floor":13.0,"turns":4.0},{"damage":40,"enemies":"Hexaghost","floor":16,"turns":9}],"seed_played":"-1932110513532613044","potions_obtained":[{"floor":3.0,"key":"blueLaboratory:FrostheartPotion"},{"floor":11.0,"key":"Block Potion"},{"floor":14.0,"key":"blueLaboratory:MidnightOil"}],"is_trial":false,"path_per_floor":["M","M","M","M","M","R","E","R","T","R","M","?","E","?","R","B"],"character_chosen":"WATCHER","items_purchased":[],"campfire_rested":2,"item_purchase_floors":[],"current_hp_per_floor":[59,59,55,24,12,32,16,36,36,36,35,35,35,35,35,0,0],"gold":262,"neow_bonus":"UPGRADE_CARD","is_daily":false,"chose_seed":false,"campfire_upgraded":2,"win_rate":0.0,"timestamp":1613750379,"path_taken":["M","M","M","M","M","R","E","R","T","R","M","?","E","?","R","BOSS"],"items_purchased_type":[],"build_version":"2020-12-22","purchased_purges":0,"victory":false,"max_hp_per_floor":[68,68,68,68,68,68,68,68,68,68,68,68,68,68,68,68,68],"card_choices":[{"not_picked":["Conclude","CutThroughFate"],"picked":"PathToVictory","floor":1.0},{"not_picked":["MarkedMod:GentlePulse","FlyingSleeves"],"picked":"Wireheading","floor":2.0},{"not_picked":["WheelKick","SignatureMove"],"picked":"Conclude","floor":3.0},{"not_picked":["FlyingSleeves","MentalFortress"],"picked":"CutThroughFate","floor":4.0},{"not_picked":["JustLucky","Protect"],"picked":"ThirdEye","floor":5.0},{"not_picked":["CrushJoints","MarkedMod:GentlePulse"],"picked":"BowlingBash","floor":7.0},{"not_picked":["Replay:AllIn","Consecrate"],"picked":"EmptyMind","floor":11.0},{"not_picked":["MentalFortress","LikeWater"],"picked":"MarkedMod:GracefulMovements","floor":13.0}],"player_experience":1352316,"relics_obtained":[{"floor":7.0,"key":"infinitespire:Broken Mirror"},{"floor":9.0,"key":"conspire:Boomerang"},{"floor":13.0,"key":"hubris:SlimyHat"}],"event_choices":[],"is_beta":false,"boss_relics":[],"items_purged_floors":[],"is_endless":false,"potions_floor_spawned":[3,11],"killed_by":"Hexaghost","ascension_level":20}}