{"host":"g2yp6paluzgljz05","time":1613718951,"event":{"mods":["BaseMod","Bestiary","Colored Powertips","DeckTracker","Highlight Path","Minty Spire (QoL Compilation)","Quick Restart"],"gold_per_floor":[17,17,30,30,42,73,73,105,155,155,155,169,169,204,204,300,300,315,57,69,69,86,86,86,100,125,62,90,2,2,18,18,120,120,134,134,134,9,22,56,56,56,56,106,141,141,172,22,22,22],"floor_reached":51,"language":"ENG","playtime":3152,"items_purged":["Defend_R","Defend_R","Defend_R","Defend_R"],"score":1288,"play_id":"f5fc49dc-5c16-4548-8b26-9c65af92290a","local_time":"20210219181551","is_ascension_mode":true,"campfire_choices":[{"data":"Mayhem","floor":7.0,"key":"SMITH"},{"data":"Bash","floor":10.0,"key":"SMITH"},{"data":"Shrug It Off","floor":13.0,"key":"SMITH"},{"floor":15.0,"key":"REST"},{"floor":23.0,"key":"REST"},{"data":"Inflame","floor":32.0,"key":"SMITH"},{"data":"Heavy Blade","floor":41,"key":"SMITH"},{"data":"Berserk","floor":46,"key":"SMITH"},{"floor":49,"key":"REST"}],"circlet_count":0,"master_deck":["AscendersBane","Mayhem+1","Ghostly Armor","Inflame+1","Shrug It Off+1","Intimidate+1","Thunderclap","Seeing Red+1","Shrug It Off+1","Limit Break+1","Infernal Blade+1","Metallicize","Inflame","Impervious+1","Ghostly+1","Ghostly+1","Ghostly+1","Ghostly+1","Ghostly+1","Berserk+1","Heavy Blade+1"],"relics":["Burning Blood","Toxic Egg 2","Centennial Puzzle","Oddly Smooth Stone","Orichalcum","Empty Cage","Vajra","Bronze Scales","MawBank","Busted Crown","Singing Bowl","Pantograph","Dead Branch","Dream Catcher","HornCleat"],"acts_visited":["Exordium","TheCity","TheBeyond"],"potions_floor_usage":[40,47],"damage_taken":[{"damage":10.0,"enemies":"Small Slimes","floor":1.0,"turns":5.0},{"damage":1.0,"enemies":"Cultist","floor":3.0,"turns":4.0},{"damage":8.0,"enemies":"Jaw Worm","floor":5.0,"turns":5.0},{"damage":7.0,"enemies":"Lagavulin","floor":6.0,"turns":7.0},{"damage":40.0,"enemies":"Gremlin Nob","floor":8.0,"turns":5.0},{"damage":11.0,"enemies":"Exordium Thugs","floor":12.0,"turns":8.0},{"damage":3.0,"enemies":"Lagavulin","floor":14.0,"turns":7.0},{"damage":43.0,"enemies":"Hexaghost","floor":16.0,"turns":11.0},{"damage":17.0,"enemies":"Chosen","floor":18.0,"turns":8.0},{"damage":6.0,"enemies":"Spheric Guardian","floor":20.0,"turns":5.0},{"damage":47.0,"enemies":"Cultist and Chosen","floor":22.0,"turns":8.0},{"damage":9.0,"enemies":"3 Cultists","floor":25.0,"turns":4.0},{"damage":18.0,"enemies":"Snake Plant","floor":28.0,"turns":4.0},{"damage":7.0,"enemies":"Cultist and Chosen","floor":31.0,"turns":10.0},{"damage":1,"enemies":"Collector","floor":33,"turns":8},{"damage":7,"enemies":"3 Darklings","floor":35,"turns":5},{"damage":5,"enemies":"Orb Walker","floor":39,"turns":4},{"damage":0,"enemies":"Giant Head","floor":40,"turns":7},{"damage":0,"enemies":"Mind Bloom Boss Battle","floor":44,"turns":8},{"damage":24,"enemies":"Nemesis","floor":45,"turns":7},{"damage":6,"enemies":"Reptomancer","floor":47,"turns":6},{"damage":25,"enemies":"Time Eater","floor":50,"turns":9}],"seed_played":"-1742008360718637857","potions_obtained":[{"floor":5.0,"key":"SpeedPotion"},{"floor":8.0,"key":"AttackPotion"},{"floor":16.0,"key":"ElixirPotion"},{"floor":20.0,"key":"Fruit Juice"},{"floor":31.0,"key":"Swift Potion"},{"floor":35,"key":"LiquidMemories"},{"floor":40,"key":"ColorlessPotion"},{"floor":47,"key":"Fire Potion"}],"is_trial":false,"path_per_floor":["M","?","M","$","M","E","R","E","T","R","?","M","R","E","R","B",null,"M","$","M","?","M","R","?","M","T","?","M","$","?","M","R","B",null,"M","?","?","$","M","E","R","?","T","?","E","R","E","$","R","B",null],"character_chosen":"IRONCLAD","items_purchased":["Vajra","Metallicize"],"campfire_rested":3,"item_purchase_floors":[19,19],"current_hp_per_floor":[68,68,73,73,71,70,70,36,36,36,36,31,31,34,58,21,65,54,54,59,59,18,43,37,34,34,34,22,22,22,21,21,26,38,37,37,37,37,38,44,44,46,46,48,32,32,34,34,51,35],"gold":22,"neow_bonus":"RANDOM_COLORLESS_2","is_daily":false,"chose_seed":false,"campfire_upgraded":6,"win_rate":0.0,"timestamp":1613718951,"path_taken":["M","?","M","$","?","E","R","E","T","R","?","M","R","E","R","BOSS","M","$","M","?","?","R","?","?","T","?","M","$","?","M","R","BOSS","M","?","?","$","M","E","R","?","T","?","E","R","E","?","R","BOSS"],"items_purchased_type":["Relic","Card"],"build_version":"2020-12-22","purchased_purges":4,"victory":true,"max_hp_per_floor":[80,80,80,80,80,80,80,80,80,80,80,80,80,80,80,80,80,80,80,85,85,85,85,85,85,85,85,85,85,42,42,42,42,42,42,42,42,42,42,44,44,46,46,48,50,50,52,52,54,54],"card_choices":[{"not_picked":["Sadistic Nature","HandOfGreed"],"picked":"Mayhem","floor":0.0},{"not_picked":["True Grit","Wild Strike","Anger"],"picked":"SKIP","floor":1.0},{"not_picked":["Perfected Strike","Reaper"],"picked":"Inflame","floor":3.0},{"not_picked":["Carnage","Cleave"],"picked":"Shrug It Off","floor":5.0},{"not_picked":["Pommel Strike","Blood for Blood"],"picked":"Intimidate+1","floor":6.0},{"not_picked":["Rampage","Double Tap+1","Clothesline"],"picked":"SKIP","floor":8.0},{"not_picked":["Power Through+1","Heavy Blade"],"picked":"Seeing Red+1","floor":12.0},{"not_picked":["Havoc+1","Perfected Strike"],"picked":"Shrug It Off+1","floor":14.0},{"not_picked":["Impervious+1","Exhume+1"],"picked":"Limit Break+1","floor":16.0},{"not_picked":["Sword Boomerang","Flex+1"],"picked":"Infernal Blade+1","floor":18.0},{"not_picked":["Shrug It Off+1","Headbutt","Warcry+1"],"picked":"SKIP","floor":20.0},{"not_picked":["Shrug It Off+1","Headbutt"],"picked":"Inflame","floor":22.0},{"not_picked":["Armaments+1","Rage+1","Havoc+1"],"picked":"SKIP","floor":25.0},{"not_picked":["Blood for Blood","Spot Weakness+1"],"picked":"Impervious+1","floor":28.0},{"not_picked":["Thunderclap","Blood for Blood+1","Havoc+1"],"picked":"SKIP","floor":31.0},{"not_picked":["Offering+1","Immolate"],"picked":"Berserk","floor":33},{"not_picked":[],"picked":"Heavy Blade","floor":35},{"not_picked":["Perfected Strike+1"],"picked":"SKIP","floor":39},{"not_picked":["Thunderclap"],"picked":"Singing Bowl","floor":40},{"not_picked":["Forethought+1"],"picked":"Singing Bowl","floor":42},{"not_picked":["Rupture"],"picked":"Singing Bowl","floor":44},{"not_picked":["Pommel Strike"],"picked":"Singing Bowl","floor":45},{"not_picked":["True Grit+1"],"picked":"Singing Bowl","floor":47},{"not_picked":["Hemokinesis+1"],"picked":"Singing Bowl","floor":49}],"player_experience":394919,"relics_obtained":[{"floor":6.0,"key":"Toxic Egg 2"},{"floor":8.0,"key":"Centennial Puzzle"},{"floor":9.0,"key":"Oddly Smooth Stone"},{"floor":14.0,"key":"Orichalcum"},{"floor":26.0,"key":"MawBank"},{"floor":40,"key":"Singing Bowl"},{"floor":43,"key":"Pantograph"},{"floor":44,"key":"Dead Branch"},{"floor":45,"key":"Dream Catcher"},{"floor":47,"key":"HornCleat"}],"event_choices":[{"damage_healed":0.0,"max_hp_gain":0.0,"max_hp_loss":0.0,"gold_gain":0.0,"cards_transformed":["Strike_R"],"event_name":"Transmorgrifier","player_choice":"Transformed","floor":2.0,"gold_loss":0.0,"damage_taken":0.0,"cards_obtained":["Ghostly Armor"]},{"damage_healed":0.0,"max_hp_gain":0.0,"max_hp_loss":0.0,"gold_gain":0.0,"cards_transformed":["Strike_R"],"event_name":"Living Wall","player_choice":"Change","floor":11.0,"gold_loss":0.0,"damage_taken":0.0,"cards_obtained":["Thunderclap"]},{"damage_healed":0.0,"max_hp_gain":0.0,"max_hp_loss":0.0,"gold_gain":0.0,"event_name":"WeMeetAgain","player_choice":"Gave Potion","floor":21.0,"gold_loss":0.0,"damage_taken":0.0,"relics_obtained":["Bronze Scales"]},{"damage_healed":0.0,"max_hp_gain":0.0,"max_hp_loss":0.0,"gold_gain":0.0,"event_name":"Knowing Skull","player_choice":"","floor":24.0,"potions_obtained":[],"gold_loss":0.0,"damage_taken":6.0,"cards_obtained":[]},{"cards_removed":["Strike_R"],"damage_healed":0.0,"max_hp_gain":0.0,"max_hp_loss":0.0,"gold_gain":0.0,"event_name":"Beggar","player_choice":"Gave Gold","floor":27.0,"gold_loss":75.0,"damage_taken":0.0},{"damage_healed":0.0,"max_hp_gain":0.0,"max_hp_loss":43.0,"gold_gain":0.0,"event_name":"Ghosts","player_choice":"Became a Ghost","floor":30.0,"gold_loss":0.0,"damage_taken":0.0,"cards_obtained":["Ghostly","Ghostly","Ghostly","Ghostly","Ghostly"]},{"cards_removed":["Bash"],"damage_healed":0,"gold_gain":0,"player_choice":"Removed Attack","damage_taken":0,"max_hp_gain":0,"max_hp_loss":0,"event_name":"Falling","floor":36,"gold_loss":0},{"damage_healed":0,"gold_gain":0,"player_choice":"Ignored","damage_taken":0,"max_hp_gain":0,"max_hp_loss":0,"event_name":"Tomb of Lord Red Mask","floor":37,"gold_loss":0},{"damage_healed":0,"gold_gain":0,"player_choice":"Memory 1","damage_taken":0,"max_hp_gain":0,"max_hp_loss":0,"event_name":"SensoryStone","floor":42,"gold_loss":0},{"damage_healed":0,"gold_gain":0,"player_choice":"Fight","damage_taken":0,"max_hp_gain":0,"max_hp_loss":0,"event_name":"MindBloom","floor":44,"gold_loss":0}],"is_beta":false,"boss_relics":[{"not_picked":["Runic Cube","Tiny House"],"picked":"Empty Cage"},{"not_picked":["Runic Dome","Fusion Hammer"],"picked":"Busted Crown"}],"items_purged_floors":[19,29,38,48],"is_endless":false,"potions_floor_spawned":[5,8,12,14,16,18,20,31,35,40,47],"ascension_level":12}}