{"host":"21o28mgl9u9ntir2","time":1613744313,"event":{"mods":["BaseMod","BetterRewards","Colored Powertips","Minty Spire (QoL Compilation)","Quick Restart","Remove Card Discount Mod","SOS（斯巴达之子）","Spicy Shops","StSLib","SuperFastMode","[IsaacMod]以撒尖塔","【遗物卡牌】REMEMod","残留之物"],"gold_per_floor":[119,119,119,119,119,119,149,87,87,87,100,129,207,225,225,320,320,336,351,67,80,80,110,110,136,208,238,238,258,258,357,357,453,503,517,517,567,567,360,395,395,395,395,443,219,231,231,247,247,247,247,247,121,151,151],"floor_reached":56,"language":"ZHS","playtime":1143,"items_purged":["Clumsy","PlaceholderMod:BaseStrike","PlaceholderMod:BaseStrike","PlaceholderMod:BaseDefend","PlaceholderMod:BaseDefend","PlaceholderMod:BaseStrike","PlaceholderMod:PoisonWhip","PlaceholderMod:HardStrike+1","PlaceholderMod:BaseDefend+1","PlaceholderMod:BaseDefend+1","PlaceholderMod:PoisonExcitation+1"],"score":1672,"play_id":"ce7faf3e-f265-45f8-8060-0fe23b5558ad","local_time":"20210219221833","is_ascension_mode":true,"campfire_choices":[{"data":"PlaceholderMod:HardStrike","floor":6.0,"key":"SMITH"},{"data":"PlaceholderMod:SeverePoisonStrike","floor":10.0,"key":"SMITH"},{"data":"PlaceholderMod:Crystal","floor":15.0,"key":"SMITH"},{"data":"PlaceholderMod:PoisonExcitation","floor":28.0,"key":"SMITH"},{"data":"PlaceholderMod:PoisonExcitation","floor":32.0,"key":"SMITH"},{"floor":41.0,"key":"RECALL"},{"floor":47.0,"key":"REST"},{"floor":49.0,"key":"REST"},{"floor":52.0,"key":"REST"}],"circlet_count":0,"master_deck":["PlaceholderMod:BaseStrike","PlaceholderMod:Crystal+1","PlaceholderMod:BaseStrike","PlaceholderMod:SeverePoisonStrike+1","PlaceholderMod:DirectingGroup+1","PlaceholderMod:FinalSpray+1","PlaceholderMod:FinalSpray+1","PlaceholderMod:HardStinger+1","PlaceholderMod:PoisonAbsorb+1","PlaceholderMod:PoisonExcitation+1","PlaceholderMod:GrowthForm+1"],"relics":["PlaceholderMod:Tancle","HushsDoor","REME_ComplimentaryCards","MoneyPower","NeowsBlessing","PlaceholderMod:NyogSothep","BookOfRevelations","Toxic Egg 2","Happy Flower","PillsDrop","Sozu","Membership Card","Oddly Smooth Stone","HowToJump","Membership Card","Omamori","Tiny House","Pen Nib","Bird Faced Urn","ClockworkSouvenir","Letter Opener","Molten Egg 2","AnarchistCookbook","Torii","TheBible","Thread and Needle","Bottled Lightning","Strawberry"],"acts_visited":["Exordium","TheCity","TheBeyond","TheEnding"],"potions_floor_usage":[],"damage_taken":[{"damage":0.0,"enemies":"Cultist","floor":1.0,"turns":1.0},{"damage":0.0,"enemies":"Lagavulin","floor":7.0,"turns":1.0},{"damage":0.0,"enemies":"Small Slimes","floor":11.0,"turns":1.0},{"damage":4.0,"enemies":"Gremlin Nob","floor":12.0,"turns":3.0},{"damage":1.0,"enemies":"Jaw Worm","floor":14.0,"turns":3.0},{"damage":0.0,"enemies":"The Guardian","floor":16.0,"turns":7.0},{"damage":0.0,"enemies":"Spheric Guardian","floor":18.0,"turns":3.0},{"damage":0.0,"enemies":"2 Thieves","floor":19.0,"turns":2.0},{"damage":0.0,"enemies":"Cultist and Chosen","floor":21.0,"turns":3.0},{"damage":0.0,"enemies":"Book of Stabbing","floor":23.0,"turns":3.0},{"damage":0.0,"enemies":"Gremlin Leader","floor":25.0,"turns":2.0},{"damage":10.0,"enemies":"Slavers","floor":27.0,"turns":2.0},{"damage":0.0,"enemies":"3 Cultists","floor":29.0,"turns":2.0},{"damage":2.0,"enemies":"Champ","floor":33.0,"turns":4.0},{"damage":0.0,"enemies":"3 Shapes","floor":35.0,"turns":2.0},{"damage":0.0,"enemies":"Mind Bloom Boss Battle","floor":37.0,"turns":2.0},{"damage":0.0,"enemies":"Reptomancer","floor":40.0,"turns":2.0},{"damage":0.0,"enemies":"2 Orb Walkers","floor":44.0,"turns":2.0},{"damage":0.0,"enemies":"3 Darklings","floor":46.0,"turns":2.0},{"damage":0.0,"enemies":"4 Shapes","floor":48.0,"turns":2.0},{"damage":0.0,"enemies":"Time Eater","floor":50.0,"turns":4.0},{"damage":7,"enemies":"Shield and Spear","floor":54,"turns":2},{"damage":0,"enemies":"The Heart","floor":55,"turns":4}],"seed_played":"-5048217212329062456","potions_obtained":[{"floor":7.0,"key":"Fire Potion"},{"floor":11.0,"key":"Swift Potion"},{"floor":16.0,"key":"Weak Potion"}],"is_trial":false,"path_per_floor":["M","?","?","?","?","R","E","$","T","R","M","E","T","M","R","B",null,"M","M","$","M","?","E","?","E","T","E","R","M","?","?","R","B",null,"M","T","?","?","$","E","R","?","T","?","$","M","R","M","R","B",null,"R","$","E","B",null],"character_chosen":"THE_PLACEHOLDER","items_purchased":["BookOfRevelations","PlaceholderMod:FinalSpray+1","PlaceholderMod:PoisonExcitation","Membership Card","Oddly Smooth Stone","ClockworkSouvenir","Letter Opener","TheBible","Thread and Needle","Bottled Lightning"],"campfire_rested":3,"item_purchase_floors":[8,17,20,20,20,39,39,45,45,53],"current_hp_per_floor":[78,71,71,55,55,55,55,55,55,55,55,57,57,62,62,68,74,69,69,69,69,69,69,69,69,69,61,61,64,64,64,64,68,74,74,74,74,74,74,74,74,74,74,77,77,77,77,77,77,77,77,77,77,79,84],"gold":151,"neow_bonus":"THREE_ENEMY_KILL","is_daily":false,"chose_seed":false,"campfire_upgraded":5,"win_rate":0.0,"timestamp":1613744313,"path_taken":["M","?","?","?","?","R","E","$","T","R","M","E","?","?","R","BOSS","M","M","$","M","?","E","?","E","T","E","R","M","?","?","R","BOSS","M","?","?","?","$","E","R","?","T","?","$","M","R","M","R","BOSS","R","$","E","BOSS"],"items_purchased_type":["Relic","Card","Card","Relic","Relic","Relic","Relic","Relic","Relic","Relic"],"build_version":"2020-12-22","purchased_purges":11,"victory":true,"max_hp_per_floor":[78,78,78,78,78,78,78,78,78,78,78,78,78,78,78,78,74,69,69,69,69,69,69,69,69,69,69,69,69,69,69,69,69,74,74,74,74,74,74,74,74,74,74,77,77,77,77,77,77,77,77,77,77,84,84],"card_choices":[{"not_picked":["PlaceholderMod:DissolvingSpikes","PlaceholderMod:Polyp","PlaceholderMod:ProliferateStrike"],"picked":"SKIP","floor":1.0},{"not_picked":["PlaceholderMod:Hard","PlaceholderMod:NearChange"],"picked":"PlaceholderMod:SeverePoisonStrike","floor":7.0},{"not_picked":["PlaceholderMod:PoisonExcitation","PlaceholderMod:SeverePoisonStrike"],"picked":"PlaceholderMod:DirectingGroup+1","floor":11.0},{"not_picked":["PlaceholderMod:HardStinger+1","PlaceholderMod:CrystallizationStrike","PlaceholderMod:EnergyAbsorb+1"],"picked":"SKIP","floor":12.0},{"not_picked":["PlaceholderMod:PericyclicReaction+1","PlaceholderMod:RadicalHit","PlaceholderMod:OHStrongAttack"],"picked":"SKIP","floor":14.0},{"not_picked":["PlaceholderMod:QualitativeChange+1","PlaceholderMod:DoublePoint+1"],"picked":"PlaceholderMod:FinalSpray+1","floor":16.0},{"not_picked":["PlaceholderMod:Turn+1","PlaceholderMod:ContinueSpray","PlaceholderMod:HornyBlast+1"],"picked":"SKIP","floor":18.0},{"not_picked":["PlaceholderMod:MultipleOxi+1","PlaceholderMod:EnergyAbsorb+1"],"picked":"PlaceholderMod:HardStinger+1","floor":19.0},{"not_picked":["PlaceholderMod:SprayAttack+1","PlaceholderMod:AngryAttack","PlaceholderMod:HornyBlast+1"],"picked":"SKIP","floor":21.0},{"not_picked":["PlaceholderMod:ReactionCatalyze+1","PlaceholderMod:DirectingGroup+1","PlaceholderMod:Crystallization"],"picked":"SKIP","floor":23.0},{"not_picked":["PlaceholderMod:Stratification+1","PlaceholderMod:ComplexForm","PlaceholderMod:Hyperplasia+1"],"picked":"SKIP","floor":25.0},{"not_picked":["PlaceholderMod:SeverePoisonStrike","PlaceholderMod:BlastSpray","PlaceholderMod:Sweep"],"picked":"SKIP","floor":27.0},{"not_picked":["PlaceholderMod:AttackAsDefend","PlaceholderMod:EnergyAbsorb+1"],"picked":"PlaceholderMod:PoisonAbsorb+1","floor":29.0},{"not_picked":["PlaceholderMod:Eat","PlaceholderMod:Inner"],"picked":"PlaceholderMod:GrowthForm","floor":33.0},{"not_picked":["PlaceholderMod:PoisonAbsorb+1","PlaceholderMod:ContinueSpray","PlaceholderMod:StressReaction+1"],"picked":"SKIP","floor":35.0},{"not_picked":["PlaceholderMod:ConsolidateHit+1","PlaceholderMod:PoisonAbsorb+1","PlaceholderMod:Package+1"],"picked":"SKIP","floor":40.0},{"not_picked":["PlaceholderMod:Turn+1","PlaceholderMod:SpinBlade+1","PlaceholderMod:AttackAsDefend+1"],"picked":"SKIP","floor":46.0},{"not_picked":["PlaceholderMod:CrystallizationStrike+1","PlaceholderMod:MultipleOxi+1","PlaceholderMod:TriggerStrike+1"],"picked":"SKIP","floor":48.0},{"not_picked":["PlaceholderMod:MultipleOxi+1","PlaceholderMod:Corrosion+1","PlaceholderMod:OHStrongAttack+1"],"picked":"SKIP","floor":54}],"player_experience":747326,"relics_obtained":[{"floor":7.0,"key":"PlaceholderMod:NyogSothep"},{"floor":9.0,"key":"Toxic Egg 2"},{"floor":12.0,"key":"Happy Flower"},{"floor":13.0,"key":"PillsDrop"},{"floor":23.0,"key":"HowToJump"},{"floor":25.0,"key":"Diplopia"},{"floor":27.0,"key":"Omamori"},{"floor":36.0,"key":"Pen Nib"},{"floor":37.0,"key":"Bird Faced Urn"},{"floor":40.0,"key":"Molten Egg 2"},{"floor":43.0,"key":"AnarchistCookbook"},{"floor":44.0,"key":"Torii"},{"floor":54,"key":"Strawberry"}],"event_choices":[{"damage_healed":0.0,"max_hp_gain":0.0,"max_hp_loss":0.0,"gold_gain":0.0,"event_name":"Shining Light","player_choice":"Entered Light","floor":4.0,"gold_loss":0.0,"damage_taken":16.0,"cards_upgraded":["PlaceholderMod:BaseDefend","PlaceholderMod:BaseDefend"]},{"damage_healed":0.0,"max_hp_gain":0.0,"max_hp_loss":0.0,"gold_gain":0.0,"cards_transformed":["PlaceholderMod:BaseStrike"],"event_name":"Living Wall","player_choice":"Change","floor":5.0,"gold_loss":0.0,"damage_taken":0.0,"cards_obtained":["PlaceholderMod:HardStrike"]},{"cards_removed":["PlaceholderMod:BaseDefend"],"damage_healed":0.0,"max_hp_gain":0.0,"max_hp_loss":0.0,"gold_gain":0.0,"event_name":"Back to Basics","player_choice":"Elegance","floor":22.0,"gold_loss":0.0,"damage_taken":0.0},{"damage_healed":0.0,"max_hp_gain":0.0,"max_hp_loss":0.0,"gold_gain":0.0,"event_name":"Beggar","player_choice":"Ignored","floor":24.0,"gold_loss":0.0,"damage_taken":0.0},{"damage_healed":0.0,"max_hp_gain":0.0,"max_hp_loss":0.0,"gold_gain":0.0,"event_name":"The Library","player_choice":"Read","floor":30.0,"gold_loss":0.0,"damage_taken":0.0,"cards_obtained":["PlaceholderMod:PoisonExcitation"]},{"damage_healed":0.0,"max_hp_gain":0.0,"max_hp_loss":0.0,"gold_gain":99.0,"event_name":"Nest","player_choice":"Stole From Cult","floor":31.0,"gold_loss":0.0,"damage_taken":0.0},{"damage_healed":0.0,"max_hp_gain":0.0,"max_hp_loss":0.0,"gold_gain":0.0,"event_name":"MindBloom","player_choice":"Fight","floor":37.0,"gold_loss":0.0,"damage_taken":0.0},{"damage_healed":0.0,"max_hp_gain":0.0,"max_hp_loss":0.0,"gold_gain":0.0,"event_name":"Tomb of Lord Red Mask","player_choice":"Ignored","floor":42.0,"gold_loss":0.0,"damage_taken":0.0},{"damage_healed":0.0,"max_hp_gain":0.0,"max_hp_loss":0.0,"gold_gain":0.0,"event_name":"Mysterious Sphere","player_choice":"Fight","floor":44.0,"gold_loss":0.0,"damage_taken":0.0}],"is_beta":false,"boss_relics":[{"not_picked":["REME_DuelDisc","Fusion Hammer"],"picked":"Sozu"},{"not_picked":[]},{"not_picked":["Astrolabe","Runic Pyramid"],"picked":"Tiny House"},{"not_picked":[]}],"items_purged_floors":[8,20,20,20,20,20,45,45,45,53,53],"is_endless":false,"potions_floor_spawned":[7,11,16,25,33,37,48,54],"ascension_level":1}}