{"host":"t75twhtg6c476ygg","time":1613754939,"event":{"mods":["AchievementEnabler","BaseMod","Colored Powertips","Minty Spire (QoL Compilation)","Quick Restart","Relic Stats","StSLib","SuperFastMode"],"gold_per_floor":[144,189,189,234,279,279,369,44,69,114,114,114,15,60,60,360,360,405,320,320,365,115,205,250,250,250,340,340,385,71,125,125,425,425,470,530,530,170,130,220,274,274,274,424,424,523,548,602,611,611],"floor_reached":51,"language":"ENG","playtime":1900,"items_purged":["Pain"],"score":1243,"play_id":"44b231d7-a569-4f15-97af-efbd2cd1e06c","local_time":"20210219171539","daily_mods":["Insanity","Blue Cards","Midas"],"is_ascension_mode":false,"campfire_choices":[{"floor":15.0,"key":"REST"},{"floor":25.0,"key":"REST"},{"floor":32.0,"key":"REST"},{"floor":42,"key":"REST"},{"floor":49,"key":"REST"}],"circlet_count":0,"master_deck":["Uppercut","Rebound","Aggregate+1","Streamline","Melter","Rebound","Hologram","Twin Strike","Evolve","Headbutt","Coolheaded+1","Ball Lightning","Streamline","Go for the Eyes","Warcry","Redo","True Grit","Skim","White Noise","Flex","Disarm","Sweeping Beam","Searing Blow","Gash","Battle Trance","Anger","Undo","Stack","Stack","Steam","Pummel","Aggregate","Rage+1","Rampage","Sweeping Beam","Reprogram","Gash","Ball Lightning","Hologram","Heavy Blade","Warcry","Shrug It Off","Anger","Havoc","Rage","Combust","Inflame","Rebound","Reprogram","Beam Cell","Pommel Strike","Armaments","Fusion","Self Repair+1","Berserk+1","Rupture+1","Conserve Battery","Turbo","Static Discharge+1","Loop+1","Double Energy","Storm+1","Armaments+1","Berserk+1","Rupture+1"],"relics":["Black Blood","Mummified Hand","Frozen Egg 2","Ancient Tea Set","WarpedTongs","Ice Cream","Unceasing Top","Bottled Lightning","Sling","Juzu Bracelet","Bag of Marbles","Lantern","Meat on the Bone","Potion Belt","Pen Nib","CeramicFish","Bottled Tornado","SacredBark","StoneCalendar","Dream Catcher","Medical Kit","Letter Opener","War Paint","Gambling Chip","Orichalcum","PreservedInsect"],"acts_visited":["Exordium","TheCity","TheBeyond"],"potions_floor_usage":[48,48,48,48,48,50,50,50],"damage_taken":[{"damage":0.0,"enemies":"Small Slimes","floor":1.0,"turns":1.0},{"damage":1.0,"enemies":"2 Louse","floor":2.0,"turns":2.0},{"damage":0.0,"enemies":"Cultist","floor":4.0,"turns":2.0},{"damage":0.0,"enemies":"2 Fungi Beasts","floor":5.0,"turns":2.0},{"damage":31.0,"enemies":"Lagavulin","floor":7.0,"turns":5.0},{"damage":15.0,"enemies":"Exordium Thugs","floor":10.0,"turns":5.0},{"damage":0.0,"enemies":"3 Louse","floor":14.0,"turns":1.0},{"damage":0.0,"enemies":"Slime Boss","floor":16.0,"turns":1.0},{"damage":0.0,"enemies":"Shell Parasite","floor":18.0,"turns":1.0},{"damage":0.0,"enemies":"Chosen","floor":21.0,"turns":1.0},{"damage":0.0,"enemies":"Book of Stabbing","floor":23.0,"turns":2.0},{"damage":0.0,"enemies":"Snake Plant","floor":24.0,"turns":1.0},{"damage":1.0,"enemies":"Slavers","floor":27.0,"turns":2.0},{"damage":0.0,"enemies":"Centurion and Healer","floor":29.0,"turns":1.0},{"damage":0.0,"enemies":"Cultist and Chosen","floor":31.0,"turns":1.0},{"damage":0.0,"enemies":"Automaton","floor":33.0,"turns":1.0},{"damage":6.0,"enemies":"3 Shapes","floor":35.0,"turns":1.0},{"damage":0,"enemies":"2 Orb Walkers","floor":36,"turns":1},{"damage":0,"enemies":"Giant Head","floor":40,"turns":1},{"damage":0,"enemies":"3 Darklings","floor":41,"turns":3},{"damage":0,"enemies":"Mind Bloom Boss Battle","floor":44,"turns":1},{"damage":0,"enemies":"Reptomancer","floor":46,"turns":1},{"damage":13,"enemies":"Writhing Mass","floor":48,"turns":2},{"damage":1,"enemies":"Awakened One","floor":50,"turns":3}],"seed_played":"778547550210687013","potions_obtained":[{"floor":1.0,"key":"SpeedPotion"},{"floor":5.0,"key":"Ancient Potion"},{"floor":23.0,"key":"Block Potion"},{"floor":24.0,"key":"EntropicBrew"}],"is_trial":false,"path_per_floor":["M","M","?","M","M","?","E","$","T","M","?","E","$","M","R","B",null,"M","?","?","M","$","E","M","R","T","E","?","M","$","M","R","B",null,"M","?","?","$","?","E","M","R","T","?","?","E","T","M","R","B",null],"character_chosen":"IRONCLAD","items_purchased":["Frozen Egg 2","DistilledChaos","Sling","Juzu Bracelet","Bag of Marbles","Self Repair+1","Meat on the Bone","Bottled Tornado","Static Discharge+1","Dream Catcher","Medical Kit","Double Energy"],"campfire_rested":5,"item_purchase_floors":[8,8,13,13,13,13,22,30,30,38,38,38],"current_hp_per_floor":[80,80,85,85,85,85,60,60,60,51,51,51,51,67,85,85,85,85,85,85,85,85,85,85,85,85,85,85,85,85,85,85,85,85,85,85,85,85,85,85,85,85,85,85,85,85,85,85,85,85],"gold":611,"neow_bonus":"","is_daily":true,"chose_seed":false,"campfire_upgraded":0,"win_rate":0.0,"timestamp":1613754939,"path_taken":["M","M","?","M","M","?","E","$","T","?","?","E","$","M","R","BOSS","M","?","?","M","$","E","M","R","T","E","?","M","$","M","R","BOSS","M","?","?","$","?","E","M","R","T","?","?","E","?","M","R","BOSS"],"items_purchased_type":["Relic","Potion","Relic","Relic","Relic","Card","Relic","Relic","Card","Relic","Relic","Card"],"build_version":"2020-12-22","purchased_purges":1,"victory":true,"max_hp_per_floor":[80,80,85,85,85,85,85,85,85,85,85,85,85,85,85,85,85,85,85,85,85,85,85,85,85,85,85,85,85,85,85,85,85,85,85,85,85,85,85,85,85,85,85,85,85,85,85,85,85,85],"relic_stats":{"counters":[25,43],"CeramicFish":63,"Black Blood":39,"StoneCalendar":[0],"Pen Nib":[14],"PreservedInsect":0,"Juzu Bracelet":2,"Letter Opener":[140],"War Paint":["Rage","Coolheaded"],"Orichalcum":[0],"Medical Kit":[0],"WarpedTongs":[26],"Dream Catcher":2,"Mummified Hand":[34],"Gambling Chip":[1],"obtain_stats":[{"Ice Cream":12,"Lantern":19,"CeramicFish":27,"SacredBark":34,"Black Blood":17,"StoneCalendar":36,"Juzu Bracelet":13,"Bottled Tornado":30,"Ancient Tea Set":9,"Sling":13,"Burning Blood":0,"Dream Catcher":38,"Mummified Hand":7,"Gambling Chip":44,"Potion Belt":23,"Pen Nib":26,"PreservedInsect":47,"Letter Opener":40,"Frozen Egg 2":8,"War Paint":43,"Orichalcum":46,"Medical Kit":38,"WarpedTongs":11,"Bag of Marbles":13,"Bottled Lightning":12,"Unceasing Top":12,"Meat on the Bone":22},{"Ice Cream":7,"Lantern":10,"CeramicFish":14,"SacredBark":17,"Black Blood":9,"StoneCalendar":19,"Juzu Bracelet":7,"Bottled Tornado":15,"Ancient Tea Set":5,"Sling":7,"Burning Blood":0,"Dream Catcher":19,"Mummified Hand":5,"Gambling Chip":22,"Potion Belt":12,"Pen Nib":13,"PreservedInsect":23,"Letter Opener":20,"Frozen Egg 2":5,"War Paint":21,"Orichalcum":23,"Medical Kit":19,"WarpedTongs":6,"Bag of Marbles":7,"Bottled Lightning":7,"Unceasing Top":7,"Meat on the Bone":11},{"Ice Cream":18,"Lantern":21,"CeramicFish":27,"SacredBark":30,"Black Blood":20,"StoneCalendar":32,"Juzu Bracelet":18,"Bottled Tornado":28,"Ancient Tea Set":12,"Sling":18,"Burning Blood":0,"Dream Catcher":32,"Mummified Hand":12,"Gambling Chip":37,"Potion Belt":24,"Pen Nib":25,"PreservedInsect":38,"Letter Opener":33,"Frozen Egg 2":12,"War Paint":36,"Orichalcum":38,"Medical Kit":32,"WarpedTongs":17,"Bag of Marbles":18,"Bottled Lightning":18,"Unceasing Top":18,"Meat on the Bone":22}],"Unceasing Top":[267],"Meat on the Bone":0},"card_choices":[{"not_picked":["Consume","Undo"],"picked":"Reprogram","floor":1.0},{"not_picked":["Cold Snap","Power Through"],"picked":"Beam Cell","floor":2.0},{"not_picked":["Ball Lightning","Body Slam"],"picked":"Pommel Strike","floor":4.0},{"not_picked":["Auto Shields","Rainbow"],"picked":"Armaments","floor":5.0},{"not_picked":["Sweeping Beam","Rebound","Heatsinks"],"picked":"SKIP","floor":7.0},{"not_picked":["Streamline","Sweeping Beam"],"picked":"Fusion","floor":10.0},{"not_picked":["Bloodletting","Gash","Sever Soul"],"picked":"SKIP","floor":14.0},{"not_picked":["Juggernaut+1","Double Tap"],"picked":"Berserk+1","floor":16.0},{"not_picked":["Compile Driver","Sweeping Beam","Leap+1"],"picked":"SKIP","floor":18.0},{"not_picked":["Perfected Strike","Clash"],"picked":"Rupture+1","floor":21.0},{"not_picked":["Clash","Thunderclap"],"picked":"Conserve Battery","floor":23.0},{"not_picked":["BootSequence","Hyperbeam"],"picked":"Turbo","floor":24.0},{"not_picked":["Blood for Blood","BootSequence","Entrench+1"],"picked":"SKIP","floor":27.0},{"not_picked":["Armaments","Sweeping Beam+1","Havoc"],"picked":"SKIP","floor":29.0},{"not_picked":["Ball Lightning","Blizzard+1"],"picked":"Loop+1","floor":31.0},{"not_picked":["True Grit+1","Thunderclap+1","Havoc+1"],"picked":"SKIP","floor":35.0},{"not_picked":["Compile Driver+1","Streamline+1","Rupture+1"],"picked":"SKIP","floor":40},{"not_picked":["Power Through+1","Streamline+1"],"picked":"Storm+1","floor":41},{"not_picked":["Cold Snap","Beam Cell"],"picked":"Armaments+1","floor":46},{"not_picked":["Go for the Eyes+1","Shrug It Off+1"],"picked":"Berserk+1","floor":48},{"not_picked":["Stack","Perfected Strike"],"picked":"Rupture+1","floor":49}],"player_experience":381363,"relics_obtained":[{"floor":7.0,"key":"Mummified Hand"},{"floor":9.0,"key":"Ancient Tea Set"},{"floor":23.0,"key":"Potion Belt"},{"floor":26.0,"key":"Pen Nib"},{"floor":27.0,"key":"CeramicFish"},{"floor":36,"key":"StoneCalendar"},{"floor":40,"key":"Letter Opener"},{"floor":43,"key":"War Paint"},{"floor":44,"key":"Gambling Chip"},{"floor":46,"key":"Orichalcum"},{"floor":47,"key":"PreservedInsect"}],"event_choices":[{"damage_healed":0.0,"max_hp_gain":5.0,"max_hp_loss":0.0,"gold_gain":0.0,"event_name":"Big Fish","player_choice":"Donut","floor":3.0,"gold_loss":0.0,"damage_taken":0.0},{"cards_removed":["Blood for Blood"],"damage_healed":0.0,"max_hp_gain":0.0,"max_hp_loss":0.0,"gold_gain":0.0,"event_name":"Bonfire Elementals","player_choice":"Offered Uncommon","floor":6.0,"gold_loss":0.0,"damage_taken":0.0},{"damage_healed":0.0,"max_hp_gain":0.0,"max_hp_loss":0.0,"gold_gain":0.0,"event_name":"Accursed Blacksmith","player_choice":"Rummage","floor":11.0,"gold_loss":0.0,"damage_taken":0.0,"relics_obtained":["WarpedTongs"],"cards_obtained":["Pain"]},{"damage_healed":0.0,"max_hp_gain":0.0,"max_hp_loss":0.0,"gold_gain":0.0,"event_name":"Addict","player_choice":"Obtained Relic","floor":19.0,"gold_loss":85.0,"damage_taken":0.0,"relics_obtained":["Lantern"]},{"damage_healed":0.0,"max_hp_gain":0.0,"max_hp_loss":0.0,"gold_gain":0.0,"event_name":"Wheel of Change","player_choice":"Cursed","floor":20.0,"gold_loss":0.0,"damage_taken":0.0,"cards_obtained":["Decay"]},{"cards_removed":["Decay"],"damage_healed":0.0,"max_hp_gain":0.0,"max_hp_loss":0.0,"gold_gain":0.0,"event_name":"Back to Basics","player_choice":"Elegance","floor":28.0,"gold_loss":0.0,"damage_taken":0.0},{"damage_healed":0,"gold_gain":0,"player_choice":"Fight","damage_taken":0,"max_hp_gain":0,"max_hp_loss":0,"event_name":"Mysterious Sphere","floor":36,"gold_loss":0},{"damage_healed":0,"gold_gain":0,"player_choice":"Ignored","damage_taken":0,"max_hp_gain":0,"max_hp_loss":0,"event_name":"Tomb of Lord Red Mask","floor":37,"gold_loss":0},{"damage_healed":0,"gold_gain":0,"player_choice":"Upgrade","damage_taken":0,"max_hp_gain":0,"max_hp_loss":0,"event_name":"Designer","floor":39,"gold_loss":40,"cards_upgraded":["Aggregate"]},{"damage_healed":0,"gold_gain":0,"player_choice":"Fight","damage_taken":0,"max_hp_gain":0,"max_hp_loss":0,"event_name":"MindBloom","floor":44,"gold_loss":0},{"cards_removed":["Compile Driver"],"damage_healed":0,"gold_gain":0,"player_choice":"Removed Attack","damage_taken":0,"max_hp_gain":0,"max_hp_loss":0,"event_name":"Falling","floor":45,"gold_loss":0}],"is_beta":false,"boss_relics":[{"not_picked":["Mark of Pain","Tiny House"],"picked":"Black Blood"},{"not_picked":["Philosopher\u0027s Stone","Runic Dome"],"picked":"SacredBark"}],"items_purged_floors":[13],"is_endless":false,"potions_floor_spawned":[1,5,14,18,23,24,27,35,41,44,46],"ascension_level":0}}