{"host":"bp6b47iftb3mluh0","time":1613748262,"event":{"mods":["100% Spire Juice","Act Like it!","Alarm Clock","Aspiration","Astrologer","BaseMod","Bestiary","Better Third Choice","Better Vampires","Challenge The Spire","Colored Powertips","Conspire","Curses Come First","Dota2Spire","Downfall","Friendly Minions","Gensokyo","Hallownest","Hermit","Kiyohime£®«Âºß£©","Lobotomy","LobotomyExtend","Marisa£®ÏF”Í°°ƒß¿Ì…≥£©","Marked Mod","Minty Spire (QoL Compilation)","Quick Restart","Rare Cards Sparkle","Red Circlet Mod","Relic Filter Mod","Relic Stats","Remilia£®¿Ÿ√◊¿Ú—«£©","Replay The Spire","Reworked Bosses","Ruina","Ryuuou¡˙Õı","Shop Mod","Spicy Shops","StSLib","The Bug Knight","The Invoker Mod","Uncapped","Waifu the Spire","Youmu£®ªÍ∆«—˝√Œ£©","°æ“≈ŒÔø®≈∆°øREMEMod","≤–¡Ù÷ÆŒÔ"],"gold_per_floor":[116,128,128,148,73,73,73,73,73,85,98,128,144,19,19,19,19],"floor_reached":16,"language":"ZHS","playtime":683,"items_purged":["Strike_P"],"score":127,"play_id":"b0d42367-7965-46ab-a45c-462041ce3bd1","local_time":"20210219232422","is_ascension_mode":false,"campfire_choices":[{"data":"Eruption","floor":6,"key":"SMITH"},{"data":"Judgement","floor":8,"key":"SMITH"},{"data":"PathToVictory","floor":15,"key":"SMITH"}],"circlet_count":0,"master_deck":["Strike_P","Strike_P","Strike_P","Defend_P","Defend_P","Defend_P","Defend_P","Eruption+1","Vigilance","Judgement+1","Wellcheers","PathToVictory+1","EmptyBody","OSAHOGD","Replay:DivineShield","MarkedMod:GentlePulse"],"relics":["PureWater","REME_ComplimentaryCards","CogitoBucket","LetterFromLob","Hallownest:DreamNailRelic","PlaceholderMod:SoulofChaos","MarkedMod:AcupunctureKit","ResearcherNote","Strange Spoon"],"acts_visited":["Hallownest:Greenpath"],"potions_floor_usage":[13,16],"damage_taken":[{"damage":0,"enemies":"Hallownest:monsterHuskWarrior","floor":1,"turns":1},{"damage":0,"enemies":"Hallownest:monsterHuskGuard","floor":2,"turns":1},{"damage":0,"enemies":"Hallownest:2_Tiktiks_and_1_Crawlid","floor":4,"turns":4},{"damage":0,"enemies":"Hallownest:1_Baldur_1_Crawlid_1_Warrior","floor":10,"turns":4},{"damage":6,"enemies":"Hallownest:Guard_and_Warrior","floor":11,"turns":5},{"damage":0,"enemies":"Hallownest:eliteVengeflyKing","floor":12,"turns":5},{"damage":11,"enemies":"Hallownest:1_Ooma_and_2_Uuma","floor":13,"turns":5},{"damage":52,"enemies":"Hallownest:BossBrokenVessel","floor":16,"turns":11}],"seed_played":"-2600361976882101832","potions_obtained":[{"floor":2,"key":"champ:CounterPotion"},{"floor":10,"key":"Venom Potion"}],"is_trial":false,"path_per_floor":["M","M","?","M","$","R","?","R","T","M","M","E","M","$","R","B"],"character_chosen":"WATCHER","items_purchased":["Strange Spoon","MarkedMod:GentlePulse"],"campfire_rested":0,"item_purchase_floors":[14,14],"current_hp_per_floor":[72,72,72,72,72,72,63,63,63,66,63,66,64,64,64,15,15],"gold":19,"neow_bonus":"","is_daily":false,"chose_seed":false,"campfire_upgraded":3,"win_rate":0.0,"timestamp":1613748262,"path_taken":["M","?","?","?","?","R","?","R","T","M","M","E","?","$","R","BOSS"],"items_purchased_type":["Relic","Card"],"build_version":"2020-12-22","purchased_purges":1,"victory":false,"max_hp_per_floor":[72,72,72,72,72,72,72,72,72,72,72,72,75,75,75,75,75],"relic_stats":{"Strange Spoon":[0],"counters":[9,37],"obtain_stats":[{"Strange Spoon":14,"CogitoBucket":0,"ResearcherNote":13,"LetterFromLob":1,"Hallownest:DreamNailRelic":3,"PureWater":0,"PlaceholderMod:SoulofChaos":9,"REME_ComplimentaryCards":0,"MarkedMod:AcupunctureKit":12},{"Strange Spoon":8,"CogitoBucket":0,"ResearcherNote":8,"LetterFromLob":1,"Hallownest:DreamNailRelic":2,"PureWater":0,"PlaceholderMod:SoulofChaos":3,"REME_ComplimentaryCards":0,"MarkedMod:AcupunctureKit":6},{"Strange Spoon":26,"CogitoBucket":0,"ResearcherNote":26,"LetterFromLob":1,"Hallownest:DreamNailRelic":2,"PureWater":0,"PlaceholderMod:SoulofChaos":6,"REME_ComplimentaryCards":0,"MarkedMod:AcupunctureKit":20}]},"card_choices":[{"not_picked":["VoidDream","ShyLook"],"picked":"Wellcheers","floor":1},{"not_picked":["DeceiveReality","Halt"],"picked":"PathToVictory","floor":1},{"not_picked":["MarkedMod:FirstStrike","Crescendo"],"picked":"EmptyBody","floor":2},{"not_picked":["Replay:Vibes","CutThroughFate","Replay:BluntJabs"],"picked":"SKIP","floor":4},{"not_picked":["MarkedMod:PinPointDefense","EmptyFist","REME_CRH"],"picked":"SKIP","floor":10},{"not_picked":["CrumblingArmor","SingingMachine"],"picked":"OSAHOGD","floor":11},{"not_picked":["JustLucky","ReachHeaven","SashWhip"],"picked":"SKIP","floor":11},{"not_picked":["BattleHymn","Replay:LoomingThreat","Replay:Cycle"],"picked":"SKIP","floor":12},{"not_picked":["MarkedMod:PinPointDefense","ReachHeaven"],"picked":"Replay:DivineShield","floor":13}],"player_experience":215207,"relics_obtained":[{"floor":1,"key":"LetterFromLob"},{"floor":9,"key":"PlaceholderMod:SoulofChaos"},{"floor":12,"key":"MarkedMod:AcupunctureKit"}],"event_choices":[],"is_beta":false,"boss_relics":[],"items_purged_floors":[5],"is_endless":false,"potions_floor_spawned":[2,10],"killed_by":"Hallownest:BossBrokenVessel","ascension_level":0}}