{"host":"smn2tb46ysgs1sad","time":1613759902,"event":{"mods":["AchievementEnabler","Aspiration","BaseMod","Colored Powertips","Downfall","Hermit","Minty Spire (QoL Compilation)","Reliquary","Replay The Spire","StSLib","The Cursed","The Disciple","The Hierophant"],"gold_per_floor":[99,114,129,143,83,83,130,164,263,263,27,47,59,79,91,192,192,192,205,219,126,142,142,169,183,203,214,199,216,216,46,57,159,159,159,159],"floor_reached":34,"language":"ENG","playtime":2102,"items_purged":[],"score":410,"play_id":"b66788be-6983-4152-8750-16d15b8c999e","local_time":"20210219103822","is_ascension_mode":false,"campfire_choices":[{"data":"champ:Execute","floor":1.0,"key":"SMITH"},{"data":"champ:Strike","floor":18.0,"key":"PURGE"},{"floor":23.0,"key":"REST"},{"floor":30,"key":"REST"}],"circlet_count":0,"master_deck":["champ:Strike","champ:Strike","champ:Defend","champ:Defend","champ:Defend","champ:Defend","champ:Execute+1","champ:Taunt","champ:ArenaPreparation+1","champ:Haymaker","champ:Lariat","champ:FaceSlap","champ:StanceDance","champ:MurderStrike","champ:FlashCut+1","champ:Backstep","champ:IronFortress","champ:UltimateStance","champ:StanceDance","champ:FlashCut","champ:IgnorePain","champ:SetATrap","champ:Duel","champ:CheapShot","champ:ShieldWall","champ:BringItOn+1","champ:LastStand","champ:StrikeOfGenius"],"relics":["champ:ChampionCrown","Replay:Wax Seal","Oddly Smooth Stone","reliquary:Buckler","Fusion Hammer","Runic Dome"],"acts_visited":["Exordium","TheCity","TheBeyond"],"potions_floor_usage":[],"damage_taken":[{"damage":13.0,"enemies":"Cultist","floor":2.0,"turns":5.0},{"damage":8.0,"enemies":"Small Slimes","floor":3.0,"turns":4.0},{"damage":25.0,"enemies":"Jaw Worm","floor":4.0,"turns":4.0},{"damage":15.0,"enemies":"downfall:FleeingMerchant","floor":5.0,"turns":4.0},{"damage":20.0,"enemies":"Gremlin Nob","floor":8.0,"turns":4.0},{"damage":6.0,"enemies":"downfall:FleeingMerchant","floor":11.0,"turns":4.0},{"damage":25.0,"enemies":"Blue Slaver","floor":12.0,"turns":2.0},{"damage":8.0,"enemies":"Exordium Thugs","floor":13.0,"turns":3.0},{"damage":12.0,"enemies":"Lots of Slimes","floor":14.0,"turns":5.0},{"damage":25.0,"enemies":"Large Slime","floor":15.0,"turns":2.0},{"damage":0.0,"enemies":"SI_SHIV_ARCHETYPE","floor":16.0,"turns":5.0},{"damage":53.0,"enemies":"3 Byrds","floor":19.0,"turns":5.0},{"damage":12.0,"enemies":"downfall:LooterAlt2","floor":20.0,"turns":4.0},{"damage":45.0,"enemies":"downfall:FleeingMerchant","floor":21.0,"turns":4.0},{"damage":51.0,"enemies":"Chosen and Byrds","floor":22.0,"turns":5.0},{"damage":43.0,"enemies":"Centurion and Healer","floor":25.0,"turns":9.0},{"damage":24,"enemies":"Sentry and Sphere","floor":26,"turns":5},{"damage":40,"enemies":"Shelled Parasite and Fungi","floor":27,"turns":6},{"damage":20,"enemies":"downfall:FleeingMerchant","floor":28,"turns":4},{"damage":30,"enemies":"Cultist and Chosen","floor":29,"turns":4},{"damage":25,"enemies":"downfall:FleeingMerchant","floor":31,"turns":4},{"damage":16,"enemies":"Chosen and Byrds","floor":32,"turns":3},{"damage":53,"enemies":"DF_ARCHETYPE_CLAW","floor":33,"turns":9}],"seed_played":"6162149193495840696","potions_obtained":[{"floor":2.0,"key":"Guardian:BlockOnCardUsePotion"},{"floor":12.0,"key":"Reflective Coating"},{"floor":14.0,"key":"Energy Potion"},{"floor":16.0,"key":"SpeedPotion"},{"floor":20.0,"key":"Block Potion"}],"is_trial":false,"path_per_floor":["R","M","M","M","$","?","T","E","?","?","$","M","M","M","M","B",null,"R","M","M","$","M","R","T","M","M","M","$","M","R","$","M","B",null],"character_chosen":"THE_CHAMP","items_purchased":["champ:StanceDance","champ:IronFortress","champ:UltimateStance","champ:ShieldWall","champ:LastStand"],"campfire_rested":2,"item_purchase_floors":[5,11,11,21,31],"current_hp_per_floor":[90,82,74,74,74,74,74,64,42,52,46,36,28,26,26,26,100,100,87,80,80,79,100,100,82,73,53,53,53,83,83,77,59,100,100,100],"gold":159,"neow_bonus":"RANDOM_COMMON_RELIC","is_daily":false,"chose_seed":false,"campfire_upgraded":1,"win_rate":0.0,"timestamp":1613759902,"path_taken":["R","M","M","M","$","?","T","E","?","?","?","M","?","M","M","BOSS","R","M","M","$","M","R","T","M","?","M","$","M","R","$","M","BOSS"],"items_purchased_type":["Card","Card","Card","Card","Card"],"build_version":"2020-12-22","purchased_purges":0,"victory":false,"max_hp_per_floor":[90,90,90,90,90,90,90,90,90,100,100,100,100,100,100,100,100,100,100,100,100,100,100,100,100,100,100,100,100,100,100,100,100,100,100,100],"card_choices":[{"not_picked":["champ:Backstep","champ:FanOfKnives"],"picked":"champ:ArenaPreparation","floor":2.0},{"not_picked":["champ:Circumvent","champ:GutPunch"],"picked":"champ:Haymaker","floor":3.0},{"not_picked":["champ:PreciseThrust","champ:FlashCut"],"picked":"champ:Lariat","floor":4.0},{"not_picked":["champ:FanOfKnives","champ:FocusedDefense"],"picked":"champ:FaceSlap","floor":5.0},{"not_picked":["champ:Haymaker","champ:AdrenalArmor"],"picked":"champ:MurderStrike","floor":8.0},{"not_picked":["champ:BerserkersShout","champ:BladeFlurry"],"picked":"champ:FlashCut","floor":9.0},{"not_picked":["champ:Circumvent","champ:Haymaker"],"picked":"champ:Backstep","floor":9.0},{"not_picked":["champ:ShieldSlam","champ:PreciseThrust","champ:EndlessRage"],"picked":"SKIP","floor":11.0},{"not_picked":["champ:HeartStrike","champ:AdrenalArmor"],"picked":"champ:StanceDance","floor":12.0},{"not_picked":["champ:EnGarde","champ:DefensiveShout"],"picked":"champ:FlashCut","floor":13.0},{"not_picked":["champ:Devastate","champ:PreciseThrust","champ:Backstep"],"picked":"SKIP","floor":14.0},{"not_picked":["champ:PreciseThrust","champ:CrownThrow","champ:TornadoPunch"],"picked":"SKIP","floor":15.0},{"not_picked":["champ:HeavySlash","champ:DancingMaster"],"picked":"champ:IgnorePain","floor":16.0},{"not_picked":["champ:BerserkersShout","champ:DefensiveShout"],"picked":"champ:SetATrap","floor":19.0},{"not_picked":["champ:StanceDance","champ:PreciseThrust"],"picked":"champ:Duel","floor":20.0},{"not_picked":["champ:StanceDance","champ:GladiatorStyle"],"picked":"champ:CheapShot","floor":21.0},{"not_picked":["champ:HeartStrike","champ:FocusedDefense","champ:FanOfKnives"],"picked":"SKIP","floor":22.0},{"not_picked":["champ:RapidStrikes","champ:EnragedBash","champ:Circumvent"],"picked":"SKIP","floor":25.0},{"not_picked":["champ:FlashCut+1","champ:RapidStrikes","champ:EnragedBash"],"picked":"SKIP","floor":26},{"not_picked":["champ:CrookedStrike","champ:GladiatorStyle+1"],"picked":"champ:BringItOn+1","floor":27},{"not_picked":["champ:BladeFlurry","champ:DefensiveShout","champ:TornadoPunch"],"picked":"SKIP","floor":28},{"not_picked":["champ:GladiatorStyle+1","champ:SkillfulDodge","champ:FanOfKnives"],"picked":"SKIP","floor":29},{"not_picked":["champ:BladeFlurry","champ:BringItOn","champ:EndlessRage+1"],"picked":"SKIP","floor":31},{"not_picked":["champ:IgnorePain","champ:GutPunch","champ:EnragedBash"],"picked":"SKIP","floor":32},{"not_picked":["champ:ShieldThrow","champ:LastStand"],"picked":"champ:StrikeOfGenius","floor":33}],"player_experience":201869,"relics_obtained":[{"floor":7.0,"key":"Oddly Smooth Stone"},{"floor":8.0,"key":"reliquary:Buckler"}],"event_choices":[],"is_beta":false,"boss_relics":[{"not_picked":["Kintsugi","reliquary:WritOfMandamus"],"picked":"Fusion Hammer"},{"not_picked":["Replay:Drink Me","SlaversCollar"],"picked":"Runic Dome"}],"items_purged_floors":[],"is_endless":false,"potions_floor_spawned":[2,12,14,16,20,22,26,29,32,33],"ascension_level":0}}