{"host":"iodn1af76021fjto","time":1613694978,"event":{"mods":["AchievementEnabler","BaseMod","BetterRewards","Colored Map","Downfall","Hermit","Infinite Spire","Jorbs\u0027s Wanderer Trilogy","Minty Spire (QoL Compilation)","Quick Restart","StSLib","SuperFastMode","The Cursed","The Hierophant","The Jungle","The Runesmith","The Servant 0.9.4"],"gold_per_floor":[111,138,154,154,154,183,183,183,263,283,23,33,48,75,75,180,180,191,191,209,209,229,229,261,293,318,347,365,365,365,365],"floor_reached":30,"language":"ENG","playtime":1344,"items_purged":["Strike_G"],"score":402,"play_id":"39fb176d-c620-4ac0-a27f-1e696a7f6c86","local_time":"20210218193618","is_ascension_mode":true,"campfire_choices":[{"data":"Blade Dance","floor":7,"key":"SMITH"},{"data":"Phantasmal Killer","floor":15,"key":"SMITH"},{"data":"Burst","floor":23,"key":"SMITH"}],"circlet_count":0,"master_deck":["Defend_G","Defend_G+1","Defend_G","Defend_G","Defend_G","Survivor","Neutralize","Flying Knee","Distraction+1","Blade Dance+1","Flying Knee","Endless Agony","Phantasmal Killer+1","Finisher","Burst+1","Dagger Throw+1","Infinite Blades+1","Terror","Blade Dance","Accuracy","Finisher","Bite","Bite","Bite","Bite","Bite"],"relics":["Ring of the Snake","NeowsBlessing","infinitespire:Lucky Rock","Bag of Marbles","Ornamental Fan","Question Card","Torii","HoveringKite","SlaversCollar","Prayer Wheel","Centennial Puzzle","Red Mask","infinitespire:Beetle Shell"],"acts_visited":["Exordium","TheCity"],"potions_floor_usage":[22],"damage_taken":[{"damage":0,"enemies":"Cultist","floor":1,"turns":1},{"damage":0,"enemies":"2 Louse","floor":3,"turns":1},{"damage":0,"enemies":"Lagavulin","floor":6,"turns":1},{"damage":0,"enemies":"Small Slimes","floor":10,"turns":2},{"damage":2,"enemies":"Looter","floor":12,"turns":3},{"damage":2,"enemies":"Gremlin Gang","floor":13,"turns":3},{"damage":0,"enemies":"Gremlin Nob","floor":14,"turns":2},{"damage":5,"enemies":"Hexaghost","floor":16,"turns":9},{"damage":4,"enemies":"3 Byrds","floor":18,"turns":6},{"damage":0,"enemies":"Spheric Guardian","floor":20,"turns":2},{"damage":1,"enemies":"Centurion and Healer","floor":22,"turns":3},{"damage":13,"enemies":"Book of Stabbing","floor":24,"turns":3},{"damage":1,"enemies":"Masked Bandits","floor":25,"turns":2},{"damage":12,"enemies":"Slavers","floor":27,"turns":3},{"damage":1,"enemies":"Cultist and Chosen","floor":28,"turns":2},{"damage":34,"enemies":"Gremlin Leader","floor":30,"turns":4}],"seed_played":"-6067857847177662325","potions_obtained":[{"floor":1,"key":"hexamod:SoulburnPotion"},{"floor":10,"key":"Swift Potion"},{"floor":16,"key":"Fire Potion"},{"floor":25,"key":"SteroidPotion"},{"floor":27,"key":"Weak Potion"}],"is_trial":false,"path_per_floor":["M","T","M","?","?","E","R","?","T","M","$","M","M","E","R","B",null,"M","AVR","M","?","M","R","E","?","T","E","M","?","E"],"character_chosen":"THE_SILENT","items_purchased":["Question Card"],"campfire_rested":0,"item_purchase_floors":[11],"current_hp_per_floor":[70,70,70,70,70,70,70,56,56,56,56,54,52,52,52,47,70,66,66,66,53,52,52,39,38,38,26,25,25,0,0],"gold":365,"neow_bonus":"THREE_ENEMY_KILL","is_daily":false,"chose_seed":false,"campfire_upgraded":3,"win_rate":0.0,"timestamp":1613694978,"path_taken":["M","?","M","?","?","E","R","?","T","M","?","?","M","E","R","BOSS","M","AVR","M","?","M","R","E","?","T","E","M","?","E"],"items_purchased_type":["Relic"],"build_version":"2020-12-22","purchased_purges":1,"victory":false,"max_hp_per_floor":[70,70,70,70,70,70,70,70,70,70,70,70,70,70,70,70,70,70,70,70,75,75,75,75,75,75,75,75,52,52,52],"card_choices":[{"not_picked":["Tactician","Dodge and Roll"],"picked":"Flying Knee","floor":1},{"not_picked":["Leg Sweep","Skewer"],"picked":"Distraction","floor":3},{"not_picked":["After Image","Sucker Punch"],"picked":"Blade Dance","floor":6},{"not_picked":["Underhanded Strike","Deflect"],"picked":"Flying Knee","floor":10},{"not_picked":["Dodge and Roll","Concentrate","Escape Plan"],"picked":"Endless Agony","floor":12},{"not_picked":["Poisoned Stab","Endless Agony","Flechettes"],"picked":"Phantasmal Killer","floor":13},{"not_picked":["Dagger Spray","Flying Knee","PiercingWail"],"picked":"Finisher","floor":14},{"not_picked":["Doppelganger","Venomology","Night Terror"],"picked":"Burst","floor":16},{"not_picked":["Bouncing Flask","Flechettes","Dash+1"],"picked":"Dagger Throw+1","floor":18},{"not_picked":["Quick Slash","Prepared","Footwork"],"picked":"Infinite Blades+1","floor":20},{"not_picked":["Deflect","Footwork","Sucker Punch","Setup"],"picked":"SKIP","floor":20},{"not_picked":["Reflex","Concentrate","Blade Dance"],"picked":"Terror","floor":22},{"not_picked":["Dodge and Roll","Dagger Throw","Deflect+1","Underhanded Strike+1"],"picked":"SKIP","floor":22},{"not_picked":["Corpse Explosion","Setup","Quick Slash"],"picked":"Blade Dance","floor":24},{"not_picked":["Predator","Quick Slash","Dagger Spray"],"picked":"Accuracy","floor":25},{"not_picked":["Slice","Calculated Gamble","Escape Plan"],"picked":"Finisher","floor":27},{"not_picked":["Underhanded Strike+1","Noxious Fumes+1","Dodge and Roll+1","Deflect"],"picked":"SKIP","floor":28},{"not_picked":["Deflect","Leg Sweep","Reflex+1","Prepared"],"picked":"SKIP","floor":28}],"player_experience":272355,"relics_obtained":[{"floor":2,"key":"infinitespire:Lucky Rock"},{"floor":6,"key":"Bag of Marbles"},{"floor":9,"key":"Ornamental Fan"},{"floor":14,"key":"Torii"},{"floor":24,"key":"Centennial Puzzle"},{"floor":25,"key":"Red Mask"},{"floor":27,"key":"infinitespire:Beetle Shell"}],"event_choices":[{"damage_healed":0,"gold_gain":0,"player_choice":"Grow","damage_taken":0,"max_hp_gain":0,"max_hp_loss":0,"event_name":"Living Wall","floor":5,"gold_loss":0,"cards_upgraded":["Distraction"]},{"damage_healed":0,"gold_gain":0,"player_choice":"Entered Light","damage_taken":14,"max_hp_gain":0,"max_hp_loss":0,"event_name":"Shining Light","floor":8,"gold_loss":0,"cards_upgraded":["Defend_G","Strike_G"]},{"damage_healed":0,"gold_gain":0,"player_choice":"Shed Blood","damage_taken":18,"max_hp_gain":5,"max_hp_loss":0,"event_name":"Forgotten Altar","floor":21,"gold_loss":0},{"damage_healed":0,"gold_gain":0,"player_choice":"Fought Bandits","damage_taken":0,"max_hp_gain":0,"max_hp_loss":0,"event_name":"Masked Bandits","floor":25,"gold_loss":0},{"damage_healed":0,"gold_gain":0,"player_choice":"Became a vampire","damage_taken":0,"max_hp_gain":0,"max_hp_loss":23,"event_name":"Vampires","floor":29,"gold_loss":0,"cards_obtained":["Bite","Bite","Bite","Bite","Bite"]}],"is_beta":false,"boss_relics":[{"not_picked":["Runesmith:UraniumAnvil","Runic Dome"],"picked":"HoveringKite"}],"items_purged_floors":[19],"is_endless":false,"potions_floor_spawned":[1,10,16,25,27],"killed_by":"Gremlin Leader","ascension_level":3}}