{"host":"x73jdofm2fk9hsud","time":1613766255,"event":{"mods":["BaseMod","Bestiary","Minty Spire (QoL Compilation)","Relic Stats","ojb\u0027s Better Paths Mod","ojb\u0027s Info Mod"],"gold_per_floor":[361,34,49,60,72,72,98,98,153,186,186,186,111,141,141,214,214,233,148,166,166,184,184,184],"floor_reached":23,"language":"ENG","playtime":606,"items_purged":["Strike_R"],"score":572,"play_id":"456ebc06-992a-425a-8432-85c411828e3b","local_time":"20210219152415","is_ascension_mode":true,"campfire_choices":[{"data":"Inflame","floor":6,"key":"SMITH"},{"floor":8,"key":"REST"},{"data":"Limit Break","floor":11,"key":"SMITH"},{"data":"Bash","floor":15,"key":"SMITH"}],"circlet_count":0,"master_deck":["AscendersBane","Bash+1","Inflame+1","Offering","Pommel Strike","Fire Breathing","Carnage","Limit Break+1","Battle Trance","Reaper","Uppercut","Cleave","Havoc","Dual Wield","Combust","Headbutt","Thunderclap"],"relics":["Burning Blood","Potion Belt","Kunai","Bag of Marbles","Strawberry","Eternal Feather","Pandora\u0027s Box","PreservedInsect"],"acts_visited":["Exordium","TheCity"],"potions_floor_usage":[12,16,23],"damage_taken":[{"damage":12,"enemies":"Small Slimes","floor":1,"turns":6},{"damage":17,"enemies":"2 Louse","floor":3,"turns":4},{"damage":1,"enemies":"Cultist","floor":4,"turns":3},{"damage":13,"enemies":"Looter","floor":5,"turns":3},{"damage":26,"enemies":"3 Sentries","floor":7,"turns":5},{"damage":6,"enemies":"Gremlin Nob","floor":10,"turns":2},{"damage":0,"enemies":"Large Slime","floor":12,"turns":1},{"damage":20,"enemies":"3 Sentries","floor":14,"turns":4},{"damage":6,"enemies":"Slime Boss","floor":16,"turns":5},{"damage":6,"enemies":"Chosen","floor":18,"turns":3},{"damage":17,"enemies":"Spheric Guardian","floor":20,"turns":3},{"damage":48,"enemies":"Snake Plant","floor":22,"turns":3},{"damage":67,"enemies":"Slavers","floor":23,"turns":3}],"seed_played":"1500043357846661629","potions_obtained":[{"floor":5,"key":"AttackPotion"},{"floor":7,"key":"SmokeBomb"},{"floor":10,"key":"Strength Potion"}],"is_trial":false,"path_per_floor":["M","$","M","M","M","R","E","R","T","E","R","M","?","E","R","B",null,"M","?","M","?","M","E"],"character_chosen":"IRONCLAD","items_purchased":["Offering","Potion Belt"],"campfire_rested":1,"item_purchase_floors":[2,2],"current_hp_per_floor":[44,44,33,38,31,31,11,33,33,40,40,46,46,32,41,41,72,81,81,76,82,47,0,0],"gold":184,"neow_bonus":"TWO_FIFTY_GOLD","is_daily":false,"chose_seed":false,"campfire_upgraded":3,"win_rate":0.0,"timestamp":1613766255,"path_taken":["M","$","M","M","M","R","E","R","T","E","R","M","?","E","R","BOSS","M","?","M","?","?","E"],"items_purchased_type":["Card","Relic"],"build_version":"2020-12-22","purchased_purges":1,"victory":false,"max_hp_per_floor":[75,75,75,75,75,75,75,75,75,82,82,82,82,82,82,82,82,82,82,82,82,82,82,82],"relic_stats":{"counters":[13,45],"Eternal Feather":9,"Pandora\u0027s Box":["Entrench","Uppercut","Cleave","Havoc","Dual Wield","Combust","Headbutt"],"PreservedInsect":42,"Kunai":[4],"obtain_stats":[{"Potion Belt":2,"Strawberry":10,"Eternal Feather":14,"Pandora\u0027s Box":17,"PreservedInsect":19,"Bag of Marbles":9,"Kunai":7,"Burning Blood":0},{"Potion Belt":1,"Strawberry":6,"Eternal Feather":8,"Pandora\u0027s Box":9,"PreservedInsect":10,"Bag of Marbles":5,"Kunai":5,"Burning Blood":0},{"Potion Belt":6,"Strawberry":23,"Eternal Feather":28,"Pandora\u0027s Box":33,"PreservedInsect":36,"Bag of Marbles":21,"Kunai":21,"Burning Blood":0}],"Burning Blood":72},"card_choices":[{"not_picked":["Sword Boomerang","Sentinel"],"picked":"Inflame","floor":1},{"not_picked":["Headbutt","Power Through"],"picked":"Pommel Strike","floor":3},{"not_picked":["Headbutt","Clash"],"picked":"Fire Breathing","floor":4},{"not_picked":["Cleave","Body Slam","Second Wind"],"picked":"SKIP","floor":5},{"not_picked":["Clash","Cleave"],"picked":"Carnage","floor":7},{"not_picked":["Warcry","Pommel Strike"],"picked":"Limit Break","floor":10},{"not_picked":["Brutality","Havoc"],"picked":"Battle Trance","floor":14},{"not_picked":["Brutality","Exhume"],"picked":"Reaper","floor":16},{"not_picked":["Clothesline","Clash"],"picked":"Thunderclap","floor":18},{"not_picked":["Anger","Havoc","Sentinel"],"picked":"SKIP","floor":20},{"not_picked":["Dual Wield","Havoc","Clothesline"],"picked":"SKIP","floor":22}],"player_experience":5391496,"relics_obtained":[{"floor":7,"key":"Kunai"},{"floor":9,"key":"Bag of Marbles"},{"floor":10,"key":"Strawberry"},{"floor":14,"key":"Eternal Feather"}],"event_choices":[{"cards_removed":["Strike_R"],"damage_healed":0,"gold_gain":0,"player_choice":"Card Removal","damage_taken":0,"max_hp_gain":0,"max_hp_loss":0,"event_name":"The Cleric","floor":13,"gold_loss":75},{"damage_healed":0,"gold_gain":0,"player_choice":"Obtained Relic","damage_taken":0,"relics_obtained":["PreservedInsect"],"max_hp_gain":0,"max_hp_loss":0,"event_name":"Addict","floor":19,"gold_loss":85},{"cards_removed":["Entrench"],"damage_healed":6,"gold_gain":0,"player_choice":"Offered Uncommon","damage_taken":0,"max_hp_gain":0,"max_hp_loss":0,"event_name":"Bonfire Elementals","floor":21,"gold_loss":0}],"is_beta":false,"boss_relics":[{"not_picked":["Ectoplasm","SlaversCollar"],"picked":"Pandora\u0027s Box"}],"items_purged_floors":[2],"is_endless":false,"potions_floor_spawned":[5,7,10],"killed_by":"Slavers","ascension_level":20}}