{"host":"at5b10nm0iti0w4x","time":1613775627,"event":{"mods":["2.2 Compatiblity","AchievementEnabler","BaseMod","Bestiary","Block Reminder","Colored Map","Colored Powertips","Highlight Path","Keyboard Shortcuts","Minty Spire (QoL Compilation)","Quick Restart","Relic Stats","Slay the Relics Exporter","StSLib","SuperFastMode","Unknown Chances"],"gold_per_floor":[113,20,20,95,111,137,152,171,171,191,211,211,211,236,236,334,334,348,348,348,41,58,58,68,68,68,79,79,79,91,102,102,102,102],"floor_reached":33,"language":"ENG","playtime":645,"items_purged":[],"score":274,"play_id":"7daac105-5092-4797-b112-9834b2ba5172","local_time":"20210219180027","is_ascension_mode":false,"campfire_choices":[{"data":"Rampage","floor":13,"key":"SMITH"},{"data":"Cleave","floor":15,"key":"SMITH"},{"floor":23,"key":"REST"},{"data":"Bash","floor":25,"key":"SMITH"},{"data":"Perfected Strike","floor":29,"key":"SMITH"},{"floor":32,"key":"REST"}],"circlet_count":0,"master_deck":["Strike_R","Strike_R","Strike_R","Strike_R","Strike_R","Defend_R","Defend_R","Defend_R","Defend_R","Bash+1","Rampage+1","Bandage Up","Fire Breathing+1","Cleave+1","Perfected Strike+1","Pommel Strike","Thunderclap","Twin Strike","Limit Break","Hemokinesis+1","Perfected Strike+1","Reckless Charge+1","Hemokinesis+1","Intimidate"],"relics":["Black Blood","NeowsBlessing","Letter Opener","Vajra","Odd Mushroom","Nloth\u0027s Gift","Regal Pillow","Toolbox","Champion Belt"],"acts_visited":["Exordium","TheCity"],"potions_floor_usage":[16,16,31,33,33,33],"damage_taken":[{"damage":0,"enemies":"Jaw Worm","floor":1,"turns":1},{"damage":0,"enemies":"Small Slimes","floor":5,"turns":1},{"damage":0,"enemies":"3 Sentries","floor":6,"turns":1},{"damage":2,"enemies":"2 Louse","floor":7,"turns":2},{"damage":14,"enemies":"Lots of Slimes","floor":8,"turns":4},{"damage":8,"enemies":"Large Slime","floor":10,"turns":4},{"damage":14,"enemies":"Blue Slaver","floor":11,"turns":3},{"damage":12,"enemies":"The Mushroom Lair","floor":14,"turns":3},{"damage":48,"enemies":"Hexaghost","floor":16,"turns":8},{"damage":37,"enemies":"Shell Parasite","floor":18,"turns":4},{"damage":31,"enemies":"Chosen","floor":22,"turns":5},{"damage":27,"enemies":"3 Cultists","floor":24,"turns":4},{"damage":37,"enemies":"Shelled Parasite and Fungi","floor":27,"turns":4},{"damage":31,"enemies":"Sentry and Sphere","floor":30,"turns":4},{"damage":23,"enemies":"Snake Plant","floor":31,"turns":2},{"damage":92,"enemies":"Automaton","floor":33,"turns":6}],"seed_played":"2187576126875225823","potions_obtained":[{"floor":1,"key":"ElixirPotion"},{"floor":7,"key":"PowerPotion"},{"floor":10,"key":"SkillPotion"},{"floor":11,"key":"Energy Potion"},{"floor":16,"key":"FearPotion"},{"floor":22,"key":"Swift Potion"},{"floor":31,"key":"Swift Potion"}],"is_trial":false,"path_per_floor":["M","$","?","?","M","E","M","M","T","M","M","?","R","?","R","B",null,"M","?","?","$","M","R","M","R","T","M","?","R","M","M","R","B"],"character_chosen":"IRONCLAD","items_purchased":["Bandage Up","Regal Pillow","Toolbox"],"campfire_rested":2,"item_purchase_floors":[2,21,21],"current_hp_per_floor":[80,80,62,51,61,71,75,71,71,73,69,53,53,51,51,13,80,59,59,59,59,44,80,65,65,65,44,44,44,29,22,61,0,0],"gold":102,"neow_bonus":"THREE_ENEMY_KILL","is_daily":false,"chose_seed":false,"campfire_upgraded":4,"win_rate":0.0,"timestamp":1613775627,"path_taken":["M","$","?","?","M","E","M","M","T","M","M","?","R","?","R","BOSS","M","?","?","$","M","R","M","R","T","?","?","R","M","M","R","BOSS"],"items_purchased_type":["Card","Relic","Relic"],"build_version":"2020-12-22","purchased_purges":0,"victory":false,"max_hp_per_floor":[80,80,80,80,80,80,80,80,80,80,80,80,80,80,80,80,80,80,80,80,80,80,80,80,80,80,80,80,80,80,80,80,80,80],"relic_stats":{"Regal Pillow":27,"counters":[16,56],"Black Blood":120,"Nloth\u0027s Gift":0,"Letter Opener":[0],"Champion Belt":[5],"obtain_stats":[{"Dream Catcher":3,"Regal Pillow":21,"NeowsBlessing":0,"Vajra":9,"Black Blood":17,"Toolbox":21,"Nloth\u0027s Gift":20,"Letter Opener":6,"Champion Belt":26,"Odd Mushroom":14,"Burning Blood":0},{"Dream Catcher":1,"Regal Pillow":10,"NeowsBlessing":0,"Vajra":5,"Black Blood":9,"Toolbox":10,"Nloth\u0027s Gift":10,"Letter Opener":3,"Champion Belt":12,"Odd Mushroom":8,"Burning Blood":0},{"Dream Catcher":1,"Regal Pillow":31,"NeowsBlessing":0,"Vajra":9,"Black Blood":27,"Toolbox":31,"Nloth\u0027s Gift":31,"Letter Opener":3,"Champion Belt":40,"Odd Mushroom":19,"Burning Blood":0}]},"card_choices":[{"not_picked":["Intimidate","Flex"],"picked":"Rampage","floor":1},{"not_picked":["Feel No Pain","Rage"],"picked":"Fire Breathing","floor":5},{"not_picked":["Shrug It Off","True Grit"],"picked":"Cleave","floor":6},{"not_picked":["Sever Soul","Heavy Blade"],"picked":"Perfected Strike","floor":7},{"not_picked":["Body Slam","Dropkick","Shockwave"],"picked":"SKIP","floor":8},{"not_picked":["Clash","Feel No Pain"],"picked":"Pommel Strike","floor":10},{"not_picked":["True Grit","Infernal Blade"],"picked":"Thunderclap","floor":11},{"not_picked":["Second Wind","Impervious"],"picked":"Twin Strike","floor":14},{"not_picked":["Fiend Fire","Bludgeon"],"picked":"Limit Break","floor":16},{"not_picked":["Sword Boomerang","Heavy Blade"],"picked":"Hemokinesis+1","floor":18},{"not_picked":["Clash","Heavy Blade+1"],"picked":"Reckless Charge+1","floor":22},{"not_picked":["Clothesline","Uppercut"],"picked":"Hemokinesis+1","floor":24},{"not_picked":["Armaments","Searing Blow+1","Feel No Pain"],"picked":"SKIP","floor":27},{"not_picked":["Warcry","Impervious"],"picked":"Intimidate","floor":30},{"not_picked":["Sword Boomerang","Iron Wave","Anger+1"],"picked":"SKIP","floor":31}],"player_experience":113055,"relics_obtained":[{"floor":6,"key":"Letter Opener"},{"floor":9,"key":"Vajra"},{"floor":14,"key":"Odd Mushroom"},{"floor":26,"key":"Champion Belt"}],"event_choices":[{"damage_healed":0,"gold_gain":0,"player_choice":"Success","damage_taken":18,"relics_obtained":["Dream Catcher"],"max_hp_gain":0,"max_hp_loss":0,"event_name":"Scrap Ooze","floor":3,"gold_loss":0},{"damage_healed":0,"gold_gain":75,"player_choice":"Gather Gold","damage_taken":11,"max_hp_gain":0,"max_hp_loss":0,"event_name":"World of Goop","floor":4,"gold_loss":0},{"damage_healed":0,"gold_gain":0,"player_choice":"Entered Light","damage_taken":16,"max_hp_gain":0,"max_hp_loss":0,"event_name":"Shining Light","floor":12,"gold_loss":0,"cards_upgraded":["Fire Breathing","Perfected Strike"]},{"damage_healed":0,"gold_gain":0,"player_choice":"Fought Mushrooms","damage_taken":0,"max_hp_gain":0,"max_hp_loss":0,"event_name":"Mushrooms","floor":14,"gold_loss":0},{"damage_healed":0,"gold_gain":0,"player_choice":"Read","damage_taken":0,"max_hp_gain":0,"max_hp_loss":0,"event_name":"The Library","floor":19,"gold_loss":0,"cards_obtained":["Perfected Strike"]},{"damage_healed":0,"gold_gain":0,"player_choice":"Traded Relic","damage_taken":0,"relics_obtained":["Nloth\u0027s Gift"],"max_hp_gain":0,"max_hp_loss":0,"event_name":"N\u0027loth","floor":20,"relics_lost":["Dream Catcher"],"gold_loss":0},{"damage_healed":0,"gold_gain":0,"player_choice":"Ignored","damage_taken":0,"max_hp_gain":0,"max_hp_loss":0,"event_name":"The Mausoleum","floor":28,"gold_loss":0}],"is_beta":false,"boss_relics":[{"not_picked":["Philosopher\u0027s Stone","Coffee Dripper"],"picked":"Black Blood"}],"items_purged_floors":[],"is_endless":false,"potions_floor_spawned":[1,7,10,11,16,22,24,31],"killed_by":"Automaton","ascension_level":0}}