{"host":"wq1hbhowvcyhiqfc","time":1613734491,"event":{"mods":["AchievementEnabler","BaseMod","Better Silent Start","BetterRewards","Block Reminder","Colored Map","Colored Powertips","Minty Spire (QoL Compilation)","Quick Restart","Rare Cards Sparkle","StSLib"],"gold_per_floor":[111,111,121,136,136,136,168,168,193,229,254,254,289,312,312,423,450,469,469,492,505,26,61,61,99,99,139,99,99,137,157,157,261,261,278,290,314,0,9,9,38,38,93,127,149,171,195,235,235,235,235,235,26,64,64],"floor_reached":56,"language":"ENG","playtime":9544,"items_purged":[],"score":1754,"play_id":"f8289a64-5199-4774-ad3b-0f19f71853a4","local_time":"20210219123451","is_ascension_mode":true,"campfire_choices":[{"data":"Calculated Gamble","floor":6.0,"key":"SMITH"},{"data":"Acrobatics","floor":8.0,"key":"SMITH"},{"floor":15.0,"key":"RECALL"},{"floor":24.0,"key":"REST"},{"floor":29.0,"key":"REST"},{"data":"Dagger Throw","floor":32.0,"key":"SMITH"},{"floor":40.0,"key":"REST"},{"data":"Doppelganger","floor":42.0,"key":"SMITH"},{"floor":49.0,"key":"REST"},{"data":"Sadistic Nature","floor":52.0,"key":"SMITH"}],"circlet_count":0,"master_deck":["Strike_G","Strike_G","Defend_G","Defend_G","Defend_G","Survivor","Neutralize","Noxious Fumes+1","Calculated Gamble+1","Backflip","Acrobatics+1","Dodge and Roll","Tactician+1","Caltrops","Tools of the Trade","Underhanded Strike+1","Well Laid Plans+1","Prepared+1","Adrenaline+1","Deadly Poison","Endless Agony","Blur","Burst","Flying Knee+1","Dagger Throw+1","Doppelganger+1","Prepared+1","Sadistic Nature+1","Backflip+1","Skewer","Outmaneuver","Caltrops","Finisher"],"relics":["Ring of the Serpent","Smiling Mask","CeramicFish","Blood Vial","Bronze Scales","Astrolabe","Nloth\u0027s Gift","Tough Bandages","Art of War","Tingsha","Kunai","Ancient Tea Set","Pantograph","Red Mask","Letter Opener","Pen Nib","PreservedInsect","Toy Ornithopter","Toxic Egg 2","Nunchaku","Boot"],"acts_visited":["Exordium","TheCity","TheBeyond","TheEnding"],"potions_floor_usage":[],"damage_taken":[{"damage":0.0,"enemies":"Small Slimes","floor":1.0,"turns":1.0},{"damage":0.0,"enemies":"Cultist","floor":3.0,"turns":1.0},{"damage":0.0,"enemies":"2 Louse","floor":4.0,"turns":2.0},{"damage":16.0,"enemies":"Lagavulin","floor":7.0,"turns":10.0},{"damage":18.0,"enemies":"Gremlin Nob","floor":10.0,"turns":5.0},{"damage":8.0,"enemies":"Large Slime","floor":11.0,"turns":6.0},{"damage":6.0,"enemies":"Lagavulin","floor":13.0,"turns":8.0},{"damage":0.0,"enemies":"Red Slaver","floor":14.0,"turns":4.0},{"damage":1.0,"enemies":"Hexaghost","floor":16.0,"turns":9.0},{"damage":5.0,"enemies":"2 Thieves","floor":18.0,"turns":3.0},{"damage":4.0,"enemies":"Shell Parasite","floor":20.0,"turns":4.0},{"damage":8.0,"enemies":"Snake Plant","floor":21.0,"turns":4.0},{"damage":23.0,"enemies":"Slavers","floor":23.0,"turns":4.0},{"damage":0.0,"enemies":"Gremlin Leader","floor":25.0,"turns":4.0},{"damage":7.0,"enemies":"Book of Stabbing","floor":27.0,"turns":4.0},{"damage":0.0,"enemies":"Gremlin Leader","floor":30.0,"turns":4.0},{"damage":6.0,"enemies":"Centurion and Healer","floor":31.0,"turns":4.0},{"damage":0.0,"enemies":"Collector","floor":33.0,"turns":4.0},{"damage":25.0,"enemies":"3 Darklings","floor":35.0,"turns":4.0},{"damage":4.0,"enemies":"Orb Walker","floor":36.0,"turns":2.0},{"damage":8.0,"enemies":"Writhing Mass","floor":37.0,"turns":4.0},{"damage":0.0,"enemies":"Nemesis","floor":41.0,"turns":5.0},{"damage":0.0,"enemies":"Reptomancer","floor":44.0,"turns":4.0},{"damage":0.0,"enemies":"Jaw Worm Horde","floor":45.0,"turns":2.0},{"damage":11.0,"enemies":"4 Shapes","floor":46.0,"turns":4.0},{"damage":4.0,"enemies":"Nemesis","floor":48.0,"turns":5.0},{"damage":6.0,"enemies":"Time Eater","floor":50.0,"turns":9.0},{"damage":8.0,"enemies":"Shield and Spear","floor":54.0,"turns":2.0},{"damage":63,"enemies":"The Heart","floor":55,"turns":8}],"seed_played":"-6252402836415562499","potions_obtained":[{"floor":1.0,"key":"DuplicationPotion"},{"floor":7.0,"key":"LiquidMemories"},{"floor":10.0,"key":"CunningPotion"},{"floor":14.0,"key":"EntropicBrew"},{"floor":16.0,"key":"Block Potion"},{"floor":18.0,"key":"SpeedPotion"},{"floor":21.0,"key":"LiquidMemories"},{"floor":25.0,"key":"SteroidPotion"},{"floor":27.0,"key":"BlessingOfTheForge"},{"floor":33.0,"key":"DuplicationPotion"},{"floor":36.0,"key":"SteroidPotion"},{"floor":37.0,"key":"PowerPotion"},{"floor":44.0,"key":"Ancient Potion"}],"is_trial":false,"path_per_floor":["M","?","M","M","?","R","E","R","T","E","M","?","E","M","R","B",null,"M","?","M","M","$","E","R","E","T","E","?","R","E","M","R","B",null,"M","M","M","?","?","R","E","R","T","E","M","M","T","E","R","B",null,"R","$","E","B",null],"character_chosen":"THE_SILENT","items_purchased":["Tough Bandages","Art of War","Deadly Poison","Nunchaku","Swift Potion"],"campfire_rested":4,"item_purchase_floors":[22,22,22,53,53],"current_hp_per_floor":[70,70,70,70,70,70,54,54,54,36,30,30,26,28,28,29,60,57,57,55,49,49,28,49,51,51,46,46,67,69,64,64,70,70,45,43,37,37,37,58,60,60,60,62,64,55,55,53,70,69,70,70,70,62,7],"gold":64,"neow_bonus":"THREE_ENEMY_KILL","is_daily":false,"chose_seed":false,"campfire_upgraded":5,"win_rate":0.0,"timestamp":1613734491,"path_taken":["M","?","?","M","?","R","E","R","T","E","M","?","E","M","R","BOSS","M","?","M","?","$","E","R","E","T","E","?","R","E","M","R","BOSS","M","M","?","?","?","R","E","R","T","E","M","M","?","E","R","BOSS","R","$","E","BOSS"],"items_purchased_type":["Relic","Relic","Card","Relic","Potion"],"build_version":"2020-12-22","purchased_purges":0,"victory":true,"max_hp_per_floor":[70,70,70,70,70,70,70,70,70,70,70,70,70,70,70,70,70,70,70,70,70,70,70,70,70,70,70,70,70,70,70,70,70,70,70,70,70,70,70,70,70,70,70,70,70,70,70,70,70,70,70,70,70,70,70],"card_choices":[{"not_picked":["Dagger Throw","Acrobatics"],"picked":"Noxious Fumes","floor":1.0},{"not_picked":["Quick Slash","Dagger Throw"],"picked":"Calculated Gamble","floor":3.0},{"not_picked":["Well Laid Plans","Flying Knee"],"picked":"Backflip","floor":4.0},{"not_picked":["Malaise","Terror"],"picked":"Acrobatics","floor":7.0},{"not_picked":["Masterful Stab","Dash"],"picked":"Dodge and Roll","floor":10.0},{"not_picked":["Expertise","Riddle With Holes"],"picked":"Tactician","floor":11.0},{"not_picked":["Dash","Setup","Dagger Throw"],"picked":"SKIP","floor":13.0},{"not_picked":["Sucker Punch","Slice"],"picked":"Caltrops","floor":14.0},{"not_picked":["Malaise","Corpse Explosion"],"picked":"Tools of the Trade","floor":16.0},{"not_picked":["Cloak And Dagger","Dash","Dagger Throw"],"picked":"SKIP","floor":18.0},{"not_picked":["Noxious Fumes+1","Dash"],"picked":"Adrenaline","floor":20.0},{"not_picked":["PiercingWail","Blade Dance","All Out Attack"],"picked":"SKIP","floor":21.0},{"not_picked":["Accuracy","Calculated Gamble"],"picked":"Endless Agony","floor":23.0},{"not_picked":["Heel Hook","Infinite Blades"],"picked":"Blur","floor":25.0},{"not_picked":["Poisoned Stab","Well Laid Plans+1"],"picked":"Burst","floor":27.0},{"not_picked":["Unload","Slice"],"picked":"Flying Knee+1","floor":30.0},{"not_picked":["Accuracy","Bane"],"picked":"Dagger Throw","floor":31.0},{"not_picked":["Grand Finale","Glass Knife"],"picked":"Doppelganger","floor":33.0},{"not_picked":["Dodge and Roll","Deadly Poison","Backstab+1"],"picked":"SKIP","floor":35.0},{"not_picked":["Poisoned Stab","Die Die Die","Bane"],"picked":"SKIP","floor":36.0},{"not_picked":["Blade Dance+1","All Out Attack"],"picked":"Prepared+1","floor":37.0},{"not_picked":["Discovery","Bandage Up"],"picked":"Sadistic Nature","floor":39.0},{"not_picked":["Quick Slash","Calculated Gamble","Storm of Steel"],"picked":"SKIP","floor":41.0},{"not_picked":["Infinite Blades","Skewer+1"],"picked":"Backflip+1","floor":44.0},{"not_picked":["Heel Hook+1","Deadly Poison"],"picked":"Skewer","floor":45.0},{"not_picked":["Acrobatics","Prepared+1"],"picked":"Outmaneuver","floor":46.0},{"not_picked":["Wraith Form v2","Poisoned Stab"],"picked":"Caltrops","floor":48.0},{"not_picked":["Glass Knife","Quick Slash+1"],"picked":"Finisher","floor":54.0}],"player_experience":1298320,"relics_obtained":[{"floor":7.0,"key":"Smiling Mask"},{"floor":9.0,"key":"CeramicFish"},{"floor":10.0,"key":"Blood Vial"},{"floor":13.0,"key":"Bronze Scales"},{"floor":23.0,"key":"Tingsha"},{"floor":25.0,"key":"Kunai"},{"floor":27.0,"key":"Ancient Tea Set"},{"floor":30.0,"key":"Pantograph"},{"floor":41.0,"key":"Letter Opener"},{"floor":43.0,"key":"Pen Nib"},{"floor":44.0,"key":"PreservedInsect"},{"floor":47.0,"key":"Toy Ornithopter"},{"floor":48.0,"key":"Toxic Egg 2"},{"floor":54.0,"key":"Boot"}],"event_choices":[{"damage_healed":0.0,"max_hp_gain":0.0,"max_hp_loss":0.0,"gold_gain":0.0,"event_name":"Upgrade Shrine","player_choice":"Upgraded","floor":2.0,"gold_loss":0.0,"damage_taken":0.0,"cards_upgraded":["Noxious Fumes"]},{"damage_healed":0.0,"max_hp_gain":0.0,"max_hp_loss":0.0,"gold_gain":0.0,"event_name":"Golden Wing","player_choice":"Ignored","floor":5.0,"gold_loss":0.0,"damage_taken":0.0},{"damage_healed":0.0,"max_hp_gain":0.0,"max_hp_loss":0.0,"gold_gain":0.0,"event_name":"Accursed Blacksmith","player_choice":"Forge","floor":12.0,"gold_loss":0.0,"damage_taken":0.0,"cards_upgraded":["Tactician"]},{"damage_healed":0.0,"max_hp_gain":0.0,"max_hp_loss":0.0,"gold_gain":0.0,"event_name":"N\u0027loth","player_choice":"Traded Relic","floor":19.0,"relics_lost":["NeowsBlessing"],"gold_loss":0.0,"damage_taken":0.0,"relics_obtained":["Nloth\u0027s Gift"]},{"damage_healed":0.0,"max_hp_gain":0.0,"max_hp_loss":0.0,"gold_gain":0.0,"event_name":"Designer","player_choice":"Upgrade","floor":28.0,"gold_loss":40.0,"damage_taken":0.0,"cards_upgraded":["Adrenaline"]},{"damage_healed":0.0,"max_hp_gain":0.0,"max_hp_loss":0.0,"gold_gain":0.0,"event_name":"Tomb of Lord Red Mask","player_choice":"Paid","floor":38.0,"gold_loss":314.0,"damage_taken":0.0,"relics_obtained":["Red Mask"]},{"damage_healed":0.0,"max_hp_gain":0.0,"max_hp_loss":0.0,"gold_gain":0.0,"event_name":"SensoryStone","player_choice":"Memory 1","floor":39.0,"gold_loss":0.0,"damage_taken":0.0}],"is_beta":false,"boss_relics":[{"not_picked":["Runic Pyramid","Pandora\u0027s Box"],"picked":"Astrolabe"},{"not_picked":["Cursed Key","Busted Crown"],"picked":"Ring of the Serpent"}],"items_purged_floors":[],"is_endless":false,"potions_floor_spawned":[1,7,10,14,16,18,21,25,27,33,36,37,44],"ascension_level":5}}