{"host":"jfbo3eu2ui08ej1u","time":1613755494,"event":{"mods":["2.2 Compatiblity","AchievementEnabler","Act Like it!","Aspiration","BaseMod","Better Altar","Better Match","Better Note","Better Sensory Stone","Better Skull","Better Third Choice","Block Reminder","Colored Map","Colored Powertips","Conspire","DeckTracker","Displayed Cursed Tome","Energized Spire","Fox Events","GifTheSpireLib","Hermit","Hubris","Infinite Spire","Marked Mod","Minty Spire (QoL Compilation)","Monster B Gone","Pale of the Ancients","Poor People Problems","Quick Restart","Relic Filter","Reliquary","Reorder Act Four","Replay The Spire","Shop Mod","Spicy Shops","Spire Arcade","StSLib","Stuff the Spire","The Blue Laboratory","The Disciple","The Forsaken","The Hierophant","The Marked","Uncapped","Unceasing Turn Reminder","Wandering Minibosses"],"gold_per_floor":[117,129,129,32,47,47,77,77,77,77,77,102,115,115,115,189,139,158,158,158],"floor_reached":19,"language":"ENG","playtime":881,"items_purged":[],"score":350,"play_id":"7db8a7f0-5cc6-4425-bcbe-1df12c634db4","local_time":"20210219122454","is_ascension_mode":true,"campfire_choices":[{"data":"Replay:Cycle","floor":6,"key":"SMITH"},{"floor":8,"key":"REST"},{"data":"Eruption","floor":10,"key":"SMITH"},{"floor":15,"key":"REST"}],"circlet_count":0,"master_deck":["AscendersBane","Strike_P","Strike_P","Strike_P","Defend_P","Defend_P","Defend_P","Defend_P","Eruption+1","Vigilance","Replay:Cycle+1","InnerPeace","ThirdEye","Replay:Cycle+1","FearNoEvil","EmptyFist","Study","Replay:ManipulateFuture","EmptyFist","Vault","Strike_P","EmptyBody","Nirvana"],"relics":["PureWater","reliquary:IvoryTrinket","reliquary:OuijaBoard","hubris:FunFungus","energizedSpire:HugeHouse"],"acts_visited":["Exordium","TheCity"],"potions_floor_usage":[7,12,16,16],"damage_taken":[{"damage":2.0,"enemies":"Jaw Worm","floor":1.0,"turns":6.0},{"damage":3,"enemies":"Cultist","floor":2,"turns":6},{"damage":13,"enemies":"conspire:RoseBush","floor":5,"turns":6},{"damage":17,"enemies":"Gremlin Nob","floor":7,"turns":5},{"damage":13,"enemies":"Lagavulin","floor":12,"turns":6},{"damage":18,"enemies":"2 Fungi Beasts","floor":13,"turns":6},{"damage":40,"enemies":"The Guardian","floor":16,"turns":13},{"damage":38,"enemies":"conspire:FuzzyDice","floor":18,"turns":9},{"damage":23,"enemies":"Shell Parasite","floor":19,"turns":4}],"seed_played":"7894700602151897107","potions_obtained":[{"floor":5,"key":"blueLaboratory:TrueEctoplasm"},{"floor":7,"key":"blueLaboratory:BottledTrinity"},{"floor":13,"key":"blueLaboratory:ExaltedPotion"},{"floor":14,"key":"BlessingOfTheForge"}],"is_trial":false,"path_per_floor":["M","M","?","$","M","R","E","R","T","R","?","E","M","?","R","B",null,"M","M"],"character_chosen":"WATCHER","items_purchased":["Replay:Cycle","JustLucky"],"campfire_rested":2,"item_purchase_floors":[4,4],"current_hp_per_floor":[59,56,56,56,43,43,26,46,46,46,46,33,19,19,39,7,49,20,0,0],"gold":158,"neow_bonus":"THREE_CARDS","is_daily":false,"chose_seed":false,"campfire_upgraded":2,"win_rate":0.0,"timestamp":1613755494,"path_taken":["M","M","?","$","?","R","E","R","T","R","?","E","M","?","R","BOSS","M","M"],"items_purchased_type":["Card","Card"],"build_version":"2020-12-22","purchased_purges":0,"victory":false,"max_hp_per_floor":[68,68,68,68,68,68,68,68,68,68,68,68,68,68,68,68,63,63,63,63],"card_choices":[{"not_picked":["Vengeance","Conclude"],"picked":"Replay:Cycle","floor":0.0},{"not_picked":["MarkedMod:FirstStrike","Crescendo"],"picked":"InnerPeace","floor":1.0},{"not_picked":["CarveReality","MarkedMod:GentlePulse"],"picked":"ThirdEye","floor":2},{"not_picked":["Halt","Tantrum"],"picked":"FearNoEvil","floor":5},{"not_picked":["MarkedMod:FirstStrike","Omniscience"],"picked":"EmptyFist","floor":7},{"not_picked":["MarkedMod:FirstStrike","Adaptation"],"picked":"Replay:ManipulateFuture","floor":12},{"not_picked":["Indignation","Prostrate"],"picked":"EmptyFist","floor":13},{"not_picked":["Establishment","Blasphemy"],"picked":"Vault","floor":16},{"not_picked":["Halt","CrushJoints"],"picked":"Nirvana","floor":18}],"player_experience":1352867,"relics_obtained":[{"floor":7,"key":"reliquary:IvoryTrinket"},{"floor":9,"key":"reliquary:OuijaBoard"},{"floor":12,"key":"hubris:FunFungus"}],"event_choices":[{"damage_healed":0,"gold_gain":0,"player_choice":"Upgraded","damage_taken":0,"max_hp_gain":0,"max_hp_loss":0,"event_name":"Upgrade Shrine","floor":3,"gold_loss":0,"cards_upgraded":["Replay:Cycle"]},{"damage_healed":0,"gold_gain":0,"cards_transformed":["Strike_P"],"player_choice":"Change","damage_taken":0,"max_hp_gain":0,"max_hp_loss":0,"event_name":"Living Wall","floor":11,"gold_loss":0,"cards_obtained":["Study"]},{"damage_healed":0,"gold_gain":0,"player_choice":"Got Potions","damage_taken":0,"max_hp_gain":0,"max_hp_loss":0,"event_name":"Lab","floor":14,"gold_loss":0}],"is_beta":false,"boss_relics":[{"not_picked":["conspire:RunicOctahedron","Kintsugi"],"picked":"energizedSpire:HugeHouse"}],"items_purged_floors":[],"is_endless":false,"potions_floor_spawned":[5,7,13],"killed_by":"Shell Parasite","ascension_level":20}}