{"host":"fevvm7bbzuh4s1jc","time":1613699995,"event":{"mods":["BaseMod","Highlight Path","Minty Spire (QoL Compilation)","Relic Stats"],"gold_per_floor":[116,116,134,149,159,159,193,193,193,205,205,255,280,43,43,115,115,85,110,120,120,133,159,177,212,212,231,249,258,258,298,298,298,298],"floor_reached":33,"language":"ENG","playtime":1945,"items_purged":["Strike_R"],"score":634,"play_id":"b3200c7a-8653-4ff2-b5ff-d164362ed5a4","local_time":"20210218205955","is_ascension_mode":true,"campfire_choices":[{"data":"Carnage","floor":6,"key":"SMITH"},{"data":"Disarm","floor":11,"key":"SMITH"},{"data":"Bash","floor":15,"key":"SMITH"},{"data":"Feed","floor":30,"key":"SMITH"},{"floor":32,"key":"REST"}],"circlet_count":0,"master_deck":["AscendersBane","Strike_R","Strike_R","Strike_R","Strike_R","Defend_R","Defend_R","Defend_R","Defend_R","Bash+1","Carnage+1","True Grit","Disarm+1","Shrug It Off","Offering","Sword Boomerang","Feed+1","Ghostly","Ghostly","Ghostly","Shrug It Off","Spot Weakness","Feel No Pain","Inflame","Battle Trance","Thunderclap+1"],"relics":["Burning Blood","StoneCalendar","Red Skull","Ginger","Gremlin Horn","Art of War","Toy Ornithopter","Philosopher\u0027s Stone","Question Card","CeramicFish","Pear","Regal Pillow"],"acts_visited":["TheCity"],"potions_floor_usage":[10,13,18,24,25,33],"damage_taken":[{"damage":6,"enemies":"2 Louse","floor":1,"turns":4},{"damage":1,"enemies":"Cultist","floor":3,"turns":3},{"damage":7,"enemies":"Jaw Worm","floor":4,"turns":3},{"damage":12,"enemies":"3 Louse","floor":5,"turns":7},{"damage":8,"enemies":"Lagavulin","floor":7,"turns":7},{"damage":2,"enemies":"Red Slaver","floor":10,"turns":3},{"damage":6,"enemies":"Gremlin Nob","floor":13,"turns":3},{"damage":9,"enemies":"Slime Boss","floor":16,"turns":6},{"damage":15,"enemies":"2 Thieves","floor":18,"turns":4},{"damage":25,"enemies":"Shell Parasite","floor":20,"turns":3},{"damage":22,"enemies":"Cultist and Chosen","floor":22,"turns":7},{"damage":9,"enemies":"Gremlin Leader","floor":23,"turns":7},{"damage":6,"enemies":"Snake Plant","floor":24,"turns":3},{"damage":24,"enemies":"Slavers","floor":25,"turns":5},{"damage":2,"enemies":"Snecko","floor":27,"turns":6},{"damage":13,"enemies":"Cultist and Chosen","floor":28,"turns":7},{"damage":38,"enemies":"Book of Stabbing","floor":31,"turns":6},{"damage":59,"enemies":"Automaton","floor":33,"turns":6}],"seed_played":"-7119544294792526363","potions_obtained":[{"floor":4,"key":"DuplicationPotion"},{"floor":7,"key":"Block Potion"},{"floor":10,"key":"Weak Potion"},{"floor":13,"key":"Regen Potion"},{"floor":23,"key":"BloodPotion"},{"floor":24,"key":"LiquidMemories"},{"floor":28,"key":"Ancient Potion"}],"is_trial":false,"path_per_floor":["M","?","M","M","M","R","E","?","T","M","R","?","E","$","R","B",null,"M","T","M","?","M","E","M","E","T","M","M","?","R","E","R","B"],"character_chosen":"IRONCLAD","items_purchased":["Toy Ornithopter"],"campfire_rested":1,"item_purchase_floors":[14],"current_hp_per_floor":[68,68,68,67,61,61,59,41,41,45,45,39,39,39,39,36,60,59,59,40,35,22,22,38,28,38,45,41,41,41,9,42,0,0],"gold":298,"neow_bonus":"ONE_RARE_RELIC","is_daily":false,"chose_seed":false,"campfire_upgraded":4,"win_rate":0.0,"timestamp":1613699995,"path_taken":["M","?","?","M","M","R","E","?","T","M","R","?","E","$","R","BOSS","M","?","M","?","M","E","M","E","T","M","M","?","R","E","R","BOSS"],"items_purchased_type":["Relic"],"build_version":"2020-12-22","purchased_purges":1,"victory":false,"max_hp_per_floor":[68,68,68,68,68,68,68,68,68,68,68,68,68,68,68,68,68,71,71,71,35,38,41,44,47,57,60,63,63,63,63,63,63,63],"relic_stats":{"Regal Pillow":15,"Gremlin Horn":[14,14],"counters":[18,90],"CeramicFish":27,"StoneCalendar":[47],"Art of War":[5],"Ginger":[18],"Question Card":5,"obtain_stats":[{"Regal Pillow":31,"Pear":26,"Gremlin Horn":9,"CeramicFish":25,"StoneCalendar":0,"Philosopher\u0027s Stone":17,"Art of War":13,"Ginger":8,"Question Card":23,"Burning Blood":0,"Red Skull":7,"Toy Ornithopter":14},{"Regal Pillow":17,"Pear":14,"Gremlin Horn":5,"CeramicFish":14,"StoneCalendar":0,"Philosopher\u0027s Stone":8,"Art of War":7,"Ginger":5,"Question Card":12,"Burning Blood":0,"Red Skull":5,"Toy Ornithopter":7},{"Regal Pillow":84,"Pear":65,"Gremlin Horn":24,"CeramicFish":65,"StoneCalendar":0,"Philosopher\u0027s Stone":36,"Art of War":30,"Ginger":24,"Question Card":57,"Burning Blood":0,"Red Skull":24,"Toy Ornithopter":30}],"Burning Blood":97,"Toy Ornithopter":20},"card_choices":[{"not_picked":["Perfected Strike","Iron Wave"],"picked":"Carnage","floor":1},{"not_picked":["Perfected Strike","Fire Breathing"],"picked":"True Grit","floor":3},{"not_picked":["Blood for Blood","Sever Soul"],"picked":"Disarm","floor":4},{"not_picked":["Reckless Charge","Clothesline"],"picked":"Shrug It Off","floor":5},{"not_picked":["Twin Strike","Havoc"],"picked":"Offering","floor":7},{"not_picked":["Perfected Strike","Clothesline"],"picked":"Sword Boomerang","floor":10},{"not_picked":["Havoc","Heavy Blade","Searing Blow"],"picked":"SKIP","floor":13},{"not_picked":["Corruption","Demon Form"],"picked":"Feed","floor":16},{"not_picked":["Bloodletting+1","Heavy Blade","Anger"],"picked":"SKIP","floor":18},{"not_picked":["Blood for Blood","Sword Boomerang","Headbutt"],"picked":"SKIP","floor":20},{"not_picked":["Rampage","Clothesline"],"picked":"Shrug It Off","floor":22},{"not_picked":["Thunderclap","Flex"],"picked":"Spot Weakness","floor":23},{"not_picked":["Armaments","Rampage","Wild Strike"],"picked":"Feel No Pain","floor":24},{"not_picked":["Reckless Charge","Perfected Strike","Shrug It Off","Havoc"],"picked":"SKIP","floor":25},{"not_picked":["Iron Wave","Evolve","Clash"],"picked":"Inflame","floor":27},{"not_picked":["Clash","Uppercut","Entrench+1","Juggernaut"],"picked":"SKIP","floor":28},{"not_picked":["Headbutt","Combust","Metallicize"],"picked":"Thunderclap+1","floor":31}],"player_experience":2846053,"relics_obtained":[{"floor":7,"key":"Red Skull"},{"floor":9,"key":"Gremlin Horn"},{"floor":13,"key":"Art of War"},{"floor":23,"key":"Question Card"},{"floor":25,"key":"CeramicFish"},{"floor":26,"key":"Pear"},{"floor":31,"key":"Regal Pillow"}],"event_choices":[{"damage_healed":0,"gold_gain":0,"player_choice":"0 cards matched","damage_taken":0,"max_hp_gain":0,"max_hp_loss":0,"event_name":"Match and Keep!","floor":2,"gold_loss":0,"cards_obtained":[]},{"damage_healed":0,"gold_gain":0,"player_choice":"Success","damage_taken":18,"relics_obtained":["Ginger"],"max_hp_gain":0,"max_hp_loss":0,"event_name":"Scrap Ooze","floor":8,"gold_loss":0},{"damage_healed":0,"gold_gain":50,"player_choice":"Touch","damage_taken":6,"max_hp_gain":0,"max_hp_loss":0,"event_name":"FaceTrader","floor":12,"gold_loss":0},{"damage_healed":0,"gold_gain":0,"player_choice":"Became a Ghost","damage_taken":0,"max_hp_gain":0,"max_hp_loss":36,"event_name":"Ghosts","floor":21,"gold_loss":0,"cards_obtained":["Ghostly","Ghostly","Ghostly"]},{"damage_healed":0,"gold_gain":0,"player_choice":"Read","damage_taken":0,"max_hp_gain":0,"max_hp_loss":0,"event_name":"The Library","floor":29,"gold_loss":0,"cards_obtained":["Battle Trance"]}],"is_beta":false,"boss_relics":[{"not_picked":["Velvet Choker","Black Blood"],"picked":"Philosopher\u0027s Stone"}],"items_purged_floors":[14],"is_endless":false,"potions_floor_spawned":[4,7,10,13,23,24,28],"killed_by":"Automaton","ascension_level":20}}