{"host":"xe7vird6mhwsic73","time":1613752686,"event":{"mods":["BaseMod","Highlight Path","Minty Spire (QoL Compilation)","Relic Stats","StSLib"],"gold_per_floor":[109,126,142,142,107,107,127,161,184,184,202,214,214,230,230,330,330,344,66,66,66,76,76,107,107,107,107,107],"floor_reached":27,"language":"ENG","playtime":2178,"items_purged":["Strike_P"],"score":247,"play_id":"78f0cd2d-3552-4350-9602-255a7acb689f","local_time":"20210219113806","is_ascension_mode":true,"campfire_choices":[{"data":"Vigilance","floor":6,"key":"SMITH"},{"data":"BowlingBash","floor":10,"key":"SMITH"},{"data":"PathToVictory","floor":13,"key":"SMITH"},{"data":"FearNoEvil","floor":15,"key":"SMITH"},{"data":"DevaForm","floor":23,"key":"SMITH"},{"floor":25,"key":"REST"}],"circlet_count":0,"master_deck":["Strike_P","Strike_P","Strike_P","Defend_P","Defend_P","Defend_P","Defend_P","Eruption+1","Vigilance+1","FlurryOfBlows","ThirdEye","LikeWater","BowlingBash+1","FearNoEvil+1","PathToVictory+1","FlurryOfBlows","ClearTheMind","DevaForm+1","CurseOfTheBell","CutThroughFate","PathToVictory","Pray","CutThroughFate"],"relics":["PureWater","Boot","Damaru","Calling Bell","Omamori","Question Card","Shovel","Happy Flower","Nunchaku","Centennial Puzzle","Kunai"],"acts_visited":["Exordium","TheCity"],"potions_floor_usage":[8,16,16,16,16,16,24,27],"damage_taken":[{"damage":0,"enemies":"Cultist","floor":1,"turns":2},{"damage":0,"enemies":"Jaw Worm","floor":2,"turns":2},{"damage":0,"enemies":"Small Slimes","floor":3,"turns":1},{"damage":2,"enemies":"Exordium Thugs","floor":5,"turns":5},{"damage":0,"enemies":"2 Fungi Beasts","floor":7,"turns":2},{"damage":18,"enemies":"3 Sentries","floor":8,"turns":3},{"damage":0,"enemies":"Blue Slaver","floor":11,"turns":3},{"damage":2,"enemies":"Red Slaver","floor":12,"turns":5},{"damage":0,"enemies":"3 Louse","floor":14,"turns":3},{"damage":13,"enemies":"Hexaghost","floor":16,"turns":5},{"damage":18,"enemies":"3 Byrds","floor":18,"turns":6},{"damage":15,"enemies":"Shell Parasite","floor":22,"turns":5},{"damage":29,"enemies":"Gremlin Leader","floor":24,"turns":5},{"damage":32,"enemies":"Slavers","floor":27,"turns":3}],"seed_played":"-2387937197386123279","potions_obtained":[{"floor":4,"key":"BottledMiracle"},{"floor":4,"key":"EntropicBrew"},{"floor":4,"key":"SmokeBomb"},{"floor":5,"key":"BlessingOfTheForge"},{"floor":12,"key":"Energy Potion"},{"floor":16,"key":"SteroidPotion"}],"is_trial":false,"path_per_floor":["M","M","M","?","M","R","M","E","T","R","M","M","R","M","R","B",null,"M","$","?","?","M","R","E","R","T","E"],"character_chosen":"WATCHER","items_purchased":["Happy Flower","PathToVictory"],"campfire_rested":1,"item_purchase_floors":[19,19],"current_hp_per_floor":[72,72,72,72,70,70,70,52,52,52,52,50,50,50,50,37,72,54,54,54,54,39,39,10,31,31,0,0],"gold":107,"neow_bonus":"UPGRADE_CARD","is_daily":false,"chose_seed":false,"campfire_upgraded":5,"win_rate":0.0,"timestamp":1613752686,"path_taken":["M","M","?","?","M","R","M","E","T","R","M","M","R","?","R","BOSS","M","$","?","?","?","R","E","R","T","E"],"items_purchased_type":["Relic","Card"],"build_version":"2020-12-22","purchased_purges":1,"victory":false,"max_hp_per_floor":[72,72,72,72,72,72,72,72,72,72,72,72,72,72,72,72,72,72,72,72,72,72,72,72,72,72,72,72],"relic_stats":{"Nunchaku":[2],"Centennial Puzzle":[3],"Shovel":0,"Happy Flower":[4],"counters":[14,50],"Kunai":[1],"Boot":[47],"Question Card":3,"obtain_stats":[{"Calling Bell":17,"Nunchaku":20,"Centennial Puzzle":24,"Shovel":17,"Happy Flower":19,"Damaru":9,"Omamori":17,"Kunai":26,"PureWater":0,"Boot":8,"Question Card":17},{"Calling Bell":10,"Nunchaku":11,"Centennial Puzzle":13,"Shovel":10,"Happy Flower":11,"Damaru":6,"Omamori":10,"Kunai":13,"PureWater":0,"Boot":6,"Question Card":10},{"Calling Bell":31,"Nunchaku":37,"Centennial Puzzle":47,"Shovel":31,"Happy Flower":37,"Damaru":15,"Omamori":31,"Kunai":47,"PureWater":0,"Boot":15,"Question Card":31}]},"card_choices":[{"not_picked":["SashWhip","Evaluate"],"picked":"FlurryOfBlows","floor":1},{"not_picked":["Prostrate","EmptyBody"],"picked":"ThirdEye","floor":2},{"not_picked":["Protect","Evaluate"],"picked":"LikeWater","floor":3},{"not_picked":["Weave","Sanctity"],"picked":"BowlingBash","floor":5},{"not_picked":["Worship","FlyingSleeves"],"picked":"FearNoEvil","floor":7},{"not_picked":["Halt","FollowUp","Establishment"],"picked":"SKIP","floor":8},{"not_picked":["Protect","DeceiveReality"],"picked":"PathToVictory","floor":11},{"not_picked":["SashWhip","Wireheading"],"picked":"FlurryOfBlows","floor":12},{"not_picked":["CrushJoints","Vengeance"],"picked":"ClearTheMind","floor":14},{"not_picked":["Omniscience","Brilliance"],"picked":"DevaForm","floor":16},{"not_picked":["Protect","Indignation","TalkToTheHand+1"],"picked":"CutThroughFate","floor":18},{"not_picked":["SashWhip+1","EmptyFist","EmptyBody"],"picked":"Pray","floor":22},{"not_picked":["FlurryOfBlows+1","MasterReality","FearNoEvil"],"picked":"CutThroughFate","floor":24}],"player_experience":194748,"relics_obtained":[{"floor":8,"key":"Boot"},{"floor":9,"key":"Damaru"},{"floor":17,"key":"Omamori"},{"floor":17,"key":"Question Card"},{"floor":17,"key":"Shovel"},{"floor":24,"key":"Centennial Puzzle"},{"floor":26,"key":"Kunai"}],"event_choices":[{"damage_healed":0,"gold_gain":0,"player_choice":"Got Potions","damage_taken":0,"max_hp_gain":0,"max_hp_loss":0,"event_name":"Lab","floor":4,"gold_loss":0},{"damage_healed":0,"gold_gain":0,"player_choice":"Opened","damage_taken":0,"relics_obtained":["Nunchaku"],"max_hp_gain":0,"max_hp_loss":0,"event_name":"The Mausoleum","floor":20,"gold_loss":0},{"damage_healed":0,"gold_gain":0,"player_choice":"Ignored","damage_taken":0,"max_hp_gain":0,"max_hp_loss":0,"event_name":"Ghosts","floor":21,"gold_loss":0}],"is_beta":false,"boss_relics":[{"not_picked":["Empty Cage","SacredBark"],"picked":"Calling Bell"}],"items_purged_floors":[19],"is_endless":false,"potions_floor_spawned":[5,7,12,16],"killed_by":"Slavers","ascension_level":1}}