{"host":"ymrxmazrubg7ht5t","time":1613767783,"event":{"mods":["2.2 Compatiblity","Act Like it!","Arknights","Bartender","BaseMod","Better Match","Better Note","Colored Powertips","Conspire","Evolution","Gensokyo","HololiveMod","Infinite Spire","Jorbs\u0027s Wanderer Trilogy","Lobotomy","LobotomyExtend","Marisa????????","Minty Spire (QoL Compilation)","Relic Stats","Replay The Spire","Ruina","StSLib","The Cursed","The Marked"],"gold_per_floor":[110,201,41,55,55,55,82,82,82,82,113,131,146,173,173,275,275,289,289,308,84,9,42,42,71,71,71,71,102,122,142,142,142,142],"floor_reached":33,"language":"ENG","playtime":4125,"items_purged":["Shame"],"score":333,"play_id":"7e3f1393-c392-4f95-9321-3c150302e653","local_time":"20210219164943","is_ascension_mode":true,"campfire_choices":[{"floor":6,"key":"REST"},{"floor":8,"key":"REST"},{"floor":15,"key":"REST"},{"floor":32,"key":"REST"}],"circlet_count":0,"master_deck":["Strike_MRS+1","Strike_MRS","Strike_MRS+1","Strike_MRS","Defend_MRS+1","Defend_MRS+1","Defend_MRS+1","Defend_MRS+1","MasterSpark","UpSweep+1","6A","MysteriousBeam","DC+1","BinaryStars","SprinkleStarSeal+1","StarBarrage+1","FinalSpark","ShootingEcho","TreasureHunter","LuminesStrike+1","EnergyRecoil+1","Flash of Steel+1","WitchLeyline","SuperNova","OrrerysSun+1","PropBag+1","DoubleSpark+1","WitchOfGreed+1","ManaConvection+1"],"relics":["MiniHakkero","EVO:Axolotl","Enchiridion","Gensokyo:MarisaIngredientList","Meat on the Bone","Pondfish Scales","PreservedInsect","Whetstone","conspire:SpecialSausage","infinitespire:Satchel","Bottled Flame","Blood Vial","Toxic Egg 2","Replay:Bottled Eggs","Darkstone Periapt","ReplayFunnel","Pantograph","Sundial"],"acts_visited":["Gensokyo:Gensokyo","Gensokyo:Gensokyoer"],"potions_floor_usage":[14,18,25,29,30,33],"damage_taken":[{"damage":0,"enemies":"Gensokyo:2_Kodama","floor":1,"turns":3},{"damage":0,"enemies":"Gensokyo:Python","floor":4,"turns":3},{"damage":10,"enemies":"Gensokyo:Mamizou","floor":7,"turns":5},{"damage":18,"enemies":"Gensokyo:Cirno","floor":11,"turns":5},{"damage":0,"enemies":"Gensokyo:Gryphon","floor":12,"turns":3},{"damage":1,"enemies":"Gensokyo:2_Rabbits","floor":13,"turns":4},{"damage":6,"enemies":"Gensokyo:Mamizou","floor":14,"turns":4},{"damage":10,"enemies":"Gensokyo:Reimu","floor":16,"turns":6},{"damage":5,"enemies":"Gensokyo:CosmicMonolith","floor":18,"turns":2},{"damage":4,"enemies":"Gensokyo:2_Gloops","floor":20,"turns":3},{"damage":13,"enemies":"Nightmare","floor":23,"turns":6},{"damage":29,"enemies":"Gensokyo:Tenshi","floor":25,"turns":3},{"damage":12,"enemies":"Gensokyo:Reisen","floor":29,"turns":3},{"damage":10,"enemies":"Gensokyo:Wraith","floor":30,"turns":2},{"damage":18,"enemies":"Gensokyo:Swordslinger","floor":31,"turns":3},{"damage":106,"enemies":"Gensokyo:Eternal_Rivals","floor":33,"turns":10}],"seed_played":"-4377393430539749289","potions_obtained":[{"floor":4,"key":"Block Potion"},{"floor":12,"key":"DuplicationPotion"},{"floor":14,"key":"Weak Potion"},{"floor":16,"key":"Dexterity Potion"},{"floor":20,"key":"BottledSpark"},{"floor":25,"key":"DistilledChaos"},{"floor":30,"key":"SpeedPotion"}],"is_trial":false,"path_per_floor":["M","?","?","M","?","R","E","R","T","?","E","M","M","E","R","B",null,"M","?","M","$","?","NM","?","E","T","?","T","E","M","M","R","B"],"character_chosen":"MARISA","items_purchased":["infinitespire:Satchel"],"campfire_rested":4,"item_purchase_floors":[21],"current_hp_per_floor":[75,45,45,45,45,67,57,75,75,75,57,57,56,50,72,62,75,70,70,66,66,66,53,53,36,36,36,36,38,42,38,60,0,0],"gold":142,"neow_bonus":"UPGRADE_CARD","is_daily":false,"chose_seed":false,"campfire_upgraded":0,"win_rate":0.0,"timestamp":1613767783,"path_taken":["M","?","?","M","?","R","E","R","T","?","E","M","M","E","R","BOSS","M","?","M","$","?","NM","?","E","T","?","?","E","M","M","R","BOSS"],"items_purchased_type":["Relic"],"build_version":"2020-12-22","purchased_purges":1,"victory":false,"max_hp_per_floor":[75,75,75,75,75,75,75,75,75,75,75,75,75,75,75,75,75,75,75,75,75,75,75,75,75,75,75,75,75,75,75,75,75,75],"relic_stats":{"Blood Vial":6,"Darkstone Periapt":0,"counters":[16,65],"Sundial":[0],"Pantograph":15,"PreservedInsect":154,"Whetstone":["DC","StarBarrage"],"obtain_stats":[{"Darkstone Periapt":28,"AmplifyWand":29,"ReplayFunnel":29,"Enchiridion":3,"Gensokyo:MarisaIngredientList":5,"conspire:SpecialSausage":17,"PreservedInsect":11,"EVO:Axolotl":0,"Whetstone":14,"Letter Opener":31,"Blood Vial":25,"Pondfish Scales":9,"Bottled Flame":23,"Sundial":30,"Pantograph":29,"infinitespire:Satchel":21,"MiniHakkero":0,"Toxic Egg 2":25,"Replay:Bottled Eggs":26,"Meat on the Bone":7},{"Darkstone Periapt":12,"AmplifyWand":13,"ReplayFunnel":13,"Enchiridion":1,"Gensokyo:MarisaIngredientList":2,"conspire:SpecialSausage":8,"PreservedInsect":4,"EVO:Axolotl":0,"Whetstone":7,"Letter Opener":15,"Blood Vial":12,"Pondfish Scales":3,"Bottled Flame":11,"Sundial":14,"Pantograph":13,"infinitespire:Satchel":10,"MiniHakkero":0,"Toxic Egg 2":12,"Replay:Bottled Eggs":12,"Meat on the Bone":3},{"Darkstone Periapt":47,"AmplifyWand":48,"ReplayFunnel":50,"Enchiridion":3,"Gensokyo:MarisaIngredientList":6,"conspire:SpecialSausage":33,"PreservedInsect":16,"EVO:Axolotl":0,"Whetstone":27,"Letter Opener":53,"Blood Vial":47,"Pondfish Scales":11,"Bottled Flame":44,"Sundial":51,"Pantograph":50,"infinitespire:Satchel":38,"MiniHakkero":0,"Toxic Egg 2":47,"Replay:Bottled Eggs":47,"Meat on the Bone":11}],"Meat on the Bone":48},"card_choices":[{"not_picked":["StarBarrage","ShootingEcho"],"picked":"6A","floor":1},{"not_picked":["NonDirectionalLaser","Occultation"],"picked":"MysteriousBeam","floor":2},{"not_picked":["ShootingEcho","UnstableBomb"],"picked":"DC","floor":2},{"not_picked":["6A","IllusionStar"],"picked":"SprinkleStarSeal","floor":2},{"not_picked":["DarkSpark","WitchLeyline"],"picked":"BinaryStars","floor":4},{"not_picked":["EnergyFlow","AsteroidBelt"],"picked":"SprinkleStarSeal","floor":7},{"not_picked":["GrandCross","DC"],"picked":"SporeBomb","floor":11},{"not_picked":["DoubleSpark","GrandCross"],"picked":"StarBarrage","floor":12},{"not_picked":["MilkyWay","SprinkleStarSeal"],"picked":"FinalSpark","floor":13},{"not_picked":["6A","GrandCross"],"picked":"ShootingEcho","floor":14},{"not_picked":["MaximisePower","UltimateShortwave"],"picked":"TreasureHunter","floor":16},{"not_picked":["UnstableBomb+1","SporeBomb"],"picked":"LuminesStrike+1","floor":18},{"not_picked":["DoubleSpark","GasGiant"],"picked":"EnergyRecoil+1","floor":20},{"not_picked":["Swift Strike+1","ReplayTheSpireMod:Uncanny Aura+1"],"picked":"Flash of Steel+1","floor":22},{"not_picked":["LuminesStrike","GrandCross"],"picked":"WitchLeyline","floor":23},{"not_picked":["DC","SporeBomb+1"],"picked":"OrrerysSun+1","floor":25},{"not_picked":["JA","WitchLeyline+1"],"picked":"DoubleSpark+1","floor":29},{"not_picked":["ShootingEcho","MysteriousBeam"],"picked":"WitchOfGreed+1","floor":30},{"not_picked":["WitchLeyline+1","DragonMeteor"],"picked":"ManaConvection+1","floor":31}],"player_experience":467362,"relics_obtained":[{"floor":7,"key":"Meat on the Bone"},{"floor":9,"key":"Pondfish Scales"},{"floor":11,"key":"PreservedInsect"},{"floor":14,"key":"Whetstone"},{"floor":23,"key":"Bottled Flame"},{"floor":25,"key":"Blood Vial"},{"floor":25,"key":"Toxic Egg 2"},{"floor":26,"key":"Replay:Bottled Eggs"},{"floor":28,"key":"Darkstone Periapt"},{"floor":29,"key":"ReplayFunnel"},{"floor":29,"key":"Pantograph"}],"event_choices":[{"damage_healed":0,"gold_gain":0,"player_choice":"2","damage_taken":0,"max_hp_gain":0,"max_hp_loss":0,"event_name":"betterMatch:BetterMatch","floor":10,"gold_loss":0,"cards_obtained":[]},{"damage_healed":0,"gold_gain":0,"player_choice":"2","damage_taken":0,"max_hp_gain":0,"max_hp_loss":0,"event_name":"betterMatch:BetterMatch","floor":22,"gold_loss":0,"cards_obtained":["betterMatch:ColorlessUncommonCard"]}],"is_beta":false,"boss_relics":[{"not_picked":["ReplayTheSpireMod:DimensionalGlitch","Replay:Grab Bag"],"picked":"conspire:SpecialSausage"}],"items_purged_floors":[21],"is_endless":false,"potions_floor_spawned":[4,12,14,16,20,25,30],"killed_by":"Gensokyo:Eternal_Rivals","ascension_level":1}}