{"host":"11728qvdvolffudn","time":1613755410,"event":{"mods":["BaseMod","Block Reminder","Colored Powertips","Curses Come First","Custom Start","Displayed Cursed Tome","Highlight Path","Minty Spire (QoL Compilation)","Permanent Neow","Quick Restart","Rare Cards Sparkle","Relic Stats","StSLib","Weighted Paths"],"gold_per_floor":[110,110,110,121,131,131,164,164,188,38,52,62,62,62,62,165,165,185,185,203,203,203],"floor_reached":21,"language":"ENG","playtime":1080,"items_purged":[],"score":224,"play_id":"61a0a46b-7966-4a3b-88e2-945f4d00c033","local_time":"20210219172330","is_ascension_mode":true,"campfire_choices":[{"data":"Defend_R","floor":6,"key":"SMITH"},{"data":"Demon Form","floor":8,"key":"SMITH"},{"floor":13,"key":"REST"},{"floor":15,"key":"REST"}],"circlet_count":0,"master_deck":["Strike_R+1","Strike_R","Strike_R","Defend_R+1","Defend_R+1","Defend_R+1","Defend_R+1","Bash","Demon Form+1","Battle Trance"],"relics":["Black Blood","War Paint","MealTicket","Chemical X","GremlinMask"],"acts_visited":["Exordium","TheCity"],"potions_floor_usage":[18,18,21],"damage_taken":[{"damage":11,"enemies":"Small Slimes","floor":1,"turns":5},{"damage":7,"enemies":"Jaw Worm","floor":4,"turns":4},{"damage":7,"enemies":"Cultist","floor":5,"turns":5},{"damage":51,"enemies":"Gremlin Nob","floor":7,"turns":5},{"damage":0,"enemies":"2 Fungi Beasts","floor":11,"turns":4},{"damage":5,"enemies":"Blue Slaver","floor":12,"turns":5},{"damage":52,"enemies":"Slime Boss","floor":16,"turns":7},{"damage":40,"enemies":"2 Thieves","floor":18,"turns":5},{"damage":22,"enemies":"Chosen","floor":20,"turns":7},{"damage":52,"enemies":"Centurion and Healer","floor":21,"turns":7}],"seed_played":"1829350776434365049","potions_obtained":[{"floor":1,"key":"Regen Potion"},{"floor":4,"key":"SteroidPotion"},{"floor":7,"key":"Explosive Potion"}],"is_trial":false,"path_per_floor":["M","?","$","M","M","R","E","R","T","$","M","M","R","?","R","B",null,"M","?","M","M"],"character_chosen":"IRONCLAD","items_purchased":["Chemical X"],"campfire_rested":2,"item_purchase_floors":[10],"current_hp_per_floor":[75,59,59,58,57,57,12,12,12,27,33,34,58,51,75,29,67,53,53,43,0,0],"gold":203,"neow_bonus":"TRANSFORM_CARD","is_daily":false,"chose_seed":false,"campfire_upgraded":2,"win_rate":0.0,"timestamp":1613755410,"path_taken":["M","?","$","M","M","R","E","R","T","$","M","M","R","?","R","BOSS","M","?","M","M"],"items_purchased_type":["Relic"],"build_version":"2020-12-22","purchased_purges":0,"victory":false,"max_hp_per_floor":[80,80,80,80,80,80,80,80,80,80,80,80,80,80,80,80,80,80,80,80,80,80],"relic_stats":{"counters":[10,54],"Black Blood":66,"MealTicket":15,"Chemical X":[1],"War Paint":["Defend_R","Defend_R"],"obtain_stats":[{"Black Blood":17,"MealTicket":9,"GremlinMask":19,"Chemical X":10,"War Paint":7,"Burning Blood":0},{"Black Blood":7,"MealTicket":4,"GremlinMask":8,"Chemical X":4,"War Paint":4,"Burning Blood":0},{"Black Blood":35,"MealTicket":19,"GremlinMask":40,"Chemical X":19,"War Paint":19,"Burning Blood":0}]},"card_choices":[{"not_picked":["Spot Weakness","Havoc","Armaments"],"picked":"SKIP","floor":1},{"not_picked":["Bloodletting","Warcry","Uppercut"],"picked":"SKIP","floor":4},{"not_picked":["Armaments","Perfected Strike"],"picked":"Battle Trance","floor":5},{"not_picked":["Heavy Blade","Shrug It Off","Sentinel"],"picked":"SKIP","floor":7},{"not_picked":["Body Slam","Sword Boomerang","True Grit"],"picked":"SKIP","floor":11},{"not_picked":["Body Slam","Reckless Charge","Havoc"],"picked":"SKIP","floor":12},{"not_picked":["Thunderclap+1","Clash","Pommel Strike"],"picked":"SKIP","floor":18},{"not_picked":["Iron Wave","Body Slam","Twin Strike+1"],"picked":"SKIP","floor":20}],"player_experience":224891,"relics_obtained":[{"floor":7,"key":"War Paint"},{"floor":9,"key":"MealTicket"}],"event_choices":[{"damage_healed":0,"gold_gain":0,"player_choice":"Entered Light","damage_taken":16,"max_hp_gain":0,"max_hp_loss":0,"event_name":"Shining Light","floor":2,"gold_loss":0,"cards_upgraded":["Strike_R","Defend_R"]},{"cards_removed":["Strike_R"],"damage_healed":0,"gold_gain":0,"player_choice":"Card Removal","damage_taken":7,"max_hp_gain":0,"max_hp_loss":0,"event_name":"Golden Wing","floor":14,"gold_loss":0},{"damage_healed":0,"gold_gain":0,"player_choice":"Trade","damage_taken":0,"relics_obtained":["GremlinMask"],"max_hp_gain":0,"max_hp_loss":0,"event_name":"FaceTrader","floor":19,"gold_loss":0}],"is_beta":false,"boss_relics":[{"not_picked":["Astrolabe","Runic Dome"],"picked":"Black Blood"}],"items_purged_floors":[],"is_endless":false,"potions_floor_spawned":[1,4,7],"killed_by":"Centurion and Healer","ascension_level":5}}