{"host":"xp5rvh2jwe2ejyfm","time":1613698165,"event":{"mods":["2.2 Compatiblity","Aspiration","BaseMod","Better Altar","Better Match","Better Note","Better Sensory Stone","Better Skull","BetterRewards","Colored Powertips","Conspire","Downfall","GifTheSpireLib","Gremlin Mod","GungeonMod","Hermit","Hubris","Jorbs\u0027s Wanderer Trilogy","Minty Spire (QoL Compilation)","Potionbrewer","Quick Restart","Replay The Spire","Robot Space Explorer","Shade Mod","Somnambulant","StSLib","The Bug Knight","The Clintock","The Construct","The Cursed","The Disciple","The Forsaken","The Hierophant","The Marked","The Necromancer","The Runesmith","The Servant 0.9.4","The Valiant","The Witch","TheFirefly","thorton"],"gold_per_floor":[110,122,139,150,116,116,143,143,143,143,159,172,185,214,214,311,311,322,322,98,117,134,134,162,16,16,29,29,29,29,42,42,141,141,156,176,28,28,46,46,66,0,51,51,66,66,80,152,152,152,152],"floor_reached":50,"language":"ENG","playtime":2056,"items_purged":[],"score":651,"play_id":"9e966808-f5d2-4e9d-ba0a-9acc4a1e2cf7","local_time":"20210218202925","is_ascension_mode":false,"campfire_choices":[{"floor":6,"key":"REST"},{"floor":8,"key":"REST"},{"floor":15,"key":"RECALL"},{"data":"Shade:Bonestorm","floor":23,"key":"SMITH"},{"floor":28,"key":"REST"},{"data":"Shade:SpectralStrikes","floor":32,"key":"SMITH"},{"floor":40,"key":"REST"},{"floor":44,"key":"REST"},{"floor":46,"key":"REST"},{"data":"Armaments","floor":49,"key":"SMITH"}],"circlet_count":0,"master_deck":["Shade:Strike_Shade","Shade:Strike_Shade","Shade:Strike_Shade","Shade:Strike_Shade","Shade:Defend_Shade","Shade:Defend_Shade","Shade:Defend_Shade","Shade:Defend_Shade","Shade:AnimateDead+1","Shade:CarefulCut","Shade:GraveStillness","Heavy Blade","Shade:SpectralStrikes","Shade:WallOfFlesh","Shade:GraveStillness","Shade:GraveStillness","Shade:RavenousHorde","ReplayTheSpireMod:Muscle Training","Shade:SensePrey","Shade:Bonestorm+1","Shade:SanguineRitual","Shade:Coordination","Shade:FeralStrike","Shade:SpectralStrikes+1","Shade:Brains","Shade:FreshBones","Shade:Trample+1","Shade:AuraOfUnlife","Shade:RavenousHorde","Shade:FreshBones","Shade:SpectralStrikes","Shade:Putrefaction","Cleave+1","Shade:CommandSoldier+1","Iron Wave+1","Shade:Bonestorm","Intimidate+1","Shade:Brains+1","Parasite","Shade:DangerousRitual","Body Slam+1","Sword Boomerang+1","Armaments+1"],"relics":["Shade:YorickSkull","aspiration:Nostalgia","m_ScarletBlood","Toy Ornithopter","potionbrewer:Torch","Slimebound:StickyStick","conspire:SpecialSausage","Red Skull","construct:BoolHorns","aspiration:IroncladSkillbook","Orrery","Red Mask","Nunchaku","potionbrewer:BottledElixir"],"acts_visited":["Exordium","TheCity","TheBeyond"],"potions_floor_usage":[13,14,16,18,24,31,33,50],"damage_taken":[{"damage":5,"enemies":"Jaw Worm","floor":1,"turns":3},{"damage":0,"enemies":"Cultist","floor":2,"turns":3},{"damage":0,"enemies":"2 Louse","floor":3,"turns":2},{"damage":25,"enemies":"Exordium Thugs","floor":4,"turns":4},{"damage":38,"enemies":"3 Sentries","floor":7,"turns":14},{"damage":5,"enemies":"3 Louse","floor":11,"turns":4},{"damage":4,"enemies":"Red Slaver","floor":12,"turns":5},{"damage":1,"enemies":"Exordium Wildlife","floor":13,"turns":4},{"damage":4,"enemies":"Lagavulin","floor":14,"turns":5},{"damage":8,"enemies":"Fading Forest","floor":16,"turns":11},{"damage":1,"enemies":"conspire:FuzzyDice","floor":18,"turns":5},{"damage":6,"enemies":"Shell Parasite","floor":21,"turns":8},{"damage":6,"enemies":"Shelled Parasite and Fungi","floor":22,"turns":6},{"damage":5,"enemies":"Replay:Snechameleon","floor":24,"turns":8},{"damage":1,"enemies":"3 Cultists","floor":27,"turns":5},{"damage":4,"enemies":"Snake Plant","floor":31,"turns":5},{"damage":11,"enemies":"Pondfish","floor":33,"turns":8},{"damage":5,"enemies":"3 Shapes","floor":35,"turns":4},{"damage":13,"enemies":"Orb Walker","floor":36,"turns":5},{"damage":32,"enemies":"Writhing Mass","floor":39,"turns":7},{"damage":2,"enemies":"3 Darklings","floor":41,"turns":4},{"damage":37,"enemies":"Transient","floor":45,"turns":5},{"damage":3,"enemies":"Jaw Worm Horde","floor":47,"turns":4},{"damage":60,"enemies":"Time Eater","floor":50,"turns":7}],"seed_played":"3846542180281606265","potions_obtained":[{"floor":7,"key":"potionbrewer:HastePotion"},{"floor":12,"key":"potionbrewer:SplittingPotion"},{"floor":14,"key":"potionbrewer:ToxicPotion"},{"floor":22,"key":"Fire Potion"},{"floor":24,"key":"potionbrewer:AcidPotion"},{"floor":27,"key":"Elixir"},{"floor":31,"key":"potionbrewer:MidasPotion"},{"floor":35,"key":"potionbrewer:AcidPotion"},{"floor":45,"key":"PowerPotion"}],"is_trial":false,"path_per_floor":["M","M","M","M","$","R","E","R","T","?","M","M","M","E","R","B",null,"M","?","$","M","M","R","E","$","T","M","R","$","?","M","R","B",null,"M","M","$","?","M","R","M","?","T","R","M","R","M","T","R","B"],"character_chosen":"SHADE","items_purchased":["Shade:GraveStillness","Shade:SpectralStrikes","Red Skull","Shade:AuraOfUnlife","Shade:RavenousHorde","Orrery"],"campfire_rested":6,"item_purchase_floors":[5,20,20,25,25,37],"current_hp_per_floor":[60,60,60,35,35,54,16,35,35,35,30,26,30,31,31,28,65,64,64,64,58,52,52,52,52,52,51,65,65,65,63,63,57,65,64,55,55,55,27,46,48,48,48,65,32,51,52,52,52,0,0],"gold":152,"neow_bonus":"NOSTALGIA","is_daily":false,"chose_seed":false,"campfire_upgraded":3,"win_rate":0.0,"timestamp":1613698165,"path_taken":["M","M","M","M","$","R","E","R","T","?","M","M","M","E","R","BOSS","M","?","$","M","M","R","E","?","T","?","R","$","?","M","R","BOSS","M","M","$","?","M","R","M","?","T","R","M","R","M","?","R","BOSS"],"items_purchased_type":["Card","Card","Relic","Card","Card","Relic"],"build_version":"2020-12-22","purchased_purges":0,"victory":false,"max_hp_per_floor":[65,65,65,65,65,65,65,65,65,65,65,65,65,65,65,65,65,65,65,65,65,65,65,65,65,65,65,65,65,65,65,65,65,65,65,65,65,65,65,65,65,65,65,65,65,65,65,65,65,65,65],"card_choices":[{"not_picked":["Shade:AncientSpear","Shade:FeralStrike"],"picked":"Shade:GraveStillness","floor":1},{"not_picked":["Shade:Bite_Shade","Shade:CoffinDance"],"picked":"Heavy Blade","floor":2},{"not_picked":["Shade:CoffinDance","Shade:FleshOffering"],"picked":"Shade:SpectralStrikes","floor":3},{"not_picked":["Shade:FeralStrike","Shade:SkeletonHug"],"picked":"Shade:WallOfFlesh","floor":4},{"not_picked":["Shade:CoffinDance","Shade:Premonition"],"picked":"Shade:RavenousHorde","floor":7},{"not_picked":["Shade:PotionOfRestlessness","Shade:WallOfFlesh"],"picked":"ReplayTheSpireMod:Muscle Training","floor":11},{"not_picked":["Shade:Frenzy","Shade:CloudOfShrapnel"],"picked":"Shade:SensePrey","floor":12},{"not_picked":["Shade:CallWraith","Shade:AblativeArmor"],"picked":"Shade:Bonestorm","floor":13},{"not_picked":["Shade:DangerousRitual","Shade:Patience"],"picked":"Shade:SanguineRitual","floor":14},{"not_picked":["Shade:OneIsEnough","Shade:SoulPierce"],"picked":"Shade:Coordination","floor":16},{"not_picked":["Shade:Excise","Shade:PotionOfRestlessness+1"],"picked":"Shade:FeralStrike","floor":18},{"not_picked":["Shade:AncientSpear+1","Shade:Premonition"],"picked":"Shade:Brains","floor":21},{"not_picked":["Shade:GraveStillness+1","Shade:FuneraryArmor+1"],"picked":"Shade:FreshBones","floor":22},{"not_picked":["Shade:Coordination","Shade:FuneraryArmor"],"picked":"Shade:Trample+1","floor":24},{"not_picked":["Shade:GreyBargain+1","Shade:CallOfTheGrave"],"picked":"Shade:FreshBones","floor":27},{"not_picked":["Shade:CoffinDance+1","Shade:WallOfFlesh"],"picked":"Shade:SpectralStrikes","floor":31},{"not_picked":["Shade:GreaterAnimation","Shade:DarkOfNight"],"picked":"Shade:Putrefaction","floor":33},{"not_picked":["Shade:ExtraLimbs","Shade:Trample+1","Flex"],"picked":"Cleave+1","floor":35},{"not_picked":["Shade:SpontaneousRitual","Shade:Haruspicy+1","Exhume"],"picked":"Shade:CommandSoldier+1","floor":36},{"not_picked":["Shade:CoffinDance+1","Shade:SkeletonHug","Carnage"],"picked":"Iron Wave+1","floor":37},{"not_picked":["Clash","True Grit","Combust+1"],"picked":"Shade:GraveStillness+1","floor":37},{"not_picked":["Shade:AblativeArmor+1","Abandon","Clothesline+1"],"picked":"Shade:Bonestorm","floor":37},{"not_picked":["Shade:FeralStrike","Wild Strike","Reckless Charge"],"picked":"Intimidate+1","floor":37},{"not_picked":["Hemogenesis","Shade:Doomsay+1","Replay:Many Hands"],"picked":"Shade:Brains+1","floor":37},{"not_picked":["Shade:LyeBath+1","Disarm","Shade:SoulToxin"],"picked":"Shade:DangerousRitual","floor":39},{"not_picked":["Wild Strike","Shade:SkeletonHug","Shade:Asphyxiate+1"],"picked":"Body Slam+1","floor":41},{"not_picked":["Shrug It Off","conspire:ExplosiveBarrier+1","Shade:LoseControl"],"picked":"Sword Boomerang+1","floor":45},{"not_picked":["Shade:ExtraLimbs","Shade:Asphyxiate","Body Slam"],"picked":"Armaments","floor":47}],"player_experience":532840,"relics_obtained":[{"floor":7,"key":"Toy Ornithopter"},{"floor":9,"key":"potionbrewer:Torch"},{"floor":14,"key":"Slimebound:StickyStick"},{"floor":24,"key":"construct:BoolHorns"},{"floor":43,"key":"Nunchaku"},{"floor":48,"key":"potionbrewer:BottledElixir"}],"event_choices":[{"damage_healed":0,"gold_gain":0,"player_choice":"Ignored","damage_taken":0,"max_hp_gain":0,"max_hp_loss":0,"event_name":"Purifier","floor":10,"gold_loss":0},{"damage_healed":0,"gold_gain":0,"player_choice":"Upgraded","damage_taken":0,"max_hp_gain":0,"max_hp_loss":0,"event_name":"Upgrade Shrine","floor":19,"gold_loss":0,"cards_upgraded":["Shade:AnimateDead"]},{"damage_healed":0,"gold_gain":0,"player_choice":"Ignored","damage_taken":0,"max_hp_gain":0,"max_hp_loss":0,"event_name":"betterNote:BetterNote","floor":30,"gold_loss":0,"cards_obtained":["hermit:Headshot"]},{"cards_removed":["Shade:GraveStillness"],"damage_healed":0,"gold_gain":0,"player_choice":"Removed Skill","damage_taken":0,"max_hp_gain":0,"max_hp_loss":0,"event_name":"Falling","floor":38,"gold_loss":0},{"damage_healed":0,"gold_gain":0,"player_choice":"Paid","damage_taken":0,"relics_obtained":["Red Mask"],"max_hp_gain":0,"max_hp_loss":0,"event_name":"Tomb of Lord Red Mask","floor":42,"gold_loss":66}],"is_beta":false,"boss_relics":[{"not_picked":["Replay:Drink Me","aspiration:ServantSkillbook"],"picked":"conspire:SpecialSausage"},{"not_picked":["Kintsugi","Sozu"],"picked":"aspiration:IroncladSkillbook"}],"items_purged_floors":[],"is_endless":false,"potions_floor_spawned":[7,12,13,14,22,24,27,31,35,45],"killed_by":"Time Eater","ascension_level":0}}