{"host":"ydg0vn0pu4pubmdt","time":1613771166,"event":{"mods":["AchievementEnabler","BaseMod","Colored Map","Minty Spire (QoL Compilation)","Quick Restart","SuperFastMode"],"gold_per_floor":[119,44,56,56,74,74,74,74,99,99,133,143,143,170,170,170,170],"floor_reached":16,"language":"KOR","playtime":231,"items_purged":["Writhe"],"score":216,"play_id":"2885616b-ba6e-4a0e-b8f2-b2b9fc490cfc","local_time":"20210220064606","is_ascension_mode":true,"campfire_choices":[{"data":"Apotheosis","floor":6,"key":"SMITH"},{"floor":10,"key":"RECALL"},{"data":"Corruption","floor":15,"key":"SMITH"}],"circlet_count":0,"master_deck":["AscendersBane","Strike_R","Strike_R+1","Strike_R+1","Strike_R","Strike_R","Defend_R","Defend_R","Defend_R+1","Defend_R","Bash+1","Apotheosis+1","Pommel Strike","Evolve","Dropkick","Corruption+1"],"relics":["Burning Blood","Blood Vial","Kunai","Blue Candle","Whetstone"],"acts_visited":["Exordium"],"potions_floor_usage":[14,14],"damage_taken":[{"damage":3,"enemies":"Cultist","floor":1,"turns":4},{"damage":4,"enemies":"Small Slimes","floor":3,"turns":4},{"damage":0,"enemies":"2 Louse","floor":5,"turns":4},{"damage":32,"enemies":"Gremlin Nob","floor":11,"turns":4},{"damage":11,"enemies":"Looter","floor":12,"turns":2},{"damage":15,"enemies":"3 Sentries","floor":14,"turns":8},{"damage":25,"enemies":"Hexaghost","floor":16,"turns":6}],"seed_played":"4938093337344753541","potions_obtained":[{"floor":1,"key":"Strength Potion"},{"floor":11,"key":"Block Potion"}],"is_trial":false,"path_per_floor":["M","$","M","$","M","R","?","?","T","R","E","M","T","E","R","B"],"character_chosen":"IRONCLAD","items_purchased":[],"campfire_rested":0,"item_purchase_floors":[],"current_hp_per_floor":[71,71,73,73,75,75,80,56,56,56,32,29,29,22,22,0,0],"gold":170,"neow_bonus":"RANDOM_COLORLESS_2","is_daily":false,"chose_seed":false,"campfire_upgraded":2,"win_rate":0.0,"timestamp":1613771166,"path_taken":["M","$","M","?","M","R","?","?","T","R","E","M","?","E","R","BOSS"],"items_purchased_type":[],"build_version":"2020-12-22","purchased_purges":1,"victory":false,"max_hp_per_floor":[75,75,75,75,75,75,80,80,80,80,80,80,80,80,80,80,80],"card_choices":[{"not_picked":["The Bomb","Violence"],"picked":"Apotheosis","floor":0},{"not_picked":["Rage","Infernal Blade","Sword Boomerang"],"picked":"SKIP","floor":1},{"not_picked":["Flex","Sever Soul","Clash"],"picked":"SKIP","floor":3},{"not_picked":["Flame Barrier","Uppercut"],"picked":"Pommel Strike","floor":5},{"not_picked":["Pommel Strike","Burning Pact"],"picked":"Evolve","floor":11},{"not_picked":["Infernal Blade","Body Slam"],"picked":"Dropkick","floor":12},{"not_picked":["Anger","Heavy Blade"],"picked":"Corruption","floor":14}],"player_experience":616832,"relics_obtained":[{"floor":9,"key":"Blood Vial"},{"floor":11,"key":"Kunai"},{"floor":13,"key":"Blue Candle"},{"floor":14,"key":"Whetstone"}],"event_choices":[{"damage_healed":0,"gold_gain":0,"player_choice":"Donut","damage_taken":0,"max_hp_gain":5,"max_hp_loss":0,"event_name":"Big Fish","floor":7,"gold_loss":0},{"damage_healed":0,"gold_gain":0,"player_choice":"Entered Light","damage_taken":24,"max_hp_gain":0,"max_hp_loss":0,"event_name":"Shining Light","floor":8,"gold_loss":0,"cards_upgraded":["Defend_R","Strike_R"]}],"is_beta":false,"boss_relics":[],"items_purged_floors":[2],"is_endless":false,"potions_floor_spawned":[1,11],"killed_by":"Hexaghost","ascension_level":20}}