{"host":"yqw1zpryoutrnocq","time":1613703976,"event":{"mods":["2.2 Compatiblity","AchievementEnabler","BaseMod","Colored Map","Custom Start","DeckTracker","Minty Spire (QoL Compilation)","StSLib","SuperFastMode"],"gold_per_floor":[115,128,128,147,147,147,67,101,101,113,126,91,118,118,118,118,118],"floor_reached":16,"language":"KOR","playtime":401,"items_purged":[],"score":165,"play_id":"4d68274c-20f5-4677-8f7e-2b345cca083e","local_time":"20210218210616","is_ascension_mode":true,"campfire_choices":[{"data":"Zap","floor":6,"key":"SMITH"},{"data":"Redo","floor":15,"key":"SMITH"}],"circlet_count":0,"master_deck":["AscendersBane","Strike_B","Strike_B","Strike_B","Strike_B","Defend_B","Defend_B","Defend_B","Defend_B","Zap+1","Dualcast","Finesse","Conserve Battery","Cold Snap","Undo","Blizzard","Hologram","Redo+1","Redo","Sunder","Storm"],"relics":["Cracked Core","Matryoshka","Akabeko","Bag of Preparation","Vajra","Bronze Scales","Anchor","Ornamental Fan"],"acts_visited":["Exordium"],"potions_floor_usage":[16],"damage_taken":[{"damage":0,"enemies":"Cultist","floor":1,"turns":3},{"damage":11,"enemies":"Small Slimes","floor":2,"turns":3},{"damage":3,"enemies":"2 Louse","floor":4,"turns":2},{"damage":20,"enemies":"3 Sentries","floor":8,"turns":10},{"damage":2,"enemies":"Exordium Wildlife","floor":10,"turns":5},{"damage":9,"enemies":"Large Slime","floor":11,"turns":5},{"damage":28,"enemies":"Gremlin Nob","floor":13,"turns":4},{"damage":10,"enemies":"Hexaghost","floor":16,"turns":14}],"seed_played":"355371558693807689","potions_obtained":[{"floor":2,"key":"Dexterity Potion"},{"floor":10,"key":"PowerPotion"}],"is_trial":false,"path_per_floor":["M","M","T","M","?","R","$","E","T","M","M","?","E","?","R","B"],"character_chosen":"DEFECT","items_purchased":["Blizzard","Hologram"],"campfire_rested":0,"item_purchase_floors":[7,7],"current_hp_per_floor":[68,57,57,54,54,54,54,34,34,32,23,41,13,10,10,0,0],"gold":118,"neow_bonus":"RANDOM_COLORLESS","is_daily":false,"chose_seed":false,"campfire_upgraded":2,"win_rate":0.0,"timestamp":1613703976,"path_taken":["M","?","?","M","?","R","$","E","T","?","?","?","E","?","R","BOSS"],"items_purchased_type":["Card","Card"],"build_version":"2020-12-22","purchased_purges":0,"victory":false,"max_hp_per_floor":[75,75,75,75,75,75,75,75,75,75,75,75,75,75,75,75,75],"card_choices":[{"not_picked":["Forethought","Blind"],"picked":"Finesse","floor":0},{"not_picked":["Compile Driver","Rebound"],"picked":"Conserve Battery","floor":1},{"not_picked":["Stack","Gash"],"picked":"Cold Snap","floor":2},{"not_picked":["Aggregate","Static Discharge"],"picked":"Undo","floor":4},{"not_picked":["Compile Driver","White Noise"],"picked":"Redo","floor":8},{"not_picked":["Stack","Compile Driver"],"picked":"Redo","floor":10},{"not_picked":["Conserve Battery","Redo"],"picked":"Sunder","floor":11},{"not_picked":["Recycle","Stack"],"picked":"Storm","floor":13}],"player_experience":346747,"relics_obtained":[{"floor":3,"key":"Matryoshka"},{"floor":8,"key":"Bag of Preparation"},{"floor":9,"key":"Vajra"},{"floor":9,"key":"Bronze Scales"},{"floor":13,"key":"Anchor"}],"event_choices":[{"damage_healed":0,"gold_gain":0,"player_choice":"Gave Potion","damage_taken":0,"relics_obtained":["Akabeko"],"max_hp_gain":0,"max_hp_loss":0,"event_name":"WeMeetAgain","floor":5,"gold_loss":0},{"damage_healed":18,"gold_gain":0,"player_choice":"Healed","damage_taken":0,"max_hp_gain":0,"max_hp_loss":0,"event_name":"The Cleric","floor":12,"gold_loss":35},{"damage_healed":0,"gold_gain":0,"player_choice":"Success","damage_taken":3,"relics_obtained":["Ornamental Fan"],"max_hp_gain":0,"max_hp_loss":0,"event_name":"Scrap Ooze","floor":14,"gold_loss":0}],"is_beta":false,"boss_relics":[],"items_purged_floors":[],"is_endless":false,"potions_floor_spawned":[2,10],"killed_by":"Hexaghost","ascension_level":10}}