{"host":"mhzgc0zma59jtmoj","time":1613697930,"event":{"mods":["BaseMod","BetterRewards","Custom Start","Glutton Mod","Ironclad Rager","Minty Spire (QoL Compilation)","Replay The Spire","Somnambulant","StSLib","The Cursed","The Hierophant","The Jungle","Treasure Hunter"],"gold_per_floor":[119,119,119,131,406,431,445,445,496,496,528,545,580,594,594,694,694,716,631,365,384,406,406,426,467,494,237,237,237,275,325,325,341,341],"floor_reached":33,"language":"ENG","playtime":1819,"items_purged":["ICR:VenomStrike","All Out Attack+1"],"score":316,"play_id":"b5282c21-9c7c-4982-a10f-0430786dbe80","local_time":"20210218202530","is_ascension_mode":true,"campfire_choices":[{"floor":8.0,"key":"REST"},{"floor":10.0,"key":"REST"},{"floor":15.0,"key":"REST"},{"floor":23.0,"key":"REST"},{"floor":28,"key":"REST"},{"floor":32,"key":"REST"}],"circlet_count":0,"master_deck":["Neutralize+1","ICR:VenomStrike","ICR:VenomStrike","ICR:VenomStrike","ICR:VenomStrike+1","ICR:Dodge+1","ICR:Dodge","ICR:Dodge","Blade Dance","Phantasmal Killer+1","A Thousand Cuts+1","Outmaneuver+1","Blade Dance+1","Prepared+1","Dagger Spray+1","Masterful Stab+1"],"relics":["Ring of the Snake","Gremlin Food","CeramicFish","TungstenRod","Potion Belt","Replay:Drink Me","Omamori","Guide Book","Mercury Hourglass","Replay:Bandana"],"acts_visited":["Exordium","TheCity"],"potions_floor_usage":[25,33],"damage_taken":[{"damage":0.0,"enemies":"Small Slimes","floor":1.0,"turns":5.0},{"damage":6.0,"enemies":"Cultist","floor":4.0,"turns":3.0},{"damage":32.0,"enemies":"3 Sentries","floor":6.0,"turns":6.0},{"damage":11.0,"enemies":"Jaw Worm","floor":7.0,"turns":4.0},{"damage":29.0,"enemies":"Lagavulin","floor":11.0,"turns":7.0},{"damage":5.0,"enemies":"Red Slaver","floor":12.0,"turns":2.0},{"damage":11.0,"enemies":"Gremlin Nob","floor":13.0,"turns":4.0},{"damage":10.0,"enemies":"Looter","floor":14.0,"turns":3.0},{"damage":48.0,"enemies":"The Guardian","floor":16.0,"turns":13.0},{"damage":6.0,"enemies":"3 Byrds","floor":18.0,"turns":4.0},{"damage":0.0,"enemies":"Spheric Guardian","floor":21.0,"turns":2.0},{"damage":4.0,"enemies":"3 Cultists","floor":22.0,"turns":3.0},{"damage":19.0,"enemies":"Centurion and Healer","floor":24.0,"turns":4.0},{"damage":32,"enemies":"Slavers","floor":25,"turns":4},{"damage":6,"enemies":"Snecko","floor":30,"turns":3},{"damage":3,"enemies":"Shelled Parasite and Fungi","floor":31,"turns":4},{"damage":25,"enemies":"Champ","floor":33,"turns":7}],"seed_played":"4845073719274899618","potions_obtained":[{"floor":1.0,"key":"Poison Potion"},{"floor":3.0,"key":"EssenceOfSteel"},{"floor":3.0,"key":"SmokeBomb"},{"floor":4.0,"key":"FairyPotion"},{"floor":16.0,"key":"Weak Potion"},{"floor":22.0,"key":"Fire Potion"}],"is_trial":false,"path_per_floor":["M","?","?","M","?","E","M","R","T","R","E","M","E","M","R","B",null,"M","?","$","M","M","R","M","E","T","$","R","?","M","M","R","B"],"character_chosen":"THE_SILENT","items_purchased":["Guide Book","Blade Dance","Replay:Bandana"],"campfire_rested":6,"item_purchase_floors":[20,20,27],"current_hp_per_floor":[70,70,70,64,64,32,21,42,42,63,34,29,18,8,29,2,53,47,47,47,47,43,53,34,2,2,2,17,17,11,8,23,0,0],"gold":341,"neow_bonus":"SILENT_POISONER","is_daily":false,"chose_seed":false,"campfire_upgraded":0,"win_rate":0.0,"timestamp":1613697930,"path_taken":["M","?","?","?","?","E","M","R","T","R","E","?","E","M","R","BOSS","M","?","$","M","M","R","M","E","T","$","R","?","M","?","R","BOSS"],"items_purchased_type":["Relic","Card","Relic"],"build_version":"2020-12-22","purchased_purges":2,"victory":false,"max_hp_per_floor":[70,70,70,70,70,70,70,70,70,70,70,70,70,70,70,70,53,53,53,53,53,53,53,53,53,53,53,53,53,53,53,53,53,53],"card_choices":[{"not_picked":["Flechettes","Dagger Spray"],"picked":"Blade Dance","floor":1.0},{"not_picked":["Bane","Dagger Throw"],"picked":"All Out Attack","floor":4.0},{"not_picked":["TH:TreasureMap","TH:BikiniMail"],"picked":"SKIP","floor":6.0},{"not_picked":["Flechettes","Well Laid Plans","Flying Knee"],"picked":"SKIP","floor":6.0},{"not_picked":["Sucker Punch","Reflex","Backflip"],"picked":"SKIP","floor":7.0},{"not_picked":["TH:ElvenBoots","TH:ArmorSpikes"],"picked":"SKIP","floor":9.0},{"not_picked":["TH:PixieDust","TH:ArmorSpikes"],"picked":"SKIP","floor":11.0},{"not_picked":["Tactician","Draining Mist","Prepared"],"picked":"SKIP","floor":11.0},{"not_picked":["Cloak And Dagger","Outmaneuver","Deadly Poison"],"picked":"SKIP","floor":12.0},{"not_picked":["Concentrate","Poisoned Stab"],"picked":"A Thousand Cuts","floor":13.0},{"not_picked":["TH:Mimic","TH:PixieDust"],"picked":"SKIP","floor":13.0},{"not_picked":["Deadly Poison","Underhanded Strike","Prepared"],"picked":"SKIP","floor":14.0},{"not_picked":["Underhanded Strike","Slice"],"picked":"Outmaneuver","floor":18.0},{"not_picked":["ReplayTheSpireMod:Exploit Weakness","ICR:Vanish","Dagger Throw+1"],"picked":"SKIP","floor":21.0},{"not_picked":["Deflect","Sucker Punch"],"picked":"Prepared+1","floor":22.0},{"not_picked":["Deflect","Cloak And Dagger+1"],"picked":"Dagger Spray","floor":24.0},{"not_picked":["Blur","Quick Slash+1"],"picked":"Masterful Stab+1","floor":25},{"not_picked":["TH:CopperCoins","TH:Mimic"],"picked":"SKIP","floor":25},{"not_picked":["TH:Mimic","TH:CursedSword"],"picked":"SKIP","floor":26},{"not_picked":["ReplayTheSpireMod:Speed Training","Hidden Blade+1","Toxin Wave"],"picked":"SKIP","floor":30},{"not_picked":["Flying Knee","Bane","Flechettes"],"picked":"SKIP","floor":31}],"player_experience":299759,"relics_obtained":[{"floor":6.0,"key":"Gremlin Food"},{"floor":9.0,"key":"CeramicFish"},{"floor":11.0,"key":"TungstenRod"},{"floor":13.0,"key":"Potion Belt"},{"floor":25,"key":"Mercury Hourglass"}],"event_choices":[{"damage_healed":0.0,"max_hp_gain":0.0,"max_hp_loss":0.0,"gold_gain":0.0,"cards_transformed":["Survivor"],"event_name":"Living Wall","player_choice":"Change","floor":2.0,"gold_loss":0.0,"damage_taken":0.0,"cards_obtained":["Phantasmal Killer"]},{"damage_healed":0.0,"max_hp_gain":0.0,"max_hp_loss":0.0,"gold_gain":0.0,"event_name":"Lab","player_choice":"Got Potions","floor":3.0,"gold_loss":0.0,"damage_taken":0.0},{"damage_healed":0.0,"max_hp_gain":0.0,"max_hp_loss":0.0,"gold_gain":275.0,"event_name":"Golden Shrine","player_choice":"Desecrate","floor":5.0,"gold_loss":0.0,"damage_taken":0.0,"cards_obtained":["Regret"]},{"damage_healed":0.0,"max_hp_gain":0.0,"max_hp_loss":0.0,"gold_gain":0.0,"event_name":"Addict","player_choice":"Obtained Relic","floor":19.0,"gold_loss":85.0,"damage_taken":0.0,"relics_obtained":["Omamori"]},{"damage_healed":0,"gold_gain":0,"player_choice":"Forge","damage_taken":0,"max_hp_gain":0,"max_hp_loss":0,"event_name":"Accursed Blacksmith","floor":29,"gold_loss":0,"cards_upgraded":["Outmaneuver"]}],"is_beta":false,"boss_relics":[{"not_picked":["Coffee Dripper","Sozu"],"picked":"Replay:Drink Me"}],"items_purged_floors":[20,27],"is_endless":false,"potions_floor_spawned":[1,4,11,12,16,22],"killed_by":"Champ","ascension_level":2}}