{"host":"oi6p1guiqfwwvxym","time":1613720133,"event":{"mods":["BaseMod","Bestiary","Colored Map","Minty Spire (QoL Compilation)","Relic Stats"],"gold_per_floor":[14,28,28,42,54,89,89,121,203,220,220,232,232,248,248,319,319,319,319,319,289,289,289,289,289,289,289,289,289,289,289,289,289,289,289,289,289,289,289,289,289,289,289,289,289,289,289,289,289,289,289,289],"floor_reached":51,"language":"ENG","playtime":3497,"items_purged":[],"score":1441,"play_id":"33654463-5351-46e1-a42b-608f7a222a25","local_time":"20210218233533","is_ascension_mode":true,"campfire_choices":[{"data":"Blood for Blood","floor":7.0,"key":"SMITH"},{"floor":11.0,"key":"REST"},{"floor":13.0,"key":"REST"},{"data":"Spot Weakness","floor":15.0,"key":"SMITH"},{"floor":23.0,"key":"REST"},{"data":"Battle Trance","floor":28.0,"key":"SMITH"},{"data":"Limit Break","floor":32.0,"key":"SMITH"},{"floor":41,"key":"REST"},{"data":"Shockwave","floor":49,"key":"SMITH"}],"circlet_count":0,"master_deck":["AscendersBane","Strike_R+1","Strike_R+1","Strike_R+1","Defend_R+1","Defend_R+1","Defend_R+1","Defend_R+1","Bash","Shrug It Off+1","Blood for Blood+1","Clothesline","Headbutt","Metallicize","Thunderclap","Cleave","Spot Weakness+1","Reaper","Burning Pact+1","Battle Trance+1","Thunderclap","Inflame+1","Disarm","Limit Break+1","Dropkick","True Grit","Offering","Sword Boomerang+1","Panache","Trip","Violence","Shockwave+1","Flame Barrier","Shrug It Off","Feel No Pain+1","Dark Embrace"],"relics":["Burning Blood","Shuriken","Unceasing Top","Paper Frog","Ectoplasm","Smiling Mask","MawBank","Kunai","Cursed Key","Charon\u0027s Ashes","Singing Bowl","Dead Branch"],"acts_visited":["Exordium","TheCity","TheBeyond"],"potions_floor_usage":[40,50,51],"damage_taken":[{"damage":7.0,"enemies":"Cultist","floor":1.0,"turns":4.0},{"damage":4.0,"enemies":"2 Louse","floor":2.0,"turns":3.0},{"damage":2.0,"enemies":"Jaw Worm","floor":4.0,"turns":5.0},{"damage":3.0,"enemies":"Exordium Wildlife","floor":5.0,"turns":4.0},{"damage":35.0,"enemies":"Lagavulin","floor":6.0,"turns":8.0},{"damage":26.0,"enemies":"Gremlin Nob","floor":8.0,"turns":5.0},{"damage":12.0,"enemies":"Gremlin Gang","floor":10.0,"turns":6.0},{"damage":10.0,"enemies":"Blue Slaver","floor":12.0,"turns":6.0},{"damage":5.0,"enemies":"Large Slime","floor":14.0,"turns":5.0},{"damage":16.0,"enemies":"The Guardian","floor":16.0,"turns":11.0},{"damage":22.0,"enemies":"Chosen","floor":18.0,"turns":6.0},{"damage":31.0,"enemies":"3 Byrds","floor":20.0,"turns":4.0},{"damage":41.0,"enemies":"Shelled Parasite and Fungi","floor":22.0,"turns":3.0},{"damage":9.0,"enemies":"Snake Plant","floor":24.0,"turns":4.0},{"damage":23.0,"enemies":"Gremlin Leader","floor":25.0,"turns":5.0},{"damage":19.0,"enemies":"Cultist and Chosen","floor":27.0,"turns":5.0},{"damage":46.0,"enemies":"Slavers","floor":29.0,"turns":4.0},{"damage":30.0,"enemies":"Sentry and Sphere","floor":31.0,"turns":5.0},{"damage":64.0,"enemies":"Automaton","floor":33.0,"turns":8.0},{"damage":24.0,"enemies":"3 Darklings","floor":35.0,"turns":5.0},{"damage":24.0,"enemies":"3 Shapes","floor":36.0,"turns":4.0},{"damage":27.0,"enemies":"Jaw Worm Horde","floor":38.0,"turns":2.0},{"damage":33.0,"enemies":"2 Orb Walkers","floor":39.0,"turns":4.0},{"damage":71,"enemies":"Nemesis","floor":40,"turns":9},{"damage":13,"enemies":"4 Shapes","floor":42,"turns":5},{"damage":1,"enemies":"Mind Bloom Boss Battle","floor":44,"turns":8},{"damage":33,"enemies":"Spire Growth","floor":45,"turns":3},{"damage":6,"enemies":"Maw","floor":48,"turns":9},{"damage":102,"enemies":"Awakened One","floor":50,"turns":10},{"damage":55,"enemies":"Donu and Deca","floor":51,"turns":3}],"seed_played":"5267433893199838536","potions_obtained":[{"floor":2.0,"key":"HeartOfIron"},{"floor":8.0,"key":"Fire Potion"},{"floor":10.0,"key":"Strength Potion"},{"floor":12.0,"key":"SteroidPotion"},{"floor":14.0,"key":"SpeedPotion"},{"floor":21.0,"key":"Swift Potion"},{"floor":21.0,"key":"LiquidBronze"},{"floor":24.0,"key":"FearPotion"},{"floor":25.0,"key":"Swift Potion"},{"floor":27.0,"key":"DuplicationPotion"},{"floor":36.0,"key":"ColorlessPotion"},{"floor":38.0,"key":"BlessingOfTheForge"},{"floor":39.0,"key":"BloodPotion"},{"floor":44,"key":"BloodPotion"}],"is_trial":false,"path_per_floor":["M","M","?","M","M","E","R","E","T","M","R","M","R","M","R","B",null,"M","?","M","?","M","R","M","E","T","M","R","E","?","M","R","B",null,"M","M","?","M","?","E","R","M","T","?","M","?","?","M","R","B","B"],"character_chosen":"IRONCLAD","items_purchased":[],"campfire_rested":4,"item_purchase_floors":[],"current_hp_per_floor":[81,83,56,60,63,34,34,14,14,8,34,30,56,57,57,47,79,63,63,56,56,29,55,63,73,73,74,74,64,64,57,57,27,74,89,89,79,58,53,29,55,50,50,91,65,65,65,88,88,51,0,0],"gold":289,"neow_bonus":"TWENTY_PERCENT_HP_BONUS","is_daily":false,"chose_seed":false,"campfire_upgraded":5,"win_rate":0.0,"timestamp":1613720133,"path_taken":["M","?","?","M","M","E","R","E","T","M","R","M","R","M","R","BOSS","M","?","M","?","?","R","M","E","T","M","R","E","?","M","R","BOSS","M","M","?","M","?","E","R","M","T","?","?","?","?","M","R","BOSS","BOSS"],"items_purchased_type":[],"build_version":"2020-12-22","purchased_purges":0,"victory":false,"max_hp_per_floor":[89,89,89,89,89,89,89,89,89,89,89,89,89,89,89,89,89,89,89,89,89,89,89,89,89,89,89,89,89,89,89,89,89,89,89,89,89,89,89,89,89,91,91,91,91,86,86,88,88,88,88,88],"relic_stats":{"Singing Bowl":4,"counters":[30,163],"Dead Branch":[30],"Charon\u0027s Ashes":[194],"Smiling Mask":0,"MawBank":0,"Cursed Key":0,"Burning Blood":154,"Shuriken":[34],"Ectoplasm":743,"Kunai":[23],"obtain_stats":[{"Singing Bowl":40,"Shuriken":6,"Dead Branch":44,"Ectoplasm":17,"Charon\u0027s Ashes":39,"Kunai":29,"Smiling Mask":25,"MawBank":26,"Cursed Key":34,"Burning Blood":0,"Unceasing Top":8,"Paper Frog":9},{"Singing Bowl":24,"Shuriken":5,"Dead Branch":26,"Ectoplasm":10,"Charon\u0027s Ashes":23,"Kunai":17,"Smiling Mask":15,"MawBank":15,"Cursed Key":19,"Burning Blood":0,"Unceasing Top":6,"Paper Frog":6},{"Singing Bowl":125,"Shuriken":24,"Dead Branch":138,"Ectoplasm":57,"Charon\u0027s Ashes":116,"Kunai":88,"Smiling Mask":79,"MawBank":79,"Cursed Key":101,"Burning Blood":0,"Unceasing Top":29,"Paper Frog":29}],"Unceasing Top":[4]},"card_choices":[{"not_picked":["True Grit","Havoc"],"picked":"Shrug It Off","floor":1.0},{"not_picked":["Armaments","Shrug It Off"],"picked":"Blood for Blood","floor":2.0},{"not_picked":["Armaments","Pommel Strike"],"picked":"Clothesline","floor":4.0},{"not_picked":["Second Wind","Clash"],"picked":"Headbutt","floor":5.0},{"not_picked":["Dropkick","Fire Breathing","Armaments"],"picked":"SKIP","floor":6.0},{"not_picked":["Feel No Pain","Iron Wave"],"picked":"Metallicize","floor":8.0},{"not_picked":["Sword Boomerang","Dark Embrace"],"picked":"Thunderclap","floor":10.0},{"not_picked":["Armaments","Blood for Blood"],"picked":"Cleave","floor":12.0},{"not_picked":["Shrug It Off","Thunderclap"],"picked":"Spot Weakness","floor":14.0},{"not_picked":["Barricade","Double Tap"],"picked":"Reaper","floor":16.0},{"not_picked":["Sword Boomerang","Cleave"],"picked":"Burning Pact+1","floor":18.0},{"not_picked":["Thunderclap","Ghostly Armor"],"picked":"Inflame+1","floor":20.0},{"not_picked":["Twin Strike","Iron Wave","Flex"],"picked":"SKIP","floor":22.0},{"not_picked":["Rampage","Clash"],"picked":"Disarm","floor":24.0},{"not_picked":["Heavy Blade","Cleave"],"picked":"Limit Break","floor":25.0},{"not_picked":["True Grit","Clash"],"picked":"Dropkick","floor":27.0},{"not_picked":["Bloodletting","Headbutt"],"picked":"True Grit","floor":29.0},{"not_picked":["Iron Wave","Headbutt","Rage"],"picked":"SKIP","floor":31.0},{"not_picked":["Barricade","Bludgeon"],"picked":"Offering","floor":33.0},{"not_picked":["Wild Strike+1","Warcry+1"],"picked":"Sword Boomerang+1","floor":35.0},{"not_picked":["Infernal Blade","Clash","Twin Strike"],"picked":"SKIP","floor":36.0},{"not_picked":["Madness","Finesse"],"picked":"Panache","floor":37.0},{"not_picked":["Sadistic Nature","Discovery"],"picked":"Trip","floor":37.0},{"not_picked":["Blind","The Bomb"],"picked":"Violence","floor":37.0},{"not_picked":["Perfected Strike","Sword Boomerang"],"picked":"Shockwave","floor":38.0},{"not_picked":["Sword Boomerang","Blood for Blood+1"],"picked":"Flame Barrier","floor":39.0},{"not_picked":["Infernal Blade+1","Power Through"],"picked":"Shrug It Off","floor":40},{"not_picked":["Armaments+1","Sword Boomerang","Wild Strike"],"picked":"Singing Bowl","floor":42},{"not_picked":["Wild Strike","Sword Boomerang"],"picked":"Feel No Pain+1","floor":44},{"not_picked":["Wild Strike","Rage"],"picked":"Dark Embrace","floor":45},{"not_picked":["Perfected Strike+1","Carnage","Cleave"],"picked":"Singing Bowl","floor":48}],"player_experience":450240,"relics_obtained":[{"floor":6.0,"key":"Shuriken"},{"floor":8.0,"key":"Unceasing Top"},{"floor":9.0,"key":"Paper Frog"},{"floor":25.0,"key":"Smiling Mask"},{"floor":26.0,"key":"MawBank"},{"floor":29.0,"key":"Kunai"},{"floor":39.0,"key":"Charon\u0027s Ashes"},{"floor":40,"key":"Singing Bowl"},{"floor":44,"key":"Dead Branch"}],"event_choices":[{"damage_healed":0.0,"max_hp_gain":0.0,"max_hp_loss":0.0,"gold_gain":0.0,"event_name":"Shining Light","player_choice":"Entered Light","floor":3.0,"gold_loss":0.0,"damage_taken":27.0,"cards_upgraded":["Shrug It Off","Strike_R"]},{"damage_healed":0.0,"max_hp_gain":0.0,"max_hp_loss":0.0,"gold_gain":0.0,"cards_transformed":["Strike_R","Strike_R"],"event_name":"Drug Dealer","player_choice":"Became Test Subject","floor":19.0,"gold_loss":0.0,"damage_taken":0.0,"cards_obtained":["Battle Trance","Thunderclap"]},{"damage_healed":0.0,"max_hp_gain":0.0,"max_hp_loss":0.0,"gold_gain":0.0,"event_name":"The Woman in Blue","player_choice":"Bought 2 Potions","floor":21.0,"gold_loss":0.0,"damage_taken":0.0},{"damage_healed":0.0,"max_hp_gain":0.0,"max_hp_loss":0.0,"gold_gain":0.0,"event_name":"Back to Basics","player_choice":"Simplicity","floor":30.0,"gold_loss":0.0,"damage_taken":0.0,"cards_upgraded":["Strike_R","Strike_R","Defend_R","Defend_R","Defend_R","Defend_R"]},{"damage_healed":0.0,"max_hp_gain":0.0,"max_hp_loss":0.0,"gold_gain":0.0,"event_name":"SensoryStone","player_choice":"Memory 3","floor":37.0,"gold_loss":0.0,"damage_taken":10.0},{"damage_healed":0.0,"max_hp_gain":0.0,"max_hp_loss":0.0,"gold_gain":0.0,"event_name":"Mysterious Sphere","player_choice":"Fight","floor":39.0,"gold_loss":0.0,"damage_taken":0.0},{"damage_healed":0,"gold_gain":0,"player_choice":"Fight","damage_taken":0,"max_hp_gain":0,"max_hp_loss":0,"event_name":"MindBloom","floor":44,"gold_loss":0},{"damage_healed":0,"gold_gain":0,"player_choice":"Max HP","damage_taken":0,"max_hp_gain":0,"max_hp_loss":5,"event_name":"Winding Halls","floor":46,"gold_loss":0},{"damage_healed":0,"gold_gain":0,"player_choice":"Ignored","damage_taken":0,"max_hp_gain":0,"max_hp_loss":0,"event_name":"SecretPortal","floor":47,"gold_loss":0}],"is_beta":false,"boss_relics":[{"not_picked":["Runic Cube","Astrolabe"],"picked":"Ectoplasm"},{"not_picked":["Busted Crown","Coffee Dripper"],"picked":"Cursed Key"}],"items_purged_floors":[],"is_endless":false,"potions_floor_spawned":[2,8,10,12,14,24,25,27,36,38,39,44,48],"killed_by":"Donu and Deca","ascension_level":20}}