{"host":"bg0cyinkrjnqf173","time":1613712732,"event":{"mods":["BaseMod","Colored Map","Minty Spire (QoL Compilation)","Replay The Spire","StSLib","Together in Spire"],"gold_per_floor":[111,126,102,121,140,140,152,185,185,185,202,219,219,254,254,385,385,408,408,338,338,338,353,373,373,409,425,498,538,538,554,439,457,457,587,587,607,412,430,448,448,486,549,567,592,623,636,652,652,690,690,690,690,690,58,99,99,99],"floor_reached":57,"language":"ENG","playtime":3340,"items_purged":[],"score":1123,"play_id":"509ebe68-ca1d-4998-b2bd-96704613115d","local_time":"20210219003212","is_ascension_mode":false,"campfire_choices":[{"data":"Hologram","floor":6,"key":"SMITH"},{"data":"FIFO Queue","floor":10,"key":"SMITH"},{"data":"ReplayTheSpireMod:Calculation Training","floor":15,"key":"SMITH"},{"data":"Darkness","floor":25,"key":"SMITH"},{"floor":34,"key":"REST"},{"data":"Panic Button","floor":49,"key":"SMITH"},{"data":"Buffer","floor":51,"key":"SMITH"},{"data":"Time Bomb","floor":54,"key":"SMITH"}],"circlet_count":0,"master_deck":["Strike_B+1","Strike_B","Strike_B","Strike_B","Defend_B","Defend_B+1","Defend_B","Defend_B","Zap","Dualcast","Conserve Battery","Sweeping Beam","Hologram+1","FIFO Queue+1","Defragment","Rip and Tear","Time Bomb+1","ReplayTheSpireMod:Calculation Training+1","Panic Button","Machine Learning","Beam Cell+1","Darkness+1","Ball Lightning","Cold Snap+1","Consume+1","Redo+1","Barrage+1","Reinforced Body","Biased Cognition","Leap","Rainbow","Redo+1","Stack","Redo","Leap+1","Steam+1","Stack+1","Buffer+1","Double Energy","Panic Button+1","Loop+1","Barrage+1"],"relics":["Cracked Core","Iron Hammer","HornCleat","Golden Idol","White Beast Statue","Replay:Grab Bag","Painkiller Herb","Philosopher\u0027s Stone","Inserter","Gremlin Horn","The Courier","Shuriken","Question Card","Black Star","Runic Capacitor","Replay:Baseball","Emotion Chip","Simple Rune","Replay:Bottled Flurry","Blue Doll","Mango","Replay:Rubber Ducky","Anchor","ReplayTheSpireMod:Lightbulb","Blood Vial","Chemical X","Akabeko","Bag of Preparation"],"acts_visited":["Exordium","TheCity","TheBeyond","TheEnding"],"potions_floor_usage":[29,31,33,57],"damage_taken":[{"damage":0,"enemies":"Cultist","floor":1,"turns":2},{"damage":1,"enemies":"Jaw Worm","floor":2,"turns":2},{"damage":0,"enemies":"Small Slimes","floor":4,"turns":1},{"damage":1,"enemies":"Red Slaver","floor":5,"turns":3},{"damage":0,"enemies":"Exordium Thugs","floor":7,"turns":2},{"damage":0,"enemies":"Gremlin Nob","floor":8,"turns":2},{"damage":0,"enemies":"3 Louse","floor":11,"turns":1},{"damage":0,"enemies":"Large Slime","floor":12,"turns":1},{"damage":3,"enemies":"Replay:BlueRogue","floor":14,"turns":2},{"damage":8,"enemies":"The Guardian","floor":16,"turns":6},{"damage":0,"enemies":"2 Thieves","floor":18,"turns":1},{"damage":0,"enemies":"Spheric Guardian","floor":23,"turns":2},{"damage":0,"enemies":"Shelled Parasite and Fungi","floor":24,"turns":2},{"damage":0,"enemies":"Slavers","floor":26,"turns":2},{"damage":10,"enemies":"Centurion and Healer","floor":27,"turns":2},{"damage":0,"enemies":"Gremlin Leader","floor":29,"turns":1},{"damage":42,"enemies":"Cultist and Chosen","floor":31,"turns":7},{"damage":12,"enemies":"Shelled Parasite and Fungi","floor":33,"turns":5},{"damage":0,"enemies":"Pondfish","floor":35,"turns":4},{"damage":0,"enemies":"3 Darklings","floor":37,"turns":2},{"damage":16,"enemies":"Orb Walker","floor":39,"turns":2},{"damage":0,"enemies":"Spire Growth","floor":40,"turns":1},{"damage":0,"enemies":"Giant Head","floor":42,"turns":3},{"damage":0,"enemies":"Mind Bloom Boss Battle","floor":43,"turns":3},{"damage":0,"enemies":"Maw","floor":44,"turns":1},{"damage":0,"enemies":"Reptomancer","floor":46,"turns":2},{"damage":0,"enemies":"4 Shapes","floor":47,"turns":1},{"damage":0,"enemies":"Spire Growth","floor":48,"turns":2},{"damage":0,"enemies":"Giant Head","floor":50,"turns":1},{"damage":3,"enemies":"Time Eater","floor":52,"turns":3},{"damage":20,"enemies":"Shield and Spear","floor":56,"turns":3},{"damage":69,"enemies":"The Heart","floor":57,"turns":6}],"seed_played":"5848974599960622200","potions_obtained":[{"floor":4,"key":"Fire Potion"},{"floor":5,"key":"EssenceOfSteel"},{"floor":12,"key":"SkillPotion"},{"floor":31,"key":"GamblersBrew"},{"floor":33,"key":"Adrenaline Potion"},{"floor":35,"key":"Weak Potion"},{"floor":39,"key":"PowerPotion"}],"is_trial":false,"path_per_floor":["M","M","$","M","M","R","M","E","T","R","M","M","?","E","R","B",null,"?","?","T","PTL","PTL","?","?","T","E","?","T","E","?","?","T","?","T","B",null,"?","T","?","?","?","E","?","?","T","E","?","?","T","E","T","B",null,"T","T","E","B"],"character_chosen":"DEFECT","items_purchased":["Hologram","Darkness","Biased Cognition","Runic Capacitor","Stack","Redo","Replay:Rubber Ducky","Anchor","ReplayTheSpireMod:Lightbulb","Blood Vial","Chemical X"],"campfire_rested":1,"item_purchase_floors":[3,20,32,38,38,38,55,55,55,55,55],"current_hp_per_floor":[82,81,81,81,80,80,80,80,80,80,80,80,76,73,73,65,76,76,76,76,76,76,76,76,76,76,66,66,66,66,24,24,12,34,34,76,76,76,60,60,60,60,60,60,60,60,60,60,60,74,74,71,86,86,86,66,0,0],"gold":99,"neow_bonus":"TEN_PERCENT_HP_BONUS","is_daily":false,"chose_seed":false,"campfire_upgraded":7,"win_rate":0.0,"timestamp":1613712732,"path_taken":["M","M","$","M","M","R","M","E","T","R","M","?","?","E","R","BOSS","?","?","T","PTL","PTL","?","?","T","E","?","T","E","?","?","T","?","T","BOSS","?","T","?","?","?","E","?","?","T","E","?","?","T","E","T","BOSS","T","T","E","BOSS"],"items_purchased_type":["Card","Card","Card","Relic","Card","Card","Relic","Relic","Relic","Relic","Relic"],"build_version":"2020-12-22","purchased_purges":0,"victory":false,"max_hp_per_floor":[82,82,82,82,82,82,82,82,82,82,82,82,76,76,76,76,76,76,76,76,76,76,76,76,76,76,76,76,76,76,76,76,76,76,76,76,76,76,76,76,72,72,72,72,72,72,72,72,72,86,86,86,86,86,86,86,86,86],"card_choices":[{"not_picked":["Barrage","Compile Driver"],"picked":"Conserve Battery","floor":1},{"not_picked":["Beam Cell","Go for the Eyes"],"picked":"Sweeping Beam","floor":2},{"not_picked":["Conserve Battery","Sweeping Beam","Crystallizer"],"picked":"SKIP","floor":4},{"not_picked":["Darkness","Hologram"],"picked":"FIFO Queue","floor":5},{"not_picked":["Leap","Undo"],"picked":"Defragment","floor":7},{"not_picked":["Leap","Conserve Battery"],"picked":"Rip and Tear","floor":8},{"not_picked":["Heatsinks","Sweeping Beam"],"picked":"Time Bomb","floor":11},{"not_picked":["Rebound","ReplayTheSpireMod:Reroute Power"],"picked":"ReplayTheSpireMod:Calculation Training","floor":12},{"not_picked":["Force Field","Sweeping Beam"],"picked":"Panic Button","floor":14},{"not_picked":["Meteor Strike","Amplify"],"picked":"Machine Learning","floor":16},{"not_picked":["Conserve Battery","Streamline"],"picked":"Beam Cell+1","floor":18},{"not_picked":["Go for the Eyes","Steam+1"],"picked":"Ball Lightning","floor":23},{"not_picked":["Hologram","ReplayTheSpireMod:System Scan+1"],"picked":"Cold Snap+1","floor":24},{"not_picked":["Turbo","ReplayTheSpireMod:Calculation Training"],"picked":"Consume+1","floor":26},{"not_picked":["Self Repair+1","Beam Cell"],"picked":"Redo+1","floor":27},{"not_picked":["Beam Cell","Conserve Battery"],"picked":"Barrage+1","floor":29},{"not_picked":["Go for the Eyes","Compile Driver","Hologram"],"picked":"Reinforced Body","floor":31},{"not_picked":["Steam","Ball Lightning","Cold Snap+1"],"picked":"Leap","floor":33},{"not_picked":["Fission","Buffer","Meteor Strike"],"picked":"Rainbow","floor":35},{"not_picked":["Go for the Eyes","BasicCrystalCard","Leap"],"picked":"Redo+1","floor":37},{"not_picked":["Stack+1","Ball Lightning","BasicCrystalCard"],"picked":"Leap+1","floor":39},{"not_picked":["Melter+1","Redo+1","Stack+1"],"picked":"Steam+1","floor":40},{"not_picked":["Compile Driver+1","Scrape","Rebound+1","Static Discharge+1"],"picked":"SKIP","floor":42},{"not_picked":["Rebound+1","Gash","ReplayTheSpireMod:System Scan+1"],"picked":"Stack+1","floor":43},{"not_picked":["Lockon","FIFO Queue","Beam Cell","Sweeping Beam+1"],"picked":"SKIP","floor":44},{"not_picked":["BasicCrystalCard+1","Ball Lightning","Go for the Eyes"],"picked":"Buffer","floor":46},{"not_picked":["BasicCrystalCard+1","Chaos","Streamline+1"],"picked":"Double Energy","floor":47},{"not_picked":["Blizzard+1","Hyperbeam","ReplaySort"],"picked":"Panic Button","floor":48},{"not_picked":["Turbo","Panic Button+1","Hologram+1"],"picked":"Loop+1","floor":50},{"not_picked":["Rebound","Fission","Go for the Eyes+1"],"picked":"Barrage+1","floor":56}],"player_experience":596996,"relics_obtained":[{"floor":8,"key":"Iron Hammer"},{"floor":9,"key":"HornCleat"},{"floor":14,"key":"White Beast Statue"},{"floor":26,"key":"Gremlin Horn"},{"floor":28,"key":"The Courier"},{"floor":29,"key":"Shuriken"},{"floor":42,"key":"Replay:Baseball"},{"floor":43,"key":"Emotion Chip"},{"floor":46,"key":"Simple Rune"},{"floor":46,"key":"Replay:Bottled Flurry"},{"floor":50,"key":"Blue Doll"},{"floor":50,"key":"Mango"},{"floor":56,"key":"Akabeko"},{"floor":56,"key":"Bag of Preparation"}],"event_choices":[{"damage_healed":0,"gold_gain":0,"player_choice":"Lose Max HP","damage_taken":0,"relics_obtained":["Golden Idol"],"max_hp_gain":0,"max_hp_loss":6,"event_name":"Golden Idol","floor":13,"gold_loss":0},{"damage_healed":0,"gold_gain":0,"player_choice":"Ignored","damage_taken":0,"max_hp_gain":0,"max_hp_loss":0,"event_name":"Vampires","floor":19,"gold_loss":0},{"damage_healed":0,"gold_gain":0,"player_choice":"Gave Potion","damage_taken":0,"relics_obtained":["Question Card"],"max_hp_gain":0,"max_hp_loss":0,"event_name":"WeMeetAgain","floor":30,"gold_loss":0},{"damage_healed":0,"gold_gain":0,"player_choice":"Max HP","damage_taken":0,"max_hp_gain":0,"max_hp_loss":4,"event_name":"Winding Halls","floor":41,"gold_loss":0},{"damage_healed":0,"gold_gain":0,"player_choice":"Fight","damage_taken":0,"max_hp_gain":0,"max_hp_loss":0,"event_name":"MindBloom","floor":43,"gold_loss":0}],"is_beta":false,"boss_relics":[{"not_picked":["Snecko Eye","Runic Dome"],"picked":"Replay:Grab Bag"},{"not_picked":["Ectoplasm","ReplayTheSpireMod:DimensionalGlitch"],"picked":"Painkiller Herb"},{"not_picked":["Abe\u0027s Treasure","Coffee Dripper"],"picked":"Philosopher\u0027s Stone"},{"not_picked":["Astrolabe","Kintsugi"],"picked":"Inserter"},{"not_picked":["Honey Jar","Replay:Drink Me"],"picked":"Black Star"}],"items_purged_floors":[],"is_endless":false,"potions_floor_spawned":[4,5,12,14,16,18,23,24,26,27,29,31,33,35,37,39,40,42,43,44,46,47,48,50,56],"killed_by":"The Heart","ascension_level":0}}