{"host":"swavyr4ofmkhu42f","time":1613707222,"event":{"mods":["BaseMod","Colored Map","Googly Eyes","Minty Spire (QoL Compilation)","StSLib","everything is the same but u backflip on backflip"],"gold_per_floor":[212,224,239,1,21,47,47,63,63,63,82,41,59,78,78,174,174,192,210,135,135,135,135],"floor_reached":22,"language":"ENG","playtime":1031,"items_purged":["Strike_G"],"score":266,"play_id":"09f598b3-b72f-4334-9953-bb15ee46f518","local_time":"20210218230022","is_ascension_mode":true,"campfire_choices":[{"data":"Neutralize","floor":7,"key":"SMITH"},{"floor":10,"key":"REST"},{"floor":15,"key":"REST"}],"circlet_count":0,"master_deck":["Strike_G","Strike_G","Strike_G","Strike_G","Defend_G","Defend_G","Defend_G","Defend_G","Defend_G","Survivor","Neutralize+1","Slice","Slice","Backflip","Storm of Steel","Cloak And Dagger"],"relics":["Ring of the Snake","Shuriken","Blood Vial","Potion Belt","Philosopher\u0027s Stone"],"acts_visited":["Exordium","TheCity"],"potions_floor_usage":[6,8,11,13,14],"damage_taken":[{"damage":1,"enemies":"2 Louse","floor":1,"turns":3},{"damage":0,"enemies":"Jaw Worm","floor":2,"turns":5},{"damage":5,"enemies":"Cultist","floor":3,"turns":5},{"damage":20,"enemies":"Large Slime","floor":5,"turns":8},{"damage":24,"enemies":"3 Sentries","floor":6,"turns":12},{"damage":8,"enemies":"Red Slaver","floor":8,"turns":3},{"damage":0,"enemies":"2 Fungi Beasts","floor":11,"turns":2},{"damage":4,"enemies":"Large Slime","floor":13,"turns":6},{"damage":0,"enemies":"3 Louse","floor":14,"turns":6},{"damage":48,"enemies":"Hexaghost","floor":16,"turns":15},{"damage":34,"enemies":"Chosen","floor":18,"turns":6},{"damage":16,"enemies":"2 Thieves","floor":19,"turns":5},{"damage":0,"enemies":"Sentry and Sphere","floor":22,"turns":3}],"seed_played":"-3041289564461194046","potions_obtained":[{"floor":5,"key":"Explosive Potion"},{"floor":6,"key":"SteroidPotion"},{"floor":8,"key":"Explosive Potion"},{"floor":11,"key":"Poison Potion"},{"floor":13,"key":"Dexterity Potion"}],"is_trial":false,"path_per_floor":["M","M","M","$","M","E","R","M","T","R","M","?","M","M","R","B",null,"M","M","$","?","M"],"character_chosen":"THE_SILENT","items_purchased":["Shuriken"],"campfire_rested":2,"item_purchase_floors":[4],"current_hp_per_floor":[62,62,57,57,37,13,13,7,7,28,30,30,28,30,51,5,54,22,8,8,13,15,15],"gold":135,"neow_bonus":"HUNDRED_GOLD","is_daily":false,"chose_seed":false,"campfire_upgraded":1,"win_rate":0.0,"timestamp":1613707222,"path_taken":["M","M","M","$","M","E","R","M","T","R","M","?","M","M","R","BOSS","M","M","$","?","M"],"items_purchased_type":["Relic"],"build_version":"2020-12-22","purchased_purges":1,"victory":false,"max_hp_per_floor":[70,70,70,70,70,70,70,70,70,70,70,70,70,70,70,70,70,70,70,70,70,70,70],"card_choices":[{"not_picked":["Sucker Punch","Dodge and Roll"],"picked":"Slice","floor":1},{"not_picked":["Dagger Throw","Dagger Spray","Predator"],"picked":"SKIP","floor":2},{"not_picked":["Predator","Quick Slash","Dagger Spray"],"picked":"SKIP","floor":3},{"not_picked":["Malaise","Expertise"],"picked":"PiercingWail","floor":5},{"not_picked":["Dagger Throw","Calculated Gamble","Acrobatics"],"picked":"SKIP","floor":6},{"not_picked":["Sucker Punch","Endless Agony"],"picked":"Slice","floor":8},{"not_picked":["Deadly Poison","Prepared"],"picked":"Backflip","floor":11},{"not_picked":["Flying Knee","Setup","Distraction"],"picked":"SKIP","floor":13},{"not_picked":["Deadly Poison","Prepared","Dagger Throw"],"picked":"SKIP","floor":14},{"not_picked":["Glass Knife","Wraith Form v2"],"picked":"Storm of Steel","floor":16},{"not_picked":["Deflect","Poisoned Stab"],"picked":"Cloak And Dagger","floor":18},{"not_picked":["Predator","Skewer","Reflex"],"picked":"SKIP","floor":19}],"player_experience":215295,"relics_obtained":[{"floor":6,"key":"Blood Vial"},{"floor":9,"key":"Potion Belt"}],"event_choices":[{"damage_healed":0,"gold_gain":0,"player_choice":"Left Gold","damage_taken":0,"max_hp_gain":0,"max_hp_loss":0,"event_name":"World of Goop","floor":12,"gold_loss":41},{"cards_removed":["PiercingWail"],"damage_healed":5,"gold_gain":0,"player_choice":"Offered Common","damage_taken":0,"max_hp_gain":0,"max_hp_loss":0,"event_name":"Bonfire Elementals","floor":21,"gold_loss":0},{"cards_removed":["PiercingWail"],"damage_healed":5,"gold_gain":0,"player_choice":"Offered Special","damage_taken":0,"max_hp_gain":0,"max_hp_loss":0,"event_name":"Bonfire Elementals","floor":21,"gold_loss":0}],"is_beta":false,"boss_relics":[{"not_picked":["Coffee Dripper","Snecko Eye"],"picked":"Philosopher\u0027s Stone"}],"items_purged_floors":[20],"is_endless":false,"potions_floor_spawned":[5,6,8,11,13],"killed_by":"Sentry and Sphere","ascension_level":8}}