{"host":"lnfs5t5iydkm2lft","time":1613713796,"event":{"mods":["AchievementEnabler","Aspiration","BaseMod","Better Third Choice","BetterRewards","Colored Powertips","Downfall","Hermit","Hubris","Infinite Spire","Marisa????????","Minty Spire (QoL Compilation)","Quick Restart","Replay The Spire","StSLib","The Runesmith","The Senshi","TheBandit","everything is the same but u backflip on backflip"],"gold_per_floor":[111,163,175,29,47,47,47,75,75,75,86,86,100,100,100,203,203,216,59,76,76,76,76,101,101,128,128,128],"floor_reached":27,"language":"ENG","playtime":1322,"items_purged":["infinitespire:SevenWalls+1"],"score":372,"play_id":"35193a46-262c-4a5b-96ab-c5dc4687f565","local_time":"20210218234956","is_ascension_mode":true,"campfire_choices":[{"floor":6,"key":"REST"},{"data":"hermit:WideOpen","floor":12,"key":"SMITH"},{"floor":15,"key":"RECALL"},{"floor":23,"key":"REST"}],"circlet_count":0,"master_deck":["infinitespire:SevenWalls+1","hermit:Strike_Hermit","hermit:Strike_Hermit","hermit:Strike_Hermit","hermit:Defend_Hermit","hermit:Defend_Hermit","hermit:Defend_Hermit","hermit:Defend_Hermit","hermit:Snapshot","hermit:Covet","hermit:Desperado","hermit:Deadeye","hermit:WideOpen+1","hermit:Dissolve+1","hexamod:FlamesFromBeyond","hexamod:GiftsFromTheDead+1","RitualDagger","Writhe","hermit:Cheat"],"relics":["hermit:Momento","Turnip","Sling","infinitespire:Eraser","PrismaticShard","aspiration:ChemicalBlood","Simple Rune","hubris:Backtick","Du-Vu Doll","Guide Book","TungstenRod","Tiny Chest"],"acts_visited":["Exordium","TheCity"],"potions_floor_usage":[16,16,16,18,18,24,24,24,27],"damage_taken":[{"damage":0,"enemies":"Jaw Worm","floor":1,"turns":2},{"damage":1,"enemies":"Cultist","floor":3,"turns":3},{"damage":0,"enemies":"Small Slimes","floor":5,"turns":2},{"damage":0,"enemies":"Gremlin Nob","floor":8,"turns":3},{"damage":0,"enemies":"Blue Slaver","floor":11,"turns":3},{"damage":0,"enemies":"3 Louse","floor":13,"turns":3},{"damage":52,"enemies":"Hexaghost","floor":16,"turns":10},{"damage":12,"enemies":"2 Thieves","floor":18,"turns":4},{"damage":24,"enemies":"Chosen","floor":20,"turns":5},{"damage":18,"enemies":"Gremlin Leader","floor":24,"turns":8},{"damage":43,"enemies":"Slavers","floor":27,"turns":7}],"seed_played":"-1258078493907432139","potions_obtained":[{"floor":1,"key":"champ:CounterPotion"},{"floor":3,"key":"Venom Potion"},{"floor":13,"key":"FearPotion"},{"floor":20,"key":"Ancient Potion"}],"is_trial":false,"path_per_floor":["M","?","M","$","M","R","?","E","T","?","M","R","M","?","R","B",null,"M","$","M","?","?","R","E","?","T","E"],"character_chosen":"HERMIT","items_purchased":["Turnip","Sling","hermit:Desperado","ColorlessPotion","hermit:Dissolve","Guide Book"],"campfire_rested":2,"item_purchase_floors":[0,0,0,0,4,19],"current_hp_per_floor":[75,45,44,44,44,66,66,66,66,71,71,71,71,71,71,19,80,68,68,44,38,38,62,44,44,44,0,0],"gold":128,"neow_bonus":"","is_daily":false,"chose_seed":false,"campfire_upgraded":1,"win_rate":0.0,"timestamp":1613713796,"path_taken":["M","?","?","?","M","R","?","E","T","?","M","R","M","?","R","BOSS","M","$","M","?","?","R","E","?","T","E"],"items_purchased_type":["Relic","Relic","Card","Potion","Card","Relic"],"build_version":"2020-12-22","purchased_purges":1,"victory":false,"max_hp_per_floor":[75,75,75,75,75,75,75,75,75,80,80,80,80,80,80,80,80,80,80,80,80,80,80,80,80,80,80,80],"card_choices":[{"not_picked":["hermit:Coalescence","hermit:WideOpen"],"picked":"hermit:Deadeye","floor":1},{"not_picked":["hermit:LuckOfTheDraw","hermit:Dissolve"],"picked":"hermit:WideOpen","floor":2},{"not_picked":["hermit:Glare","hermit:Showdown","hermit:HighCaliber"],"picked":"SKIP","floor":3},{"not_picked":["hermit:Virtue","hermit:Manifest","hermit:Deadeye"],"picked":"SKIP","floor":5},{"not_picked":["Guardian:Orbwalk","sneckomod:UnknownClassGUARDIAN"],"picked":"hexamod:FlamesFromBeyond","floor":8},{"not_picked":["wariomod:BodyBlock","champ:DefensiveShout","champ:StanceDance"],"picked":"SKIP","floor":11},{"not_picked":["Slimebound:ItLooksTasty","bronze:Shield","Guardian:TemporalShield"],"picked":"SKIP","floor":13},{"not_picked":["Limit Break","CollectingQuirk"],"picked":"hexamod:GiftsFromTheDead","floor":16},{"not_picked":["Wallop","bronze:Iterate","Stack"],"picked":"SKIP","floor":18},{"not_picked":["Abandon","theSenshi:SailorMarsAssists","UnstableBomb"],"picked":"SKIP","floor":20},{"not_picked":["Catalyst","Guardian:Gem_Green","theSenshi:LateForSchool+1"],"picked":"SKIP","floor":24}],"player_experience":393950,"relics_obtained":[{"floor":2,"key":"infinitespire:Eraser"},{"floor":8,"key":"aspiration:ChemicalBlood"},{"floor":14,"key":"Simple Rune"},{"floor":24,"key":"TungstenRod"},{"floor":26,"key":"Tiny Chest"}],"event_choices":[{"damage_healed":0,"gold_gain":0,"player_choice":"Donut","damage_taken":0,"max_hp_gain":5,"max_hp_loss":0,"event_name":"Big Fish","floor":10,"gold_loss":0},{"damage_healed":0,"gold_gain":0,"player_choice":"Dagger","damage_taken":6,"max_hp_gain":0,"max_hp_loss":0,"event_name":"betterThird:BetterNest","floor":21,"gold_loss":0,"cards_obtained":["RitualDagger"]},{"damage_healed":0,"gold_gain":0,"cards_transformed":["downfall:Haunted","hermit:Strike_Hermit"],"player_choice":"Became Test Subject","damage_taken":0,"max_hp_gain":0,"max_hp_loss":0,"event_name":"Drug Dealer","floor":25,"gold_loss":0,"cards_obtained":["Writhe","hermit:Cheat"]}],"is_beta":false,"boss_relics":[{"not_picked":["SacredBark","aspiration:RandomNobGenerator"],"picked":"hubris:Backtick"}],"items_purged_floors":[0],"is_endless":false,"potions_floor_spawned":[1,3,11,13,20],"killed_by":"Slavers","ascension_level":1}}