{"host":"t9vqxmgmtrdkt9v9","time":1613729003,"event":{"mods":["AchievementEnabler","BaseMod","Colored Map","Minty Spire (QoL Compilation)","Permanent Neow","Relic Stats","StSLib"],"gold_per_floor":[217,125,141,141,160,23,51,51,51,78,78,93,122,136,136,136,136],"floor_reached":16,"language":"ENG","playtime":947,"items_purged":[],"score":222,"play_id":"d4963b99-6aad-4b15-9cb6-e1db016de159","local_time":"20210219200323","is_ascension_mode":true,"campfire_choices":[{"floor":8,"key":"REST"},{"floor":11,"key":"REST"},{"floor":15,"key":"REST"}],"circlet_count":0,"master_deck":["AscendersBane","Strike_P","Strike_P","Strike_P","Strike_P","Defend_P","Defend_P","Defend_P","Defend_P","Eruption","Vigilance","Wireheading","Conclude","CrushJoints","Evaluate","EmptyFist","ClearTheMind","Meditate","ThirdEye","ReachHeaven"],"relics":["PureWater","CultistMask","Bottled Tornado","White Beast Statue","Blood Vial","The Courier"],"acts_visited":["Exordium"],"potions_floor_usage":[3,7,10,10,13,16],"damage_taken":[{"damage":24,"enemies":"Cultist","floor":1,"turns":4},{"damage":0,"enemies":"Jaw Worm","floor":3,"turns":4},{"damage":0,"enemies":"Small Slimes","floor":5,"turns":4},{"damage":26,"enemies":"3 Sentries","floor":7,"turns":9},{"damage":18,"enemies":"Gremlin Nob","floor":10,"turns":3},{"damage":3,"enemies":"Looter","floor":12,"turns":2},{"damage":17,"enemies":"3 Sentries","floor":13,"turns":6},{"damage":1,"enemies":"Exordium Wildlife","floor":14,"turns":3},{"damage":41,"enemies":"Hexaghost","floor":16,"turns":10}],"seed_played":"-6292691740699757766","potions_obtained":[{"floor":1,"key":"Block Potion"},{"floor":7,"key":"Swift Potion"},{"floor":10,"key":"Block Potion"},{"floor":12,"key":"DistilledChaos"},{"floor":13,"key":"Ambrosia"}],"is_trial":false,"path_per_floor":["M","$","M","?","M","$","E","R","T","E","R","M","E","M","R","B"],"character_chosen":"WATCHER","items_purchased":["Conclude","AttackPotion","Evaluate","EmptyFist","Block Potion"],"campfire_rested":3,"item_purchase_floors":[2,2,6,6,6],"current_hp_per_floor":[37,37,37,37,37,37,11,31,31,13,33,32,17,18,38,0,0],"gold":136,"neow_bonus":"HUNDRED_GOLD","is_daily":false,"chose_seed":false,"campfire_upgraded":0,"win_rate":0.0,"timestamp":1613729003,"path_taken":["M","$","M","?","M","?","E","R","T","E","R","M","E","M","R","BOSS"],"items_purchased_type":["Card","Potion","Card","Card","Potion"],"build_version":"2020-12-22","purchased_purges":0,"victory":false,"max_hp_per_floor":[68,68,68,68,68,68,68,68,68,68,68,68,68,68,68,68,68],"relic_stats":{"Blood Vial":8,"counters":[9,45],"obtain_stats":[{"Blood Vial":10,"CultistMask":4,"The Courier":13,"PureWater":0,"Bottled Tornado":7,"White Beast Statue":9},{"Blood Vial":5,"CultistMask":2,"The Courier":7,"PureWater":0,"Bottled Tornado":4,"White Beast Statue":4},{"Blood Vial":24,"CultistMask":8,"The Courier":32,"PureWater":0,"Bottled Tornado":21,"White Beast Statue":21}]},"card_choices":[{"not_picked":["ReachHeaven","ThirdEye"],"picked":"Wireheading","floor":1},{"not_picked":["Worship","Swivel","Adaptation"],"picked":"SKIP","floor":3},{"not_picked":["Study","JustLucky"],"picked":"CrushJoints","floor":5},{"not_picked":["FlyingSleeves","CutThroughFate"],"picked":"ClearTheMind","floor":7},{"not_picked":["FlyingSleeves","BowlingBash"],"picked":"Meditate","floor":10},{"not_picked":["WreathOfFlame","Worship"],"picked":"ThirdEye","floor":12},{"not_picked":["Evaluate","ClearTheMind"],"picked":"ReachHeaven","floor":13},{"not_picked":["Collect","EmptyFist","SandsOfTime"],"picked":"SKIP","floor":14}],"player_experience":448482,"relics_obtained":[{"floor":7,"key":"Bottled Tornado"},{"floor":9,"key":"White Beast Statue"},{"floor":10,"key":"Blood Vial"},{"floor":13,"key":"The Courier"}],"event_choices":[{"damage_healed":0,"gold_gain":0,"player_choice":"Trade","damage_taken":0,"relics_obtained":["CultistMask"],"max_hp_gain":0,"max_hp_loss":0,"event_name":"FaceTrader","floor":4,"gold_loss":0}],"is_beta":false,"boss_relics":[],"items_purged_floors":[],"is_endless":false,"potions_floor_spawned":[1,7,10,12,13,14],"killed_by":"Hexaghost","ascension_level":17}}