{"host":"dn2xyj3kd3d9cfyb","time":1613710158,"event":{"mods":["BaseMod","Conspire","Hero for Fun","Hubris","Marisa£®ÏF”Í°°ƒß¿Ì…≥£©","Minty Spire (QoL Compilation)","Reimu£®≤©¿ˆ¡È√Œ£©","Remilia£®¿Ÿ√◊¿Ú—«£©","Replay The Spire","Shop Mod","StSLib","The Administrix","The Animator","The Construct","The Cursed","The Mystic","Youmu£®ªÍ∆«—˝√Œ£©","Yuri Mod","Yuyuko"],"gold_per_floor":[131,160,73,84,106,141,155,155,155],"floor_reached":8,"language":"ZHS","playtime":580,"items_purged":[],"score":69,"play_id":"09ae3960-cbb9-499e-9238-b2ed6f00a162","local_time":"20210219124918","is_ascension_mode":true,"campfire_choices":[],"circlet_count":0,"master_deck":["animator:Strike_NoGameNoLife","animator:Defend_NoGameNoLife","animator:Strike","animator:Strike","animator:Strike","animator:Defend","animator:Defend","animator:Defend","animator:DolaSchwi","animator:DolaCouronne","animator:ChlammyZell","animator:YaoHaDucy","animator:MisaKurobane","animator:IzunaHatsuse","animator:FielNirvalen","animator:MaesHughes","animator:Aisha"],"relics":["animator:LivingPicture","animator:TheMissingPiece","animator:PurgingStone","NeowsBlessing","Replay:Accelerometer"],"acts_visited":["Exordium"],"potions_floor_usage":[6,6,8],"damage_taken":[{"damage":0,"enemies":"Cultist","floor":1,"turns":1},{"damage":0,"enemies":"Small Slimes","floor":2,"turns":1},{"damage":0,"enemies":"Jaw Worm","floor":4,"turns":1},{"damage":4,"enemies":"Blue Slaver","floor":5,"turns":4},{"damage":42,"enemies":"3 Sentries","floor":6,"turns":11},{"damage":9,"enemies":"Exordium Wildlife","floor":7,"turns":6},{"damage":29,"enemies":"Gremlin Nob","floor":8,"turns":3}],"seed_played":"6568855278260660455","potions_obtained":[{"floor":1,"key":"Strength Potion"},{"floor":2,"key":"Weak Potion"},{"floor":7,"key":"PowerPotion"}],"is_trial":false,"path_per_floor":["M","M","$","M","M","E","M","E"],"character_chosen":"THE_ANIMATOR","items_purchased":["animator:MisaKurobane"],"campfire_rested":0,"item_purchase_floors":[3],"current_hp_per_floor":[66,66,66,67,63,21,20,0,0],"gold":155,"neow_bonus":"THREE_ENEMY_KILL","is_daily":false,"chose_seed":false,"campfire_upgraded":0,"win_rate":0.0,"timestamp":1613710158,"path_taken":["M","M","$","M","M","E","M","E"],"items_purchased_type":["Card"],"build_version":"2020-12-22","purchased_purges":0,"victory":false,"max_hp_per_floor":[66,66,66,67,67,67,67,67,67],"card_choices":[{"not_picked":["animator:Shichika","animator:RinTohsaka"],"picked":"animator:ChlammyZell","floor":1},{"not_picked":["animator:Shinoa","animator:Kuribayashi"],"picked":"animator:YaoHaDucy","floor":2},{"not_picked":["animator:Cocytus","animator:NarberalGamma"],"picked":"animator:IzunaHatsuse","floor":4},{"not_picked":["animator:Jibril","animator:DolaCouronne"],"picked":"animator:FielNirvalen","floor":5},{"not_picked":["animator:Tet","animator:Chung"],"picked":"animator:MaesHughes","floor":6},{"not_picked":["animator:Demiurge","animator:Genos"],"picked":"animator:Aisha","floor":7}],"player_experience":657699,"relics_obtained":[{"floor":6,"key":"Replay:Accelerometer"}],"event_choices":[],"is_beta":false,"boss_relics":[],"items_purged_floors":[],"is_endless":false,"potions_floor_spawned":[1,2,7],"killed_by":"Gremlin Nob","ascension_level":3}}