{"host":"mhzgc0zma59jtmoj","time":1613694658,"event":{"mods":["BaseMod","BetterRewards","Custom Start","Glutton Mod","Ironclad Rager","Minty Spire (QoL Compilation)","Replay The Spire","Somnambulant","StSLib","The Cursed","The Hierophant","The Jungle","Treasure Hunter"],"gold_per_floor":[118,129,129,204,220,220,220],"floor_reached":6,"language":"ENG","playtime":261,"items_purged":[],"score":40,"play_id":"ed430527-f56d-44cb-88e7-a1f6c3dc0b48","local_time":"20210218193058","is_ascension_mode":true,"campfire_choices":[],"circlet_count":0,"master_deck":["Zap","Dualcast","ICR:ProbingStrike","ICR:ProbingStrike","ICR:ProbingStrike","ICR:AutoDefend","ICR:AutoDefend","ICR:AutoDefend","ICR:AutoDefend"],"relics":["Cracked Core"],"acts_visited":["Exordium"],"potions_floor_usage":[],"damage_taken":[{"damage":0,"enemies":"Small Slimes","floor":1,"turns":4},{"damage":0,"enemies":"Jaw Worm","floor":2,"turns":4},{"damage":3,"enemies":"2 Louse","floor":5,"turns":3},{"damage":57,"enemies":"3 Sentries","floor":6,"turns":10}],"seed_played":"114045263208353178","potions_obtained":[{"floor":1,"key":"SpeedPotion"},{"floor":2,"key":"Toxic Potion"}],"is_trial":false,"path_per_floor":["M","M","?","?","M","E"],"character_chosen":"DEFECT","items_purchased":[],"campfire_rested":0,"item_purchase_floors":[],"current_hp_per_floor":[75,75,68,57,54,0,0],"gold":220,"neow_bonus":"DEFECT_WARDEN","is_daily":false,"chose_seed":false,"campfire_upgraded":0,"win_rate":0.0,"timestamp":1613694658,"path_taken":["M","M","?","?","M","E"],"items_purchased_type":[],"build_version":"2020-12-22","purchased_purges":0,"victory":false,"max_hp_per_floor":[75,75,75,75,75,75,75],"card_choices":[{"not_picked":["Chaos","Tempest","Ball Lightning"],"picked":"SKIP","floor":1},{"not_picked":["Coolheaded","Ball Lightning","Compile Driver"],"picked":"SKIP","floor":2},{"not_picked":["Coolheaded","Steam","Conserve Battery"],"picked":"SKIP","floor":5}],"player_experience":298283,"relics_obtained":[],"event_choices":[{"cards_removed":["ICR:ProbingStrike"],"damage_healed":0,"gold_gain":0,"player_choice":"Card Removal","damage_taken":7,"max_hp_gain":0,"max_hp_loss":0,"event_name":"Golden Wing","floor":3,"gold_loss":0},{"damage_healed":0,"gold_gain":75,"player_choice":"Gather Gold","damage_taken":11,"max_hp_gain":0,"max_hp_loss":0,"event_name":"World of Goop","floor":4,"gold_loss":0}],"is_beta":false,"boss_relics":[],"items_purged_floors":[],"is_endless":false,"potions_floor_spawned":[1,2],"killed_by":"3 Sentries","ascension_level":2}}