{"host":"1te4apcktyw9778t","time":1613766990,"event":{"mods":["BaseMod","Colored Powertips","Minty Spire (QoL Compilation)","Relic Stats"],"gold_per_floor":[114,13,61,61,10,43,43,70,70,145,162,172,198,213,213,290,290,302,302,192,204,216,241,256,284,310,50,67,94,108,136,136,212,212,222,232,232,232,246,276,276,302,349,365,34,34,66,66,66,66,66,66,9,34,34],"floor_reached":56,"language":"ENG","playtime":6239,"items_purged":["Strike_B"],"score":2355,"play_id":"a3223704-d296-48a4-83d8-913fd99b783c","local_time":"20210219153630","is_ascension_mode":true,"campfire_choices":[{"data":"Zap","floor":7.0,"key":"SMITH"},{"data":"Hologram","floor":15.0,"key":"SMITH"},{"data":"Defragment","floor":32.0,"key":"SMITH"},{"data":"Defragment","floor":41.0,"key":"SMITH"},{"floor":49.0,"key":"RECALL"},{"data":"Barrage","floor":52.0,"key":"SMITH"}],"circlet_count":0,"master_deck":["AscendersBane","Defend_B+1","Defend_B+1","Defend_B+1","Defend_B+1","Zap+1","Dualcast","Ball Lightning","Hologram+1","Gash","Capacitor","Gash","Steam","Gash","Core Surge+1","Hologram+1","Hologram+1","Cold Snap","Coolheaded","Barrage+1","FTL","Defragment+1","Steam Power","Capacitor","Skim+1","All For One","Stack","Turbo","Defragment+1","Glacier"],"relics":["FrozenCore","NeowsBlessing","Bag of Preparation","Symbiotic Virus","Mango","Eternal Feather","Shuriken","HornCleat","Ice Cream","Blood Vial","Oddly Smooth Stone","Runic Capacitor","White Beast Statue","Toy Ornithopter","Empty Cage","Dream Catcher","Blue Candle","Anchor","OrangePellets","CaptainsWheel","Bottled Tornado"],"acts_visited":["Exordium","TheCity","TheBeyond","TheEnding"],"potions_floor_usage":[55,55],"damage_taken":[{"damage":0.0,"enemies":"Cultist","floor":1.0,"turns":1.0},{"damage":0.0,"enemies":"Gremlin Nob","floor":6.0,"turns":1.0},{"damage":0.0,"enemies":"3 Sentries","floor":8.0,"turns":1.0},{"damage":2.0,"enemies":"Jaw Worm","floor":11.0,"turns":3.0},{"damage":0.0,"enemies":"Small Slimes","floor":12.0,"turns":2.0},{"damage":16.0,"enemies":"Lagavulin","floor":13.0,"turns":5.0},{"damage":2.0,"enemies":"Exordium Wildlife","floor":14.0,"turns":4.0},{"damage":29.0,"enemies":"The Guardian","floor":16.0,"turns":8.0},{"damage":15.0,"enemies":"Spheric Guardian","floor":18.0,"turns":4.0},{"damage":0.0,"enemies":"Shell Parasite","floor":21.0,"turns":4.0},{"damage":0.0,"enemies":"Snecko","floor":22.0,"turns":4.0},{"damage":3.0,"enemies":"Gremlin Leader","floor":23.0,"turns":7.0},{"damage":0.0,"enemies":"Centurion and Healer","floor":24.0,"turns":5.0},{"damage":26.0,"enemies":"Slavers","floor":25.0,"turns":8.0},{"damage":8.0,"enemies":"Snake Plant","floor":28.0,"turns":5.0},{"damage":0.0,"enemies":"Gremlin Leader","floor":29.0,"turns":6.0},{"damage":0.0,"enemies":"Shelled Parasite and Fungi","floor":30.0,"turns":7.0},{"damage":7.0,"enemies":"Book of Stabbing","floor":31.0,"turns":7.0},{"damage":18.0,"enemies":"Automaton","floor":33.0,"turns":9.0},{"damage":17.0,"enemies":"3 Darklings","floor":35.0,"turns":7.0},{"damage":5.0,"enemies":"3 Shapes","floor":36.0,"turns":3.0},{"damage":0.0,"enemies":"Sphere and 2 Shapes","floor":39.0,"turns":11.0},{"damage":22.0,"enemies":"Giant Head","floor":40.0,"turns":6.0},{"damage":53.0,"enemies":"Reptomancer","floor":42.0,"turns":6.0},{"damage":7.0,"enemies":"4 Shapes","floor":44.0,"turns":6.0},{"damage":0.0,"enemies":"Giant Head","floor":47.0,"turns":6.0},{"damage":28.0,"enemies":"Awakened One","floor":50.0,"turns":15.0},{"damage":46,"enemies":"Shield and Spear","floor":54,"turns":8},{"damage":41,"enemies":"The Heart","floor":55,"turns":11}],"seed_played":"-1241296476502034023","potions_obtained":[{"floor":1.0,"key":"SkillPotion"},{"floor":12.0,"key":"SpeedPotion"},{"floor":23.0,"key":"Swift Potion"},{"floor":30.0,"key":"Strength Potion"},{"floor":31.0,"key":"GamblersBrew"},{"floor":35.0,"key":"SpeedPotion"},{"floor":42.0,"key":"SmokeBomb"},{"floor":54,"key":"SneckoOil"}],"is_trial":false,"path_per_floor":["M","$","T","?","$","E","R","E","T","?","M","M","E","M","R","B",null,"M","?","?","M","M","E","M","E","T","$","M","E","M","E","R","B",null,"M","M","?","?","M","E","R","E","T","M","$","?","E","$","R","B",null,"R","$","E","B",null],"character_chosen":"DEFECT","items_purchased":["Hologram","Gash","Runic Capacitor","Defragment","Anchor","OrangePellets","SpeedPotion"],"campfire_rested":0,"item_purchase_floors":[2,5,27,27,45,45,53],"current_hp_per_floor":[64,64,64,38,38,52,52,52,52,41,39,39,23,28,37,15,68,60,60,60,67,74,78,85,59,59,59,60,69,78,80,85,74,82,74,78,78,78,80,60,75,24,24,19,19,19,21,21,39,18,68,85,85,39,10],"gold":34,"neow_bonus":"THREE_ENEMY_KILL","is_daily":false,"chose_seed":false,"campfire_upgraded":5,"win_rate":0.0,"timestamp":1613766990,"path_taken":["M","$","?","?","$","E","R","E","T","?","M","M","E","M","R","BOSS","M","?","?","M","?","E","M","E","T","$","M","E","M","E","R","BOSS","M","M","?","?","M","E","R","E","T","?","$","?","E","?","R","BOSS","R","$","E","BOSS"],"items_purchased_type":["Card","Card","Relic","Card","Relic","Relic","Potion"],"build_version":"2020-12-22","purchased_purges":1,"victory":true,"max_hp_per_floor":[71,71,71,71,71,85,85,85,85,85,85,85,85,85,85,85,85,85,85,85,85,85,85,85,85,85,85,85,85,85,85,85,85,85,85,85,85,85,85,85,85,85,85,85,85,85,85,85,85,85,85,85,85,85,85],"relic_stats":{"Blood Vial":26,"OrangePellets":[5],"Dream Catcher":0,"counters":[29,170],"Shuriken":[76],"Blue Candle":[0],"Eternal Feather":64,"Bag of Preparation":[56],"obtain_stats":[{"Ice Cream":23,"NeowsBlessing":0,"Blue Candle":42,"Oddly Smooth Stone":26,"Mango":6,"Eternal Feather":8,"Bag of Preparation":3,"Runic Capacitor":27,"Bottled Tornado":54,"Empty Cage":34,"White Beast Statue":29,"FrozenCore":17,"Blood Vial":25,"OrangePellets":45,"Dream Catcher":40,"Anchor":45,"CaptainsWheel":47,"HornCleat":13,"Shuriken":9,"Cracked Core":0,"Symbiotic Virus":4,"Toy Ornithopter":31},{"Ice Cream":12,"NeowsBlessing":0,"Blue Candle":24,"Oddly Smooth Stone":14,"Mango":2,"Eternal Feather":3,"Bag of Preparation":1,"Runic Capacitor":14,"Bottled Tornado":28,"Empty Cage":19,"White Beast Statue":16,"FrozenCore":8,"Blood Vial":14,"OrangePellets":25,"Dream Catcher":23,"Anchor":25,"CaptainsWheel":26,"HornCleat":6,"Shuriken":3,"Cracked Core":0,"Symbiotic Virus":1,"Toy Ornithopter":18},{"Ice Cream":44,"NeowsBlessing":0,"Blue Candle":124,"Oddly Smooth Stone":57,"Mango":2,"Eternal Feather":3,"Bag of Preparation":1,"Runic Capacitor":57,"Bottled Tornado":159,"Empty Cage":91,"White Beast Statue":68,"FrozenCore":25,"Blood Vial":57,"OrangePellets":130,"Dream Catcher":118,"Anchor":130,"CaptainsWheel":136,"HornCleat":13,"Shuriken":3,"Cracked Core":0,"Symbiotic Virus":1,"Toy Ornithopter":82}],"Toy Ornithopter":15,"FrozenCore":[79]},"card_choices":[{"not_picked":["Chill","Fusion"],"picked":"Ball Lightning","floor":1.0},{"not_picked":["Sunder","Aggregate"],"picked":"Capacitor","floor":6.0},{"not_picked":["Hologram","Force Field"],"picked":"Gash","floor":8.0},{"not_picked":["Ball Lightning","Static Discharge"],"picked":"Steam","floor":11.0},{"not_picked":["Streamline","Hologram"],"picked":"Gash","floor":12.0},{"not_picked":["Skim","Gash"],"picked":"Self Repair","floor":13.0},{"not_picked":["Skim","Ball Lightning","Double Energy"],"picked":"SKIP","floor":14.0},{"not_picked":["Skim","Ball Lightning","Double Energy"],"picked":"SKIP","floor":14.0},{"not_picked":["Hyperbeam","Biased Cognition"],"picked":"Core Surge","floor":16.0},{"not_picked":["Compile Driver","Melter"],"picked":"Hologram+1","floor":18.0},{"not_picked":["Rip and Tear","Doom and Gloom"],"picked":"Hologram","floor":21.0},{"not_picked":["White Noise","Beam Cell+1"],"picked":"Cold Snap","floor":22.0},{"not_picked":["Cold Snap","Amplify"],"picked":"Coolheaded","floor":23.0},{"not_picked":["Go for the Eyes","BootSequence"],"picked":"Barrage","floor":24.0},{"not_picked":["Turbo","Gash"],"picked":"FTL","floor":25.0},{"not_picked":["Hello World","Storm"],"picked":"Steam Power","floor":28.0},{"not_picked":["Hologram","Darkness"],"picked":"Capacitor","floor":29.0},{"not_picked":["Leap","Go for the Eyes"],"picked":"Skim+1","floor":30.0},{"not_picked":["Conserve Battery","Fusion","Redo+1"],"picked":"SKIP","floor":31.0},{"not_picked":["Reboot","Electrodynamics"],"picked":"All For One","floor":33.0},{"not_picked":["Rip and Tear","Aggregate","Streamline+1"],"picked":"SKIP","floor":35.0},{"not_picked":["Tempest","Barrage"],"picked":"Stack","floor":36.0},{"not_picked":["Reinforced Body","Compile Driver"],"picked":"Turbo","floor":39.0},{"not_picked":["Melter","Go for the Eyes"],"picked":"Defragment","floor":40.0},{"not_picked":["Melter","Skim","Heatsinks"],"picked":"SKIP","floor":42.0},{"not_picked":["Steam Power","Turbo+1"],"picked":"Glacier","floor":44.0},{"not_picked":["Heatsinks+1","FTL","Coolheaded"],"picked":"SKIP","floor":47.0},{"not_picked":["Compile Driver","Rip and Tear","Steam Power"],"picked":"SKIP","floor":54}],"player_experience":1138499,"relics_obtained":[{"floor":3.0,"key":"Bag of Preparation"},{"floor":6.0,"key":"Mango"},{"floor":8.0,"key":"Eternal Feather"},{"floor":9.0,"key":"Shuriken"},{"floor":13.0,"key":"HornCleat"},{"floor":23.0,"key":"Ice Cream"},{"floor":25.0,"key":"Blood Vial"},{"floor":26.0,"key":"Oddly Smooth Stone"},{"floor":29.0,"key":"White Beast Statue"},{"floor":31.0,"key":"Toy Ornithopter"},{"floor":40.0,"key":"Dream Catcher"},{"floor":42.0,"key":"Blue Candle"},{"floor":47.0,"key":"CaptainsWheel"},{"floor":54,"key":"Bottled Tornado"}],"event_choices":[{"damage_healed":0.0,"max_hp_gain":0.0,"max_hp_loss":0.0,"gold_gain":0.0,"event_name":"Scrap Ooze","player_choice":"Success","floor":4.0,"gold_loss":0.0,"damage_taken":26.0,"relics_obtained":["Symbiotic Virus"]},{"damage_healed":0.0,"max_hp_gain":0.0,"max_hp_loss":0.0,"gold_gain":75.0,"event_name":"World of Goop","player_choice":"Gather Gold","floor":10.0,"gold_loss":0.0,"damage_taken":11.0},{"damage_healed":0.0,"max_hp_gain":0.0,"max_hp_loss":0.0,"gold_gain":0.0,"event_name":"Back to Basics","player_choice":"Simplicity","floor":19.0,"gold_loss":0.0,"damage_taken":0.0,"cards_upgraded":["Strike_B","Strike_B","Strike_B","Defend_B","Defend_B","Defend_B","Defend_B"]},{"cards_removed":["Strike_B"],"damage_healed":0.0,"max_hp_gain":0.0,"max_hp_loss":0.0,"gold_gain":0.0,"event_name":"Designer","player_choice":"Upgrade and Remove","floor":20.0,"gold_loss":110.0,"damage_taken":0.0,"cards_upgraded":["Core Surge"]},{"cards_removed":["Self Repair"],"damage_healed":0.0,"max_hp_gain":0.0,"max_hp_loss":0.0,"gold_gain":0.0,"event_name":"Falling","player_choice":"Removed Power","floor":37.0,"gold_loss":0.0,"damage_taken":0.0},{"damage_healed":0.0,"max_hp_gain":0.0,"max_hp_loss":0.0,"gold_gain":0.0,"event_name":"SecretPortal","player_choice":"Ignored","floor":38.0,"gold_loss":0.0,"damage_taken":0.0},{"damage_healed":0.0,"max_hp_gain":0.0,"max_hp_loss":0.0,"gold_gain":0.0,"event_name":"Upgrade Shrine","player_choice":"Upgraded","floor":46.0,"gold_loss":0.0,"damage_taken":0.0,"cards_upgraded":["Hologram"]}],"is_beta":false,"boss_relics":[{"not_picked":["Ectoplasm","Runic Pyramid"],"picked":"FrozenCore"},{"not_picked":["Busted Crown","Runic Dome"],"picked":"Empty Cage"}],"items_purged_floors":[2],"is_endless":false,"potions_floor_spawned":[1,12,14,22,23,29,30,31,33,35,36,39,40,42,44,47,54],"ascension_level":18}}