{"host":"lv7etzzgwahaenh9","time":1613711808,"event":{"mods":["AchievementEnabler","BaseMod","Colored Map","Colored Powertips","Highlight Path","Minty Spire (QoL Compilation)","Permanent Neow","Quick Restart","Random Character Button","StSLib"],"gold_per_floor":[109,120,120,134,147,147,163,163,163,175,208,208,234,248,248,346,346,360,375,391,490,501,501,528,37,37,37,37],"floor_reached":27,"language":"ENG","playtime":1135,"items_purged":["Melter"],"score":395,"play_id":"a8f9bd7c-b21f-43fc-8ed2-6916572004b5","local_time":"20210218211648","is_ascension_mode":true,"campfire_choices":[{"data":"Zap","floor":6,"key":"SMITH"},{"data":"Echo Form","floor":8,"key":"SMITH"},{"floor":12,"key":"REST"},{"data":"Zap","floor":15,"key":"SMITH"},{"floor":23,"key":"REST"}],"circlet_count":0,"master_deck":["AscendersBane","Zap+1","Dualcast","Streamline","Zap+1","Conserve Battery","Chill","Echo Form+1","Ball Lightning","Static Discharge","Cold Snap","Cold Snap","Creative AI","Steam Power","Chill","Go for the Eyes","Capacitor","Thunder Strike","Aggregate","Doom and Gloom","BootSequence","Force Field+1","Storm","Hologram"],"relics":["Cracked Core","Turnip","Bag of Marbles","Regal Pillow","Symbiotic Virus","Pandora\u0027s Box","Sundial","Ice Cream","HornCleat"],"acts_visited":["Exordium","TheCity"],"potions_floor_usage":[13,18,20,22],"damage_taken":[{"damage":5,"enemies":"Small Slimes","floor":1,"turns":4},{"damage":1,"enemies":"Cultist","floor":2,"turns":3},{"damage":0,"enemies":"Jaw Worm","floor":4,"turns":3},{"damage":9,"enemies":"Blue Slaver","floor":5,"turns":4},{"damage":1,"enemies":"3 Louse","floor":7,"turns":4},{"damage":1,"enemies":"2 Fungi Beasts","floor":10,"turns":4},{"damage":16,"enemies":"Gremlin Nob","floor":11,"turns":3},{"damage":18,"enemies":"3 Sentries","floor":13,"turns":5},{"damage":7,"enemies":"Exordium Thugs","floor":14,"turns":5},{"damage":14,"enemies":"The Guardian","floor":16,"turns":9},{"damage":12,"enemies":"2 Thieves","floor":18,"turns":4},{"damage":0,"enemies":"Spheric Guardian","floor":19,"turns":3},{"damage":20,"enemies":"Snake Plant","floor":20,"turns":5},{"damage":12,"enemies":"Snecko","floor":22,"turns":4},{"damage":45,"enemies":"Slavers","floor":24,"turns":5},{"damage":20,"enemies":"Book of Stabbing","floor":27,"turns":3}],"seed_played":"-6516501425356159604","potions_obtained":[{"floor":1,"key":"ColorlessPotion"},{"floor":2,"key":"SkillPotion"},{"floor":10,"key":"EssenceOfDarkness"},{"floor":11,"key":"Energy Potion"},{"floor":14,"key":"Regen Potion"},{"floor":19,"key":"Weak Potion"},{"floor":24,"key":"Explosive Potion"}],"is_trial":false,"path_per_floor":["M","M","?","M","M","R","M","R","T","M","E","R","E","M","R","B",null,"M","M","M","?","M","R","E","$","T","E"],"character_chosen":"DEFECT","items_purchased":["Ice Cream","Storm","Hologram"],"campfire_rested":2,"item_purchase_floors":[25,25,25],"current_hp_per_floor":[63,62,62,62,53,53,52,52,52,51,35,68,50,43,43,29,58,46,46,26,26,26,61,16,16,16,0,0],"gold":37,"neow_bonus":"ONE_RARE_RELIC","is_daily":false,"chose_seed":false,"campfire_upgraded":3,"win_rate":0.0,"timestamp":1613711808,"path_taken":["M","M","?","M","M","R","M","R","T","M","E","R","E","M","R","BOSS","M","M","M","?","M","R","E","$","T","E"],"items_purchased_type":["Relic","Card","Card"],"build_version":"2020-12-22","purchased_purges":1,"victory":false,"max_hp_per_floor":[68,68,68,68,68,68,68,68,68,68,68,68,68,68,68,68,68,68,68,68,68,68,68,68,68,68,68,68],"card_choices":[{"not_picked":["Fusion","Compile Driver"],"picked":"Streamline","floor":1},{"not_picked":["Doom and Gloom","Streamline","Go for the Eyes"],"picked":"SKIP","floor":2},{"not_picked":["Coolheaded","Sweeping Beam"],"picked":"Conserve Battery","floor":4},{"not_picked":["Turbo","Darkness"],"picked":"Chill","floor":5},{"not_picked":["Ball Lightning","Gash"],"picked":"Echo Form","floor":7},{"not_picked":["Compile Driver","Double Energy"],"picked":"Ball Lightning","floor":10},{"not_picked":["Coolheaded","Redo"],"picked":"Static Discharge","floor":11},{"not_picked":["Thunder Strike","Aggregate"],"picked":"Cold Snap","floor":13},{"not_picked":["Beam Cell","Coolheaded"],"picked":"Cold Snap","floor":14},{"not_picked":["Rainbow","Core Surge"],"picked":"Creative AI","floor":16},{"not_picked":["Tempest","Consume","White Noise"],"picked":"SKIP","floor":18},{"not_picked":["Chill","Redo","Go for the Eyes"],"picked":"SKIP","floor":19},{"not_picked":["Rip and Tear","Redo"],"picked":"BootSequence","floor":20},{"not_picked":["Go for the Eyes","Ball Lightning"],"picked":"Force Field+1","floor":22},{"not_picked":["Thunder Strike","Beam Cell","Redo"],"picked":"SKIP","floor":24}],"player_experience":437307,"relics_obtained":[{"floor":9,"key":"Bag of Marbles"},{"floor":11,"key":"Regal Pillow"},{"floor":13,"key":"Symbiotic Virus"},{"floor":24,"key":"Sundial"},{"floor":26,"key":"HornCleat"}],"event_choices":[{"damage_healed":0,"gold_gain":0,"player_choice":"1 cards matched","damage_taken":0,"max_hp_gain":0,"max_hp_loss":0,"event_name":"Match and Keep!","floor":3,"gold_loss":0,"cards_obtained":["Zap"]},{"damage_healed":0,"gold_gain":99,"player_choice":"Stole From Cult","damage_taken":0,"max_hp_gain":0,"max_hp_loss":0,"event_name":"Nest","floor":21,"gold_loss":0}],"is_beta":false,"boss_relics":[{"not_picked":["Black Star","Coffee Dripper"],"picked":"Pandora\u0027s Box"}],"items_purged_floors":[25],"is_endless":false,"potions_floor_spawned":[1,2,10,11,14,19,24],"killed_by":"Book of Stabbing","ascension_level":12}}