{"host":"8srk5r1dwtmjotwd","time":1613755845,"event":{"mods":["AchievementEnabler","Act Like it!","Aspiration","BaseMod","Beaked The Cultist","Bestiary","Better Note","Better Third Choice","Colored Map","Colored Powertips","Conspire","Custom Start","Friendly Minions","GifTheSpireLib","Halation","Hallownest","Hermit","Highlight Path","Hubris","Infinite Spire","Mimic Mod","Minty Spire (QoL Compilation)","Morshu Shopkeeper - ENHANCED","Quick Restart","Rare Cards Sparkle","Reliquary","Replay The Spire","Shop Mod","StSLib","SuperFastMode","Synergy Search","The Bug Knight","The Construct","The Cursed","The Disciple","The Marked","Thieving Mod","Wide Potions","Yohane!","everything is the same but u backflip on backflip","slay the spire mod where everything is the same but ironclad has a cowboy hat"],"gold_per_floor":[116,191,206,232,242,242,90,90,165,165,65,93,103,145,145,238,238,278,186,202,219,219,219,43,43,43],"floor_reached":25,"language":"ENG","playtime":2500,"items_purged":[],"score":218,"play_id":"4ba3c062-e09f-49d4-bd66-8472e9814811","local_time":"20210219123045","is_ascension_mode":false,"campfire_choices":[{"data":"hermit:Snapshot","floor":6.0,"key":"SMITH"},{"floor":8.0,"key":"REST"},{"data":"hermit:Snipe","floor":10.0,"key":"SMITH"},{"floor":15.0,"key":"REST"},{"floor":23.0,"key":"REST"}],"circlet_count":0,"master_deck":["hermit:Strike_Hermit","hermit:Strike_Hermit","hermit:Strike_Hermit","hermit:Strike_Hermit","hermit:Defend_Hermit","hermit:Defend_Hermit","hermit:Defend_Hermit","hermit:Defend_Hermit","hermit:Snapshot+1","hermit:Covet","hermit:Headshot","hermit:Ricochet","Pot Of Greed","Pot Of Greed","hermit:Misfire","hermit:Snipe+1","hermit:ShadowCloak","hermit:Feint","hermit:HeroicBravado","hermit:NoHoldsBarred","conspire:SpireCoStock","conspire:SpireCoStock","hermit:Shortfuse","hermit:Virtue","hermit:Roughhouse","hermit:Reprieve","Pot Of Greed","Decay","SecondHand","hermit:Purgatory","Impatience","hubris:Fate","hermit:GoldenBullet","hermit:Quickdraw+1","conspire:Banana","hermit:BigShot"],"relics":["hermit:Momento","Grinning Jar","Orrery","HollowMod:LifeEnderRelic","Replay:Grab Bag","conspire:RoyalGoblet","beaked:SacredNecklace","ReplayTheSpireMod:SealedPack","Darkstone Periapt"],"acts_visited":["Exordium","TheCity"],"potions_floor_usage":[25,25],"damage_taken":[{"damage":0.0,"enemies":"Small Slimes","floor":1.0,"turns":3.0},{"damage":6.0,"enemies":"Jaw Worm","floor":3.0,"turns":3.0},{"damage":4.0,"enemies":"Cultist","floor":5.0,"turns":4.0},{"damage":5.0,"enemies":"Looter","floor":12.0,"turns":3.0},{"damage":2.0,"enemies":"Blue Slaver","floor":13.0,"turns":2.0},{"damage":17.0,"enemies":"Gremlin Gang","floor":14.0,"turns":4.0},{"damage":45.0,"enemies":"The Guardian","floor":16.0,"turns":9.0},{"damage":0.0,"enemies":"Spheric Guardian","floor":18.0,"turns":2.0},{"damage":25.0,"enemies":"2 Thieves","floor":20.0,"turns":3.0},{"damage":10.0,"enemies":"Sentry and Sphere","floor":21.0,"turns":3.0},{"damage":90,"enemies":"Snecko","floor":25,"turns":2}],"seed_played":"4694918126304470631","potions_obtained":[{"floor":0.0,"key":"Energy Potion"},{"floor":0.0,"key":"Reflective Coating"},{"floor":5.0,"key":"Energy Potion"},{"floor":16.0,"key":"Fire Potion"},{"floor":20.0,"key":"FearPotion"},{"floor":22.0,"key":"LiquidMemories"},{"floor":22.0,"key":"DuplicationPotion"}],"is_trial":false,"path_per_floor":["M","?","M","T","M","R","$","R","T","R","?","M","M","M","R","B",null,"M","?","M","M","?","R","$","M"],"character_chosen":"HERMIT","items_purchased":["Orrery","conspire:Banana","hermit:BigShot"],"campfire_rested":3,"item_purchase_floors":[7,24,24],"current_hp_per_floor":[75,64,58,58,54,54,54,75,75,75,75,70,68,51,73,28,75,75,75,50,40,40,62,62,0,0],"gold":43,"neow_bonus":"THREE_SMALL_POTIONS","is_daily":false,"chose_seed":false,"campfire_upgraded":2,"win_rate":0.0,"timestamp":1613755845,"path_taken":["M","?","M","?","?","R","$","R","T","R","?","M","M","M","R","BOSS","M","?","M","?","?","R","$","?"],"items_purchased_type":["Relic","Card","Card"],"build_version":"2020-12-22","purchased_purges":0,"victory":false,"max_hp_per_floor":[75,75,75,75,75,75,75,75,75,75,75,75,75,75,75,75,75,75,75,75,75,75,75,75,76,76],"card_choices":[{"not_picked":["hermit:BodyArmor","hermit:Cheat"],"picked":"hermit:Headshot","floor":1.0},{"not_picked":["hermit:Feint","hermit:GhostlyPresence"],"picked":"hermit:Ricochet","floor":3.0},{"not_picked":["hermit:Enervate","hermit:FlashPowder"],"picked":"hermit:Misfire","floor":5.0},{"not_picked":["hermit:WideOpen","hermit:LoneWolf"],"picked":"hermit:Snipe","floor":7.0},{"not_picked":["hermit:Vantage","hermit:CalledShot"],"picked":"hermit:ShadowCloak","floor":7.0},{"not_picked":["hermit:LowProfile","hermit:Headshot"],"picked":"hermit:Feint","floor":7.0},{"not_picked":["hermit:LuckOfTheDraw","hermit:BodyArmor"],"picked":"hermit:HeroicBravado","floor":7.0},{"not_picked":["hermit:Snipe","hermit:Malice"],"picked":"hermit:NoHoldsBarred","floor":7.0},{"not_picked":["hermit:HoleUp","hermit:SprayPray"],"picked":"hermit:Shortfuse","floor":12.0},{"not_picked":["hermit:HighCaliber","hermit:HoleUp"],"picked":"hermit:Virtue","floor":13.0},{"not_picked":["hermit:LoneWolf","hermit:BodyArmor"],"picked":"hermit:Roughhouse","floor":14.0},{"not_picked":["hermit:BlackWind","hermit:Purgatory"],"picked":"hermit:Reprieve","floor":16.0},{"not_picked":["Yohane:Descent","Vigilance"],"picked":"SecondHand","floor":17.0},{"not_picked":["hermit:OverwhelmingPower","hermit:FatalDesire"],"picked":"hermit:Purgatory","floor":17.0},{"not_picked":["Flash of Steel","ReplayTheSpireMod:Uncanny Aura"],"picked":"Impatience","floor":17.0},{"not_picked":["ReplayTheSpireMod:Echoes of Time","infinitespire:Execution"],"picked":"hubris:Fate","floor":17.0},{"not_picked":["hermit:HoleUp","hermit:Virtue"],"picked":"hermit:GoldenBullet","floor":18.0},{"not_picked":["hermit:Virtue","hermit:Vantage"],"picked":"hermit:Quickdraw+1","floor":20.0},{"not_picked":["hermit:Misfire+1","hermit:Dive","hermit:GhostlyPresence"],"picked":"SKIP","floor":21.0}],"player_experience":136576,"relics_obtained":[{"floor":4.0,"key":"Grinning Jar"},{"floor":9.0,"key":"HollowMod:LifeEnderRelic"}],"event_choices":[{"damage_healed":0.0,"max_hp_gain":0.0,"max_hp_loss":0.0,"gold_gain":75.0,"event_name":"betterThird:BetterGoop","player_choice":"Gold","floor":2.0,"gold_loss":0.0,"damage_taken":11.0},{"damage_healed":0.0,"max_hp_gain":0.0,"max_hp_loss":0.0,"gold_gain":0.0,"event_name":"conspire:Investor","player_choice":"Invest 2","floor":11.0,"gold_loss":0.0,"damage_taken":0.0},{"damage_healed":0.0,"max_hp_gain":0.0,"max_hp_loss":0.0,"gold_gain":0.0,"event_name":"WeMeetAgain","player_choice":"Paid Gold","floor":19.0,"gold_loss":92.0,"damage_taken":0.0,"relics_obtained":["Darkstone Periapt"]},{"damage_healed":0.0,"max_hp_gain":0.0,"max_hp_loss":0.0,"gold_gain":0.0,"event_name":"Lab","player_choice":"Got Potions","floor":22.0,"gold_loss":0.0,"damage_taken":0.0}],"is_beta":false,"boss_relics":[{"not_picked":["Empty Cage","Ectoplasm"],"picked":"Replay:Grab Bag"},{"not_picked":["halation:IncompleteEncyclopedia","Runic Dome"],"picked":"conspire:RoyalGoblet"},{"not_picked":["Coffee Dripper","ChewingGum"],"picked":"beaked:SacredNecklace"},{"not_picked":["halation:HeavySnake","halation:LoveArrow"],"picked":"ReplayTheSpireMod:SealedPack"}],"items_purged_floors":[],"is_endless":false,"potions_floor_spawned":[5,12,13,16,20,21],"killed_by":"Snecko","ascension_level":0}}