{"host":"1ftto2vaskemldx8","time":1613763792,"event":{"mods":["BaseMod","Minty Spire (QoL Compilation)","Replay The Spire","StSLib","Together in Spire","[功能]功能增强和修复MOD"],"gold_per_floor":[118,3,13,3,22,55,55,55,55,87,362,396,249,274,274,304,304,346,158,158,10,49,407,407,468,468,468,511,547,547,602,602,740,740,773,681,714,742,639,697,697,770,822,856,894,743,797,838,838,898,898,898,736,802,824],"floor_reached":56,"language":"ZHS","playtime":3898,"items_purged":["Strike_P","Defend_P","Regret","BowlingBash","ForeignInfluence","Strike_P+1","Defend_P","Strike_P+1","CarveReality","ThirdEye+1","Master of Strategy+1","Adaptation+1","Flash of Steel+1"],"score":1589,"play_id":"0e832574-892b-4986-b663-d61f7518780d","local_time":"20210220034312","is_ascension_mode":true,"campfire_choices":[{"floor":8,"key":"RECALL"},{"data":"TalkToTheHand","floor":24,"key":"SMITH"},{"floor":30,"key":"REST"},{"floor":32,"key":"REST"},{"floor":49,"key":"REST"},{"floor":52,"key":"REST"}],"circlet_count":0,"master_deck":["Eruption+1","Vigilance+1","LessonLearned+1","Adaptation+1","Scrawl+1","Flash of Steel+1","TalkToTheHand+1","Tantrum+1","FlurryOfBlows+1","ForeignInfluence+1","Steam+1","Brilliance+1","BowlingBash+1","Prostrate+1","DevaForm+1","FlurryOfBlows+1","FearNoEvil+1","ConjureBlade+1","Scrawl+1","ClearTheMind+1","MentalFortress+1","DeusExMachina+1","Replay:Battleflow+1","Pray+1","Fasting2+1","Wallop+1","Apotheosis+1","ReplayTheSpireMod:Private Reserves+1"],"relics":["PureWater","Ornamental Fan","ReplayTheSpireMod:ShopPack","Frozen Egg 2","Replay:Bandana","Bottled Lightning","Guide Book","Garlic","Runic Pyramid","HornCleat","Meat on the Bone","OrangePellets","HandDrill","Kunai","Golden Egg","Old Coin","Dream Catcher","Mirror","MutagenicStrength","Lantern","Fusion Hammer","Vajra","Replay:WaspNest","Medical Kit","Replay:Kaleidoscope","Centennial Puzzle","Gremlin Horn","Oddly Smooth Stone","Lizard Tail","Pear","TheAbacus","Nunchaku","Blue Candle","Strange Spoon","Replay:Mystery Machine","White Beast Statue"],"acts_visited":["Exordium","TheCity","TheBeyond","TheEnding"],"potions_floor_usage":[16,16,16,25,25,31,33,40,42,48],"damage_taken":[{"damage":1,"enemies":"Jaw Worm","floor":1,"turns":6},{"damage":0,"enemies":"Cultist","floor":3,"turns":2},{"damage":0,"enemies":"2 Louse","floor":5,"turns":2},{"damage":9,"enemies":"Lagavulin","floor":6,"turns":5},{"damage":4,"enemies":"3 Sentries","floor":10,"turns":4},{"damage":14,"enemies":"Large Slime","floor":12,"turns":2},{"damage":0,"enemies":"Blue Slaver","floor":14,"turns":1},{"damage":25,"enemies":"The Guardian","floor":16,"turns":5},{"damage":0,"enemies":"Spheric Guardian","floor":18,"turns":3},{"damage":0,"enemies":"Chosen","floor":22,"turns":3},{"damage":0,"enemies":"Book of Stabbing","floor":23,"turns":3},{"damage":5,"enemies":"Gremlin Leader","floor":25,"turns":3},{"damage":0,"enemies":"Sentry and Sphere","floor":28,"turns":3},{"damage":0,"enemies":"Snecko","floor":29,"turns":1},{"damage":0,"enemies":"Replay:Snechameleon","floor":31,"turns":3},{"damage":0,"enemies":"Collector","floor":33,"turns":2},{"damage":0,"enemies":"Orb Walker","floor":35,"turns":1},{"damage":4,"enemies":"3 Shapes","floor":37,"turns":2},{"damage":0,"enemies":"Spire Growth","floor":38,"turns":2},{"damage":0,"enemies":"Nemesis","floor":40,"turns":3},{"damage":0,"enemies":"R_Hoarder","floor":42,"turns":3},{"damage":0,"enemies":"Jaw Worm Horde","floor":44,"turns":1},{"damage":0,"enemies":"Transient","floor":45,"turns":5},{"damage":0,"enemies":"Nemesis","floor":47,"turns":1},{"damage":6,"enemies":"4 Shapes","floor":48,"turns":2},{"damage":5,"enemies":"Donu and Deca","floor":50,"turns":3},{"damage":0,"enemies":"Shield and Spear","floor":54,"turns":3},{"damage":5,"enemies":"The Heart","floor":55,"turns":5}],"seed_played":"-5323836522754520513","potions_obtained":[{"floor":1,"key":"SteroidPotion"},{"floor":3,"key":"Venom Potion"},{"floor":5,"key":"Ancient Potion"},{"floor":6,"key":"Swift Potion"},{"floor":10,"key":"BottledMiracle"},{"floor":12,"key":"ColorlessPotion"},{"floor":18,"key":"Block Potion"},{"floor":18,"key":"Explosive Potion"},{"floor":23,"key":"Regen Potion"},{"floor":25,"key":"PowerPotion"},{"floor":25,"key":"Block Potion"},{"floor":28,"key":"DistilledChaos"},{"floor":31,"key":"Venom Potion"},{"floor":33,"key":"GamblersBrew"},{"floor":37,"key":"Ancient Potion"},{"floor":40,"key":"Adrenaline Potion"},{"floor":42,"key":"Explosive Potion"},{"floor":42,"key":"LiquidMemories"},{"floor":45,"key":"Fruit Juice"},{"floor":48,"key":"FairyPotion"},{"floor":54,"key":"EntropicBrew"}],"is_trial":false,"path_per_floor":["M","$","M","$","M","E","?","R","T","E","?","M","$","M","R","B",null,"M","$","?","$","M","E","R","E","T","?","M","M","R","E","R","B",null,"M","$","M","M","$","E","?","E","T","M","M","$","E","M","R","B",null,"R","$","E","B",null],"character_chosen":"WATCHER","items_purchased":["Adaptation","Scrawl","Ornamental Fan","ReplayTheSpireMod:ShopPack","BowlingBash","Bottled Lightning","Guide Book","Garlic","Prostrate","DevaForm+1","FlurryOfBlows+1","HornCleat","Meat on the Bone","OrangePellets","HandDrill","Kunai","Golden Egg","Vajra","Replay:WaspNest","MentalFortress+1","Medical Kit","Replay:Kaleidoscope","Lizard Tail","Pear","TheAbacus","Blue Candle","Strange Spoon","Replay:Mystery Machine","Apotheosis","ReplayTheSpireMod:Private Reserves"],"campfire_rested":4,"item_purchase_floors":[2,2,2,2,13,13,13,13,19,19,19,19,19,19,21,21,21,36,36,36,39,39,46,46,46,53,53,53,53,53],"current_hp_per_floor":[71,71,71,71,71,62,62,62,62,58,58,44,44,44,44,19,72,72,72,72,72,72,72,72,72,72,72,72,72,72,72,72,72,72,72,72,68,68,68,68,72,72,72,72,72,82,82,81,87,82,87,87,87,87,82],"gold":824,"neow_bonus":"ONE_RANDOM_RARE_CARD","is_daily":false,"chose_seed":false,"campfire_upgraded":1,"win_rate":0.0,"timestamp":1613763792,"path_taken":["M","$","M","$","M","E","?","R","T","E","?","M","$","M","R","BOSS","M","$","?","$","M","E","R","E","T","?","M","M","R","E","R","BOSS","M","$","M","M","$","E","?","E","T","M","M","$","E","M","R","BOSS","R","$","E","BOSS"],"items_purchased_type":["Card","Card","Relic","Relic","Card","Relic","Relic","Relic","Card","Card","Card","Relic","Relic","Relic","Relic","Relic","Relic","Relic","Relic","Card","Relic","Relic","Relic","Relic","Relic","Relic","Relic","Relic","Card","Card"],"build_version":"2020-12-22","purchased_purges":13,"victory":true,"max_hp_per_floor":[72,72,72,72,72,72,72,72,72,72,72,72,72,72,72,72,72,72,72,72,72,72,72,72,72,72,72,72,72,72,72,72,72,72,72,72,72,72,72,72,72,72,72,72,72,82,82,87,87,87,87,87,87,87,87],"card_choices":[{"not_picked":["Replay:Anticipation","Halt"],"picked":"ForeignInfluence","floor":1},{"not_picked":["HandOfGreed","ReplayUltimateDefense"],"picked":"Master of Strategy","floor":2},{"not_picked":["Replay:Sssssssssshield","ReplayTheSpireMod:Trickstab"],"picked":"Flash of Steel","floor":2},{"not_picked":["Blind","Replay:Sssssssssstrike"],"picked":"Flash of Steel","floor":2},{"not_picked":["PathToVictory","Evaluate"],"picked":"TalkToTheHand","floor":3},{"not_picked":["Halt","Replay:ManipulateFuture"],"picked":"Tantrum","floor":5},{"not_picked":["Replay:Vibes","Worship"],"picked":"FlurryOfBlows","floor":6},{"not_picked":["Replay:ManipulateFuture","Evaluate"],"picked":"CutThroughFate","floor":10},{"not_picked":["TalkToTheHand","ClearTheMind"],"picked":"Brilliance","floor":12},{"not_picked":["Swivel","Replay:Cycle","Perseverance"],"picked":"SKIP","floor":14},{"not_picked":["ClearTheMind","Replay:Cycle+1"],"picked":"BowlingBash+1","floor":18},{"not_picked":["Replay:Cycle","FollowUp+1"],"picked":"FearNoEvil+1","floor":22},{"not_picked":["CrushJoints","FollowUp"],"picked":"ConjureBlade","floor":23},{"not_picked":["Consecrate","Alpha"],"picked":"ThirdEye+1","floor":25},{"not_picked":["PathToVictory","Consecrate","Replay:Hum"],"picked":"SKIP","floor":28},{"not_picked":["Halt","ClearTheMind+1"],"picked":"Adaptation+1","floor":29},{"not_picked":["Blasphemy","ForeignInfluence","Protect+1"],"picked":"SKIP","floor":31},{"not_picked":["ThirdEye","FlyingSleeves"],"picked":"Worship","floor":32},{"not_picked":["Replay:LoomingThreat+1","Judgement"],"picked":"Scrawl","floor":33},{"not_picked":["PathToVictory","EmptyBody+1"],"picked":"ClearTheMind+1","floor":35},{"not_picked":["Conclude+1","PathToVictory","EmptyFist"],"picked":"SKIP","floor":37},{"not_picked":["Replay:Hum","SashWhip+1","Replay:BluntJabs"],"picked":"SKIP","floor":38},{"not_picked":["ReachHeaven+1","Wallop"],"picked":"DeusExMachina","floor":40},{"not_picked":["Tantrum+1","EmptyBody+1"],"picked":"Replay:Battleflow+1","floor":42},{"not_picked":["Tantrum+1","Consecrate+1","Replay:ManipulateFuture+1"],"picked":"SKIP","floor":44},{"not_picked":["FollowUp","SignatureMove+1"],"picked":"Pray","floor":45},{"not_picked":["Halt","Replay:BluntJabs+1","InnerPeace+1"],"picked":"SKIP","floor":47},{"not_picked":["FollowUp","MentalFortress+1","SandsOfTime"],"picked":"SKIP","floor":48},{"not_picked":["Evaluate","FollowUp+1"],"picked":"Fasting2+1","floor":49},{"not_picked":["Protect","EmptyBody+1"],"picked":"Wallop+1","floor":52},{"not_picked":["Replay:AtTheReady","LikeWater+1","ThirdEye+1"],"picked":"SKIP","floor":54}],"player_experience":161130,"relics_obtained":[{"floor":6,"key":"Frozen Egg 2"},{"floor":10,"key":"Replay:Bandana"},{"floor":23,"key":"Old Coin"},{"floor":25,"key":"Dream Catcher"},{"floor":26,"key":"Mirror"},{"floor":31,"key":"Lantern"},{"floor":40,"key":"Centennial Puzzle"},{"floor":42,"key":"Gremlin Horn"},{"floor":43,"key":"Oddly Smooth Stone"},{"floor":47,"key":"Nunchaku"},{"floor":54,"key":"White Beast Statue"}],"event_choices":[{"damage_healed":0,"gold_gain":275,"player_choice":"Desecrate","damage_taken":0,"max_hp_gain":0,"max_hp_loss":0,"event_name":"Golden Shrine","floor":11,"gold_loss":0,"cards_obtained":["Regret"]},{"damage_healed":0,"gold_gain":0,"cards_transformed":["CutThroughFate"],"player_choice":"Transformed","damage_taken":0,"max_hp_gain":0,"max_hp_loss":0,"event_name":"Transmorgrifier","floor":15,"gold_loss":0,"cards_obtained":["CarveReality"]},{"cards_removed":["Defend_P"],"damage_healed":0,"gold_gain":0,"player_choice":"Elegance","damage_taken":0,"max_hp_gain":0,"max_hp_loss":0,"event_name":"Back to Basics","floor":20,"gold_loss":0},{"damage_healed":0,"gold_gain":0,"player_choice":"Inject Mutagens","damage_taken":0,"relics_obtained":["MutagenicStrength"],"max_hp_gain":0,"max_hp_loss":0,"event_name":"Drug Dealer","floor":27,"gold_loss":0},{"cards_removed":["Worship"],"damage_healed":4,"gold_gain":0,"player_choice":"Offered Uncommon","damage_taken":0,"max_hp_gain":0,"max_hp_loss":0,"event_name":"Bonfire Elementals","floor":41,"gold_loss":0}],"is_beta":false,"boss_relics":[{"not_picked":["Honey Jar","Painkiller Herb"],"picked":"Runic Pyramid"},{"not_picked":["Coffee Dripper","Replay:Ancient Bell"],"picked":"Fusion Hammer"}],"items_purged_floors":[4,4,13,19,19,21,21,21,39,39,39,46,46],"is_endless":false,"potions_floor_spawned":[1,3,5,6,10,10,12,14,14,16,18,18,23,25,25,28,29,31,33,35,37,38,40,42,42,45,45,47,48,54,54],"ascension_level":1}}