{"host":"w4b7hmige5bnqipq","time":1613731453,"event":{"mods":["2.2 Compatiblity","BaseMod","Colored Map","DeckTracker","Keyboard Shortcuts","Minty Spire (QoL Compilation)","Permanent Neow","Rare Cards Sparkle","SuperFastMode","everything is the same but u backflip on backflip","slay the spire mod where everything is the same but ironclad has a cowboy hat"],"gold_per_floor":[361,381,392,65,65,65,95,95,95,60,60,76,76,76],"floor_reached":13,"language":"KOR","playtime":276,"items_purged":["Writhe"],"score":158,"play_id":"d76e3c9b-fd40-4f1e-92ed-e8471bfc7bf1","local_time":"20210219184413","is_ascension_mode":true,"campfire_choices":[{"data":"Consume","floor":6.0,"key":"SMITH"},{"data":"White Noise","floor":8,"key":"SMITH"},{"data":"Zap","floor":11,"key":"SMITH"}],"circlet_count":0,"master_deck":["AscendersBane","Strike_B","Strike_B","Strike_B","Strike_B","Defend_B+1","Defend_B","Defend_B","Defend_B+1","Zap+1","Dualcast","Consume+1","Recycle+1","Beam Cell","Self Repair","White Noise+1","Skim"],"relics":["Cracked Core","War Paint","Pantograph","Ancient Tea Set"],"acts_visited":["Exordium"],"potions_floor_usage":[7,7,13],"damage_taken":[{"damage":8.0,"enemies":"Small Slimes","floor":1.0,"turns":3.0},{"damage":7.0,"enemies":"Jaw Worm","floor":2.0,"turns":3.0},{"damage":3.0,"enemies":"2 Louse","floor":3.0,"turns":4.0},{"damage":24,"enemies":"Lagavulin","floor":7,"turns":7},{"damage":9,"enemies":"Looter","floor":12,"turns":3},{"damage":83,"enemies":"Gremlin Nob","floor":13,"turns":4}],"seed_played":"6198117003492636845","potions_obtained":[{"floor":1.0,"key":"AttackPotion"},{"floor":3.0,"key":"Regen Potion"},{"floor":12,"key":"LiquidMemories"}],"is_trial":false,"path_per_floor":["M","M","M","$","?","R","E","R","T","?","R","M","E"],"character_chosen":"DEFECT","items_purchased":["War Paint","Self Repair"],"campfire_rested":0,"item_purchase_floors":[4,4],"current_hp_per_floor":[56,49,46,46,46,46,43,43,43,60,60,58,0,0],"gold":76,"neow_bonus":"TWO_FIFTY_GOLD","is_daily":false,"chose_seed":false,"campfire_upgraded":3,"win_rate":0.0,"timestamp":1613731453,"path_taken":["M","M","M","$","?","R","E","R","T","?","R","M","E"],"items_purchased_type":["Relic","Card"],"build_version":"2020-12-22","purchased_purges":1,"victory":false,"max_hp_per_floor":[71,71,71,71,71,71,71,71,71,71,71,71,71,71],"card_choices":[{"not_picked":["Doom and Gloom","Cold Snap"],"picked":"Consume","floor":1.0},{"not_picked":["Rebound","Conserve Battery"],"picked":"Recycle","floor":2.0},{"not_picked":["Streamline","Blizzard"],"picked":"Beam Cell","floor":3.0},{"not_picked":["Barrage","Gash"],"picked":"White Noise","floor":7},{"not_picked":["Redo","FTL"],"picked":"Skim","floor":12}],"player_experience":782777,"relics_obtained":[{"floor":7,"key":"Pantograph"},{"floor":9,"key":"Ancient Tea Set"}],"event_choices":[{"damage_healed":0.0,"max_hp_gain":0.0,"max_hp_loss":0.0,"gold_gain":0.0,"event_name":"Living Wall","player_choice":"Grow","floor":5.0,"gold_loss":0.0,"damage_taken":0.0,"cards_upgraded":["Recycle"]},{"damage_healed":17,"gold_gain":0,"player_choice":"Healed","damage_taken":0,"max_hp_gain":0,"max_hp_loss":0,"event_name":"The Cleric","floor":10,"gold_loss":35}],"is_beta":false,"boss_relics":[],"items_purged_floors":[4],"is_endless":false,"potions_floor_spawned":[1,3,12],"killed_by":"Gremlin Nob","ascension_level":18}}