{"host":"glqsg3p5q4u9u1ra","time":1613753577,"event":{"mods":["Act Like it!","Arknights","BaseMod","Better Third Choice","BetterRewards","Colored Map","Downfall","Friendly Minions","GifTheSpireLib","Hallownest","Highlight Path","Infinite Spire","Lobotomy","LobotomyExtend","Mimic Mod","Minty Spire (QoL Compilation)","Pale of the Ancients","Reliquary","Replay The Spire","Ruina","Spicy Shops","Spire Birthday Party","StSLib","The Blue Laboratory","The Bug Knight","The Exalted","The Servant 0.9.4","Wandering Minibosses"],"gold_per_floor":[114,128,176,193,193,193,20,20,20,32,32,50,50,75,75,151,151,169,24,37,37,37],"floor_reached":21,"language":"ENG","playtime":637,"items_purged":["Defend_G"],"score":658,"play_id":"3dcfb579-2528-45f1-8e0c-735309bd9c58","local_time":"20210219085257","is_ascension_mode":true,"campfire_choices":[{"data":"Replay:Poison Smokescreen","floor":6.0,"key":"SMITH"},{"data":"Replay:Poison Smokescreen","floor":8.0,"key":"SMITH"},{"data":"Draining Mist","floor":11.0,"key":"SMITH"},{"data":"Burst","floor":13.0,"key":"SMITH"},{"data":"Bouncing Flask","floor":15.0,"key":"SMITH"}],"circlet_count":0,"master_deck":["AscendersBane","Strike_G","Strike_G","Strike_G","Strike_G","Strike_G","Defend_G","Defend_G","Defend_G","Defend_G","Survivor","Neutralize","Replay:Poison Smokescreen+1","Replay:Poison Smokescreen+1","Backstab","Draining Mist+1","Bouncing Flask+1","Burst+1","Crippling Poison+1","Adrenaline","Apotheosis","Deep Breath","Deep Breath","Terror+1"],"relics":["Ring of the Snake","Omamori","LetterFromLob","Meat on the Bone","Membership Card","infinitespire:Bottled Soul","reliquary:JackalopeAntler","reliquary:ThirdArm","ReplayTheSpireMod:ShopPack"],"acts_visited":["Exordium","Exordium"],"potions_floor_usage":[],"damage_taken":[{"damage":7.0,"enemies":"2 Louse","floor":1.0,"turns":3.0},{"damage":1.0,"enemies":"Jaw Worm","floor":2.0,"turns":4.0},{"damage":4.0,"enemies":"Cultist","floor":4.0,"turns":7.0},{"damage":5.0,"enemies":"3 Louse","floor":10.0,"turns":4.0},{"damage":9.0,"enemies":"Exordium Wildlife","floor":12.0,"turns":4.0},{"damage":27.0,"enemies":"3 Sentries","floor":14.0,"turns":8.0},{"damage":0.0,"enemies":"Hexaghost","floor":16.0,"turns":6.0},{"damage":31.0,"enemies":"ruina:Nosferatu","floor":18.0,"turns":6.0},{"damage":30,"enemies":"ruina:BadWolf","floor":20,"turns":6},{"damage":25,"enemies":"ruina:QueenOfHate","floor":21,"turns":5}],"seed_played":"3204056983922590694","potions_obtained":[{"floor":2.0,"key":"Poison Potion"},{"floor":12.0,"key":"SteroidPotion"}],"is_trial":false,"path_per_floor":["M","M","?","M","?","R","$","R","T","M","R","M","R","E","R","B",null,"M","$","M","M"],"character_chosen":"THE_SILENT","items_purchased":["Replay:Poison Smokescreen","Omamori","Membership Card","Adrenaline","ReplayTheSpireMod:ShopPack"],"campfire_rested":0,"item_purchase_floors":[0,0,7,19,19],"current_hp_per_floor":[52,51,25,33,55,55,55,55,55,50,50,41,41,26,26,38,59,40,40,22,0,0],"gold":37,"neow_bonus":"","is_daily":false,"chose_seed":false,"campfire_upgraded":5,"win_rate":0.0,"timestamp":1613753577,"path_taken":["M","M","?","?","?","R","$","R","T","M","R","M","R","E","R","BOSS","M","$","M","M"],"items_purchased_type":["Card","Relic","Relic","Card","Relic"],"build_version":"2020-12-22","purchased_purges":1,"victory":false,"max_hp_per_floor":[66,66,66,66,66,66,66,66,66,66,66,66,66,66,66,66,66,66,66,66,66,66],"card_choices":[{"not_picked":["Escape Plan","Distraction","Prepared"],"picked":"SKIP","floor":1.0},{"not_picked":["Hidden Blade","Deflect"],"picked":"Replay:Poison Smokescreen","floor":2.0},{"not_picked":["Cloak And Dagger","Flying Knee"],"picked":"Backstab","floor":3.0},{"not_picked":["Backflip","Cloak And Dagger"],"picked":"Draining Mist","floor":4.0},{"not_picked":["Deflect","Sucker Punch"],"picked":"Bouncing Flask","floor":10.0},{"not_picked":["Sucker Punch","Blade Dance"],"picked":"Burst","floor":12.0},{"not_picked":["Slice","Reflex","Sneak Up"],"picked":"SKIP","floor":14.0},{"not_picked":["Eviscerate","Flying Knee"],"picked":"Crippling Poison+1","floor":18.0},{"not_picked":["HandOfGreed","ReplayUltimateDefense"],"picked":"Apotheosis","floor":19.0},{"not_picked":["Replay:BasicMightCard","Flash of Steel"],"picked":"Deep Breath","floor":19.0},{"not_picked":["Thinking Ahead","Blind"],"picked":"Deep Breath","floor":19.0},{"not_picked":["Replay:Poison Smokescreen","Outmaneuver"],"picked":"Terror+1","floor":20}],"player_experience":1159911,"relics_obtained":[{"floor":1.0,"key":"LetterFromLob"},{"floor":3.0,"key":"Meat on the Bone"},{"floor":9.0,"key":"infinitespire:Bottled Soul"},{"floor":14.0,"key":"reliquary:JackalopeAntler"}],"event_choices":[{"damage_healed":22.0,"max_hp_gain":0.0,"max_hp_loss":0.0,"gold_gain":0.0,"event_name":"Big Fish","player_choice":"Banana","floor":5.0,"gold_loss":0.0,"damage_taken":0.0}],"is_beta":false,"boss_relics":[{"not_picked":["WristBlade","SlaversCollar"],"picked":"reliquary:ThirdArm"}],"items_purged_floors":[0],"is_endless":false,"potions_floor_spawned":[2,12],"killed_by":"ruina:QueenOfHate","ascension_level":20}}