{"host":"spd19cimorv47raq","time":1613761150,"event":{"mods":["AchievementEnabler","BaseMod","Colored Map","Keyboard Shortcuts","Minty Spire (QoL Compilation)","StSLib","SuperFastMode"],"gold_per_floor":[116,40,40,190,265,2,2,37,37,48,60,94,112,126,126,203,203,214,227,4,4,16,16,49,49,73,73,93,167,202,215,215,298,298,312,334,360,23,23,23,23,23,23,32,51,51,51,78,78,78,78],"floor_reached":50,"language":"KOR","playtime":2403,"items_purged":["Doubt"],"score":1055,"play_id":"47058262-e9d3-4fca-a07b-d390175b1951","local_time":"20210220035910","is_ascension_mode":true,"campfire_choices":[{"data":"Wild Strike","floor":7.0,"key":"SMITH"},{"data":"Armaments","floor":15.0,"key":"SMITH"},{"data":"Dual Wield","floor":23.0,"key":"SMITH"},{"data":"Fiend Fire","floor":27.0,"key":"SMITH"},{"floor":32.0,"key":"REST"},{"floor":40.0,"key":"REST"},{"floor":42.0,"key":"REST"},{"data":"Feel No Pain","floor":47,"key":"SMITH"},{"floor":49,"key":"REST"}],"circlet_count":0,"master_deck":["AscendersBane","Strike_R","Strike_R","Strike_R","Strike_R","Defend_R","Defend_R","Defend_R","Defend_R","Bash","Wild Strike+1","Fire Breathing","Second Wind","Headbutt","Clothesline","Dual Wield+1","Blood for Blood","Armaments+1","Rage","Fiend Fire+1","Dark Embrace","Shrug It Off","Berserk","Carnage","Bludgeon","Feel No Pain+1","Body Slam","The Bomb","Parasite"],"relics":["Burning Blood","NeowsBlessing","Kunai","Ornamental Fan","Lantern","Snecko Eye","ClockworkSouvenir","StrikeDummy","FaceOfCleric","CeramicFish","Self Forming Clay","Red Skull","Mark of Pain","Dead Branch","Centennial Puzzle","Oddly Smooth Stone"],"acts_visited":["Exordium","TheCity","TheBeyond"],"potions_floor_usage":[48],"damage_taken":[{"damage":0.0,"enemies":"Jaw Worm","floor":1.0,"turns":1.0},{"damage":0.0,"enemies":"Lagavulin","floor":8.0,"turns":1.0},{"damage":0.0,"enemies":"2 Louse","floor":10.0,"turns":1.0},{"damage":0.0,"enemies":"Cultist","floor":11.0,"turns":3.0},{"damage":25.0,"enemies":"3 Sentries","floor":12.0,"turns":5.0},{"damage":7.0,"enemies":"Looter","floor":13.0,"turns":3.0},{"damage":26.0,"enemies":"Exordium Thugs","floor":14.0,"turns":4.0},{"damage":51.0,"enemies":"Hexaghost","floor":16.0,"turns":11.0},{"damage":0.0,"enemies":"2 Thieves","floor":18.0,"turns":3.0},{"damage":0.0,"enemies":"Chosen","floor":19.0,"turns":3.0},{"damage":0.0,"enemies":"Centurion and Healer","floor":22.0,"turns":5.0},{"damage":20.0,"enemies":"Slavers","floor":24.0,"turns":5.0},{"damage":3.0,"enemies":"Shelled Parasite and Fungi","floor":28.0,"turns":3.0},{"damage":22.0,"enemies":"Book of Stabbing","floor":30.0,"turns":4.0},{"damage":18.0,"enemies":"Snake Plant","floor":31.0,"turns":3.0},{"damage":67.0,"enemies":"Automaton","floor":33.0,"turns":9.0},{"damage":15.0,"enemies":"3 Shapes","floor":35.0,"turns":6.0},{"damage":32.0,"enemies":"3 Darklings","floor":36.0,"turns":6.0},{"damage":21.0,"enemies":"Spire Growth","floor":37.0,"turns":5.0},{"damage":15,"enemies":"4 Shapes","floor":45,"turns":5},{"damage":9,"enemies":"Writhing Mass","floor":48,"turns":5},{"damage":88,"enemies":"Awakened One","floor":50,"turns":5}],"seed_played":"-2072951300110035606","potions_obtained":[{"floor":10.0,"key":"Strength Potion"},{"floor":11.0,"key":"BloodPotion"},{"floor":18.0,"key":"EssenceOfSteel"},{"floor":22.0,"key":"Swift Potion"},{"floor":30.0,"key":"AttackPotion"},{"floor":37.0,"key":"Swift Potion"}],"is_trial":false,"path_per_floor":["M","$","?","?","?","$","R","E","T","M","M","E","M","M","R","B",null,"M","M","$","?","M","R","E","?","T","R","M","T","E","M","R","B",null,"M","M","M","$","T","R","?","R","T","?","M","?","R","M","R","B"],"character_chosen":"IRONCLAD","items_purchased":["Fire Breathing","Second Wind","Headbutt","Weak Potion","ClockworkSouvenir","Shrug It Off","Dead Branch"],"campfire_rested":4,"item_purchase_floors":[2,6,6,6,20,20,38],"current_hp_per_floor":[74,74,79,79,68,68,68,74,74,80,80,61,60,40,40,11,63,69,75,75,75,80,80,66,66,66,66,70,70,55,44,68,8,65,57,32,18,18,18,44,44,70,70,70,62,62,62,60,86,0,0],"gold":78,"neow_bonus":"THREE_ENEMY_KILL","is_daily":false,"chose_seed":false,"campfire_upgraded":5,"win_rate":0.0,"timestamp":1613761150,"path_taken":["M","$","?","?","?","$","R","E","T","?","M","E","M","M","R","BOSS","M","M","$","?","M","R","E","?","T","R","?","?","E","M","R","BOSS","M","M","?","$","?","R","?","R","T","?","M","?","R","M","R","BOSS"],"items_purchased_type":["Card","Card","Card","Potion","Relic","Card","Relic"],"build_version":"2020-12-22","purchased_purges":1,"victory":false,"max_hp_per_floor":[75,75,80,80,80,80,80,80,80,80,80,80,80,80,80,80,80,80,80,80,80,80,80,80,80,80,80,81,81,82,83,83,84,84,85,86,87,87,87,87,87,87,87,87,88,88,88,89,89,89,89],"card_choices":[{"not_picked":["Headbutt","Havoc"],"picked":"Wild Strike","floor":1.0},{"not_picked":["Hemokinesis","Pommel Strike"],"picked":"Clothesline","floor":8.0},{"not_picked":["Exhume","Sever Soul"],"picked":"Dual Wield","floor":10.0},{"not_picked":["Body Slam","Pommel Strike"],"picked":"Blood for Blood","floor":11.0},{"not_picked":["Body Slam","Heavy Blade","Fire Breathing"],"picked":"SKIP","floor":12.0},{"not_picked":["Warcry","True Grit"],"picked":"Armaments","floor":13.0},{"not_picked":["Perfected Strike","Rampage"],"picked":"Rage","floor":14.0},{"not_picked":["Exhume","Bludgeon"],"picked":"Fiend Fire","floor":16.0},{"not_picked":["Infernal Blade","Anger","Rampage"],"picked":"SKIP","floor":18.0},{"not_picked":["Hemokinesis+1","Clothesline"],"picked":"Dark Embrace","floor":19.0},{"not_picked":["True Grit","Sword Boomerang+1","Rage"],"picked":"SKIP","floor":22.0},{"not_picked":["Thunderclap","Carnage"],"picked":"Berserk","floor":24.0},{"not_picked":["Spot Weakness","Bloodletting","Clash"],"picked":"SKIP","floor":28.0},{"not_picked":["Reckless Charge","Shrug It Off"],"picked":"Carnage","floor":30.0},{"not_picked":["Carnage","Sword Boomerang","Anger+1"],"picked":"SKIP","floor":31.0},{"not_picked":["Impervious","Immolate"],"picked":"Bludgeon","floor":33.0},{"not_picked":["Infernal Blade","Fire Breathing","Bloodletting+1"],"picked":"SKIP","floor":35.0},{"not_picked":["Thunderclap","Warcry"],"picked":"Feel No Pain","floor":36.0},{"not_picked":["Thunderclap","Combust+1"],"picked":"Body Slam","floor":37.0},{"not_picked":["Dramatic Entrance","Mayhem"],"picked":"The Bomb","floor":44},{"not_picked":["Heavy Blade","Thunderclap+1","Rage+1"],"picked":"SKIP","floor":45},{"not_picked":["Flex","Havoc","Metallicize"],"picked":"SKIP","floor":48}],"player_experience":870101,"relics_obtained":[{"floor":8.0,"key":"Kunai"},{"floor":9.0,"key":"Ornamental Fan"},{"floor":12.0,"key":"Lantern"},{"floor":24.0,"key":"StrikeDummy"},{"floor":26.0,"key":"CeramicFish"},{"floor":29.0,"key":"Self Forming Clay"},{"floor":30.0,"key":"Red Skull"},{"floor":39.0,"key":"Centennial Puzzle"},{"floor":43.0,"key":"Oddly Smooth Stone"}],"event_choices":[{"damage_healed":0.0,"max_hp_gain":5.0,"max_hp_loss":0.0,"gold_gain":0.0,"event_name":"Big Fish","player_choice":"Donut","floor":3.0,"gold_loss":0.0,"damage_taken":0.0},{"damage_healed":0.0,"max_hp_gain":0.0,"max_hp_loss":0.0,"gold_gain":150.0,"event_name":"Liars Game","player_choice":"AGREE","floor":4.0,"gold_loss":0.0,"damage_taken":0.0,"cards_obtained":["Doubt"]},{"damage_healed":0.0,"max_hp_gain":0.0,"max_hp_loss":0.0,"gold_gain":75.0,"event_name":"World of Goop","player_choice":"Gather Gold","floor":5.0,"gold_loss":0.0,"damage_taken":11.0},{"damage_healed":0.0,"max_hp_gain":0.0,"max_hp_loss":0.0,"gold_gain":0.0,"event_name":"The Mausoleum","player_choice":"Ignored","floor":21.0,"gold_loss":0.0,"damage_taken":0.0},{"damage_healed":0.0,"max_hp_gain":0.0,"max_hp_loss":0.0,"gold_gain":0.0,"event_name":"FaceTrader","player_choice":"Trade","floor":25.0,"gold_loss":0.0,"damage_taken":0.0,"relics_obtained":["FaceOfCleric"]},{"damage_healed":0.0,"max_hp_gain":0.0,"max_hp_loss":0.0,"gold_gain":0.0,"event_name":"Mysterious Sphere","player_choice":"Ignored","floor":41.0,"gold_loss":0.0,"damage_taken":0.0},{"damage_healed":0,"gold_gain":0,"player_choice":"Memory 1","damage_taken":0,"max_hp_gain":0,"max_hp_loss":0,"event_name":"SensoryStone","floor":44,"gold_loss":0},{"cards_removed":["Strike_R"],"damage_healed":0,"gold_gain":0,"player_choice":"Purged","damage_taken":0,"max_hp_gain":0,"max_hp_loss":0,"event_name":"Purifier","floor":46,"gold_loss":0}],"is_beta":false,"boss_relics":[{"not_picked":["Black Star","Tiny House"],"picked":"Snecko Eye"},{"not_picked":["SacredBark","Cursed Key"],"picked":"Mark of Pain"}],"items_purged_floors":[6],"is_endless":false,"potions_floor_spawned":[10,11,12,13,14,18,22,30,37],"killed_by":"Awakened One","ascension_level":20}}