{"host":"jak4ncvfzor9mys0","time":1613714475,"event":{"mods":["2.2 Compatiblity","AchievementEnabler","BaseMod","Better Altar","Better Match","Better Note","Better Sensory Stone","Better Skull","Better Third Choice","BetterRewards","Block Reminder","Colored Map","Colored Powertips","Dark Map","Energized Spire","Gold Saver","Hubris","Infinite Spire","Key Reminder","Minty Spire (QoL Compilation)","Rare Cards Sparkle","Red Circlet Mod","Relic Sorter","Relic Stats","Replay The Spire","Retaliation","Spicy Shops","StSLib","SuperFastMode","The Blue Laboratory"],"gold_per_floor":[12616,12631,12631,12651,12662,12689,12689,12719,12719,12719,12684,12047,12047,12025,12025,12123,12123,12138,12151,12151,11737,11737,11766,11766,11779,11804,11821,11821,11831,11831,11831],"floor_reached":30,"language":"ENG","playtime":1223,"items_purged":["Strike_P","Defend_P"],"score":402,"play_id":"e9ac300f-5a09-4c35-94a8-bf5fa33c23fd","local_time":"20210218220115","is_ascension_mode":true,"campfire_choices":[{"floor":7,"key":"REST"},{"data":"Eruption","floor":10,"key":"SMITH"},{"data":"Vigilance","floor":15,"key":"SMITH"},{"floor":24,"key":"REST"},{"floor":28,"key":"REST"}],"circlet_count":0,"master_deck":["Strike_P","Strike_P","Strike_P","Defend_P","Defend_P","Defend_P","Eruption+1","Vigilance+1","BattleHymn","SandsOfTime","EmptyBody","Replay:BluntJabs+1","DevaForm","FearNoEvil","Crescendo+1","WindmillStrike","Protect+1"],"relics":["PureWater","hubris:Stopwatch","infinitespire:ShieldingShard","Happy Flower","Oddly Smooth Stone","PreservedInsect","hubris:Towel","Vajra","Prayer Wheel","Anchor","Membership Card","Akabeko","Question Card","infinitespire:Broken Mirror","HandDrill","Toxic Egg 2","Replay:Bottled Flurry","ReplayFunnel"],"acts_visited":["Exordium","TheCity"],"potions_floor_usage":[16,30,30,30],"damage_taken":[{"damage":1,"enemies":"2 Louse","floor":1,"turns":4},{"damage":7,"enemies":"Jaw Worm","floor":2,"turns":4},{"damage":0,"enemies":"Cultist","floor":4,"turns":2},{"damage":34,"enemies":"Gremlin Gang","floor":5,"turns":4},{"damage":0,"enemies":"Gremlin Nob","floor":6,"turns":3},{"damage":4,"enemies":"Replay:BlueRogue","floor":8,"turns":5},{"damage":17,"enemies":"The Guardian","floor":16,"turns":8},{"damage":0,"enemies":"Chosen","floor":18,"turns":3},{"damage":11,"enemies":"3 Byrds","floor":19,"turns":5},{"damage":44,"enemies":"Slavers","floor":23,"turns":4},{"damage":0,"enemies":"Snake Plant","floor":25,"turns":3},{"damage":0,"enemies":"Sentry and Sphere","floor":27,"turns":3},{"damage":11,"enemies":"Centurion and Healer","floor":29,"turns":4},{"damage":69,"enemies":"Nightmare","floor":30,"turns":8}],"seed_played":"1959400840752721772","potions_obtained":[{"floor":5,"key":"blueLaboratory:AlphaPotion"},{"floor":16,"key":"BlessingOfTheForge"},{"floor":18,"key":"blueLaboratory:FruitPunch"}],"is_trial":false,"path_per_floor":["M","M","?","M","M","E","R","E","T","R","?","$","?","?","R","B",null,"M","M","?","$","?","E","R","M","T","M","R","M","NM"],"character_chosen":"WATCHER","items_purchased":["Oddly Smooth Stone","PreservedInsect","BattleHymn","Anchor","Membership Card","Akabeko","Question Card","Happy Flower","Replay:BluntJabs+1","infinitespire:Broken Mirror","HandDrill","Toxic Egg 2","EssenceOfSteel"],"campfire_rested":3,"item_purchase_floors":[0,0,0,12,12,12,12,12,12,21,21,21,21],"current_hp_per_floor":[71,64,64,64,30,30,51,47,47,47,65,65,65,65,65,48,72,72,61,61,61,72,28,49,49,49,49,70,59,0,0],"gold":11831,"neow_bonus":"","is_daily":false,"chose_seed":false,"campfire_upgraded":2,"win_rate":0.0,"timestamp":1613714475,"path_taken":["M","M","?","M","M","E","R","E","T","R","?","$","?","?","R","BOSS","M","M","?","$","?","E","R","M","T","M","R","?","NM"],"items_purchased_type":["Relic","Relic","Card","Relic","Relic","Relic","Relic","Relic","Card","Relic","Relic","Relic","Potion"],"build_version":"2020-12-22","purchased_purges":2,"victory":false,"max_hp_per_floor":[72,72,72,72,72,72,72,72,72,72,72,72,72,72,72,72,72,72,72,72,72,72,72,72,72,72,72,72,72,74,74],"relic_stats":{"Happy Flower":[12],"counters":[122,506],"Prayer Wheel":37,"PreservedInsect":1850,"HandDrill":[14],"Question Card":29,"obtain_stats":[{"Tiny House":17,"hubris:CrystalStatue":6,"Vajra":3,"Ginger":24,"Boot":9,"Blood Vial":40,"Replay:Ringing Soul":19,"Lizard Tail":19,"Centennial Puzzle":41,"infinitespire:ShieldingShard":9,"Prayer Wheel":8,"HandDrill":2,"Replay:Bottled Flurry":23,"Toxic Egg 2":26,"Replay:Wax Seal":10,"hubris:Teleporter":40,"Happy Flower":12,"Oddly Smooth Stone":12,"Pen Nib":26,"Replay:Ancient Bell":34,"infinitespire:Magic Flask":12,"Question Card":12,"Akabeko":12,"Replay:Baseball":14,"Bottled Flame":9,"infinitespire:Lychee Nut":28,"Shuriken":14,"infinitespire:Broken Mirror":9,"Bronze Scales":13,"Simple Rune":13,"Black Star":34,"infinitespire:EmpoweringShard":43,"Kintsugi":34,"hubris:Reverence":9,"ReplayFunnel":26,"Regal Pillow":0,"Snecko Heart":17,"Singing Bowl":34,"Incense Burner":12,"hubris:SlimyHat":14,"TeardropLocket":0,"Empty Cage":17,"Smiling Mask":26,"ClockworkSouvenir":3,"energizedSpire:BlackCloud":17,"Replay:Bandana":34,"hubris:Icosahedron":12,"TheAbacus":7,"Mummified Hand":3,"hubris:Stopwatch":17,"InkBottle":7,"Golden Idol":2,"Quantum Egg":24,"PreservedInsect":10,"Omamori":38,"infinitespire:Lucky Rock":9,"infinitespire:CheckeredPen":10,"hubris:Towel":2,"Orichalcum":42,"Mercury Hourglass":9,"Peace Pipe":7,"Pondfish Scales":5,"Anchor":12,"Busted Crown":17,"Ornamental Fan":19,"HolyWater":17,"infinitespire:Satchel":9,"Coffee Dripper":17,"Durian":30,"Bag of Marbles":26,"Art of War":12,"Membership Card":0,"PureWater":0,"hubris:Potato":13,"hubris:BottledRain":3},{"Tiny House":86,"hubris:CrystalStatue":92,"Vajra":38,"Ginger":100,"Boot":93,"Blood Vial":54,"Replay:Ringing Soul":6,"Lizard Tail":34,"Centennial Puzzle":54,"infinitespire:ShieldingShard":114,"Prayer Wheel":114,"HandDrill":27,"Replay:Bottled Flurry":118,"Toxic Egg 2":8,"Replay:Wax Seal":16,"hubris:Teleporter":54,"Happy Flower":114,"Oddly Smooth Stone":41,"Pen Nib":47,"Replay:Ancient Bell":103,"infinitespire:Magic Flask":76,"Question Card":114,"Akabeko":114,"Replay:Baseball":43,"Bottled Flame":83,"infinitespire:Lychee Nut":8,"Shuriken":32,"infinitespire:Broken Mirror":74,"Bronze Scales":94,"Simple Rune":94,"Black Star":50,"infinitespire:EmpoweringShard":54,"Kintsugi":11,"hubris:Reverence":3,"ReplayFunnel":119,"Regal Pillow":37,"Snecko Heart":62,"Singing Bowl":103,"Incense Burner":4,"hubris:SlimyHat":19,"TeardropLocket":12,"Empty Cage":96,"Smiling Mask":100,"ClockworkSouvenir":14,"energizedSpire:BlackCloud":33,"Replay:Bandana":103,"hubris:Icosahedron":61,"TheAbacus":92,"Mummified Hand":14,"hubris:Stopwatch":115,"InkBottle":16,"Golden Idol":58,"Quantum Egg":47,"PreservedInsect":93,"Omamori":106,"infinitespire:Lucky Rock":60,"infinitespire:CheckeredPen":93,"hubris:Towel":38,"Orichalcum":54,"Mercury Hourglass":16,"Peace Pipe":82,"Pondfish Scales":81,"Anchor":114,"Busted Crown":44,"Ornamental Fan":97,"HolyWater":20,"infinitespire:Satchel":40,"Coffee Dripper":5,"Durian":48,"Bag of Marbles":68,"Art of War":84,"Membership Card":12,"PureWater":0,"hubris:Potato":61,"hubris:BottledRain":14},{"Tiny House":364,"hubris:CrystalStatue":385,"Vajra":164,"Ginger":413,"Boot":388,"Blood Vial":240,"Replay:Ringing Soul":26,"Lizard Tail":144,"Centennial Puzzle":240,"infinitespire:ShieldingShard":468,"Prayer Wheel":468,"HandDrill":118,"Replay:Bottled Flurry":488,"Toxic Egg 2":36,"Replay:Wax Seal":80,"hubris:Teleporter":240,"Happy Flower":468,"Oddly Smooth Stone":173,"Pen Nib":208,"Replay:Ancient Bell":426,"infinitespire:Magic Flask":319,"Question Card":468,"Akabeko":468,"Replay:Baseball":182,"Bottled Flame":342,"infinitespire:Lychee Nut":36,"Shuriken":130,"infinitespire:Broken Mirror":311,"Bronze Scales":391,"Simple Rune":391,"Black Star":220,"infinitespire:EmpoweringShard":240,"Kintsugi":62,"hubris:Reverence":8,"ReplayFunnel":491,"Regal Pillow":160,"Snecko Heart":271,"Singing Bowl":426,"Incense Burner":11,"hubris:SlimyHat":89,"TeardropLocket":66,"Empty Cage":401,"Smiling Mask":413,"ClockworkSouvenir":72,"energizedSpire:BlackCloud":141,"Replay:Bandana":426,"hubris:Icosahedron":265,"TheAbacus":385,"Mummified Hand":72,"hubris:Stopwatch":476,"InkBottle":80,"Golden Idol":260,"Quantum Egg":208,"PreservedInsect":388,"Omamori":438,"infinitespire:Lucky Rock":263,"infinitespire:CheckeredPen":388,"hubris:Towel":164,"Orichalcum":240,"Mercury Hourglass":80,"Peace Pipe":339,"Pondfish Scales":336,"Anchor":468,"Busted Crown":189,"Ornamental Fan":404,"HolyWater":100,"infinitespire:Satchel":170,"Coffee Dripper":21,"Durian":211,"Bag of Marbles":292,"Art of War":351,"Membership Card":66,"PureWater":0,"hubris:Potato":265,"hubris:BottledRain":72}]},"card_choices":[{"not_picked":["Meditate","SashWhip"],"picked":"SandsOfTime","floor":1},{"not_picked":["Replay:Vibes","SignatureMove","BowlingBash"],"picked":"SKIP","floor":2},{"not_picked":["Replay:AtTheReady","EmptyFist","Tantrum"],"picked":"SKIP","floor":4},{"not_picked":["Consecrate","FlurryOfBlows"],"picked":"EmptyBody","floor":5},{"not_picked":["CutThroughFate","CarveReality","SpiritShield"],"picked":"SKIP","floor":6},{"not_picked":["Adaptation","Crescendo","MentalFortress"],"picked":"SKIP","floor":8},{"not_picked":["Vault","Blasphemy","Replay:AllIn"],"picked":"DevaForm","floor":16},{"not_picked":["Halt+1","Study+1","InnerPeace","Replay:AtTheReady"],"picked":"SKIP","floor":18},{"not_picked":["CarveReality+1","Indignation","WheelKick","Replay:Anticipation"],"picked":"SKIP","floor":18},{"not_picked":["Weave+1","SashWhip","Meditate"],"picked":"FearNoEvil","floor":19},{"not_picked":["Nirvana+1","Replay:BluntJabs","Consecrate","MentalFortress+1"],"picked":"SKIP","floor":19},{"not_picked":["PathToVictory+1","Meditate+1","SpiritShield+1","Crescendo+1"],"picked":"SKIP","floor":23},{"not_picked":["PathToVictory+1","Meditate+1","SpiritShield+1","Crescendo+1"],"picked":"SKIP","floor":23},{"not_picked":["WreathOfFlame+1","Replay:ManipulateFuture+1","WheelKick"],"picked":"Crescendo+1","floor":25},{"not_picked":["FlurryOfBlows","Evaluate+1","ClearTheMind+1"],"picked":"WindmillStrike","floor":25},{"not_picked":["Halt+1","ClearTheMind+1","FollowUp","Collect+1"],"picked":"SKIP","floor":27},{"not_picked":["Wireheading+1","FollowUp+1","Meditate+1","Replay:BluntJabs+1"],"picked":"SKIP","floor":27},{"not_picked":["EmptyFist","Replay:ManipulateFuture+1","Replay:AtTheReady+1"],"picked":"Protect+1","floor":29},{"not_picked":["Replay:DivineShield+1","SashWhip","DeusExMachina+1","Fasting2"],"picked":"SKIP","floor":29}],"player_experience":2831103,"relics_obtained":[{"floor":6,"key":"Vajra"},{"floor":8,"key":"Prayer Wheel"},{"floor":9,"key":"infinitespire:ShieldingShard"},{"floor":23,"key":"Replay:Bottled Flurry"},{"floor":26,"key":"ReplayFunnel"}],"event_choices":[{"damage_healed":18,"gold_gain":0,"player_choice":"Healed","damage_taken":0,"max_hp_gain":0,"max_hp_loss":0,"event_name":"The Cleric","floor":11,"gold_loss":35},{"damage_healed":0,"gold_gain":0,"player_choice":"Left","damage_taken":0,"max_hp_gain":0,"max_hp_loss":0,"event_name":"betterThird:BetterGoop","floor":14,"gold_loss":22},{"cards_removed":["Strike_P"],"damage_healed":0,"gold_gain":0,"player_choice":"Give","damage_taken":0,"max_hp_gain":0,"max_hp_loss":0,"event_name":"betterNote:BetterNote","floor":20,"gold_loss":0,"cards_obtained":["None"]},{"damage_healed":11,"gold_gain":0,"player_choice":"Full Heal","damage_taken":0,"max_hp_gain":0,"max_hp_loss":0,"event_name":"Wheel of Change","floor":22,"gold_loss":0}],"is_beta":false,"boss_relics":[{"not_picked":["energizedSpire:HugeHouse","Painkiller Herb"],"picked":"hubris:Stopwatch"}],"items_purged_floors":[12,21],"is_endless":false,"potions_floor_spawned":[5,16,18,27],"killed_by":"Nightmare","ascension_level":1}}