{"host":"nhhqxetgwwd7qseb","time":1613726731,"event":{"mods":["ATMod(阿瑾Mod)","Act Like it!","BaseMod","Chen","Dota2Spire","Downfall","Energized Spire","Gensokyo","Gremlin Mod","GungeonMod","Hallownest","Hermit","Koishi","LagranYue(拉格朗・月)","Marisa（F雨　魔理沙）","Minty Spire (QoL Compilation)","Quick Restart","Rare Cards Sparkle","Reimu（博丽灵梦）","Remilia（蕾米莉亚）","Replay The Spire","SOS（斯巴达之子）","Spicy Shops","StSLib","The Alterego","The Bladedancer","The Bug Knight","The Saiyan","The Senshi","The Servant 0.9.4","TheWitcher","UnlockEverythingMod","WarShipGirlsR/战舰少女R mod","Warlord Emblem","Yakumo Yukari mod","Youmu（魂魄妖梦）","【功能Mod】混沌之环修复补丁","【功能Mod】聪明的最终Boss","【遗物卡牌】REMEMod"],"gold_per_floor":[90,104,104,120,133,165,165,35,35,55,69,69,99,115,115,219,219,237,248,267,282,282,282,302,302,302,302,331,342,342,357,357,459,459,459,477,577,588,598,611,611,637,664,684,684,701,701,736,736,736,736,736,130,163,163,163],"floor_reached":55,"language":"ZHS","playtime":3654,"items_purged":["Saiyan:Furor+1"],"score":1117,"play_id":"6286fba1-314d-4a35-9e73-7e8a30c9c52f","local_time":"20210219172531","is_ascension_mode":false,"campfire_choices":[{"data":"Saiyan:Furor","floor":7.0,"key":"SMITH"},{"floor":15.0,"key":"RECALL"},{"floor":23.0,"key":"REST"},{"data":"AT_EmpoweredMortalDraw","floor":27.0,"key":"SMITH"},{"data":"AT_Dispersion","floor":30.0,"key":"SMITH"},{"floor":32.0,"key":"DIG"},{"data":"Saiyan:DrainingStrike","floor":41.0,"key":"SMITH"},{"floor":45.0,"key":"REST"},{"data":"Saiyan:PlotArmor","floor":47.0,"key":"SMITH"},{"data":"Saiyan:HyperTimeChamber","floor":52.0,"key":"SMITH"}],"circlet_count":0,"master_deck":["Saiyan:SAIYA_Strike","Saiyan:SAIYA_Strike","Saiyan:SAIYA_Strike","Saiyan:SAIYA_Strike+1","Saiyan:SAIYA_Defend","Saiyan:SAIYA_Defend","Saiyan:SAIYA_Defend","Saiyan:EnergyBlast+1","Saiyan:KaioKen","Saiyan:RuthlessBlow","AT_Dispersion+1","Saiyan:Furor+1","Saiyan:DrainingStrike+1","Saiyan:KiStrike","Saiyan:UltraInstinct","Saiyan:FinalFlash","Saiyan:KiExplosion","AT_EmpoweredMortalDraw+1","Saiyan:DragonFist","Saiyan:KiExplosion","Saiyan:PlotArmor+1","Saiyan:KiExplosion","Saiyan:HyperTimeChamber+1","Saiyan:AugmentedBlast+1","Saiyan:DragonRadar+1","Saiyan:PowerStance+1","Saiyan:PlotArmor+1","AT_Dispersion+1"],"relics":["SaiyanSoul","SaiyanHeart","REME_ComplimentaryCards","AT_ATBox","NeowsBlessing","AT_Kusabimaru","White Beast Statue","Dota2Spire:OctarineCore","Mastiff:ReiMu","AT_MortalBlade","WarlordEmblem:BadgeWrath","DemoMod:Relodestone","AT_TrinityForce","PreservedInsect","Pen Nib","Dota2Spire:BattleFury","Dota2Spire:BladeMail","Cauldron","Strawberry","Toolbox","AT_SilvercatRing"],"acts_visited":["Exordium","TheCity","TheBeyond","TheEnding"],"potions_floor_usage":[55,55],"damage_taken":[{"damage":0.0,"enemies":"Jaw Worm","floor":1.0,"turns":1.0},{"damage":0.0,"enemies":"2 Louse","floor":2.0,"turns":1.0},{"damage":0.0,"enemies":"Small Slimes","floor":4.0,"turns":1.0},{"damage":0.0,"enemies":"Gremlin Gang","floor":5.0,"turns":3.0},{"damage":0.0,"enemies":"3 Sentries","floor":6.0,"turns":6.0},{"damage":1.0,"enemies":"Red Slaver","floor":10.0,"turns":4.0},{"damage":0.0,"enemies":"Exordium Thugs","floor":11.0,"turns":6.0},{"damage":14.0,"enemies":"Gremlin Nob","floor":13.0,"turns":4.0},{"damage":11.0,"enemies":"Lots of Slimes","floor":14.0,"turns":2.0},{"damage":10.0,"enemies":"Fading Forest","floor":16.0,"turns":11.0},{"damage":0.0,"enemies":"Spheric Guardian","floor":18.0,"turns":2.0},{"damage":14.0,"enemies":"Shell Parasite","floor":19.0,"turns":4.0},{"damage":29.0,"enemies":"Snecko","floor":20.0,"turns":4.0},{"damage":0.0,"enemies":"Centurion and Healer","floor":21.0,"turns":2.0},{"damage":0.0,"enemies":"3 Cultists","floor":24.0,"turns":2.0},{"damage":6.0,"enemies":"HollowMod:Nosk","floor":28.0,"turns":7.0},{"damage":3.0,"enemies":"Snake Plant","floor":29.0,"turns":3.0},{"damage":0.0,"enemies":"Centurion and Healer","floor":31.0,"turns":4.0},{"damage":2.0,"enemies":"Pondfish","floor":33.0,"turns":11.0},{"damage":0.0,"enemies":"3 Darklings","floor":35.0,"turns":4.0},{"damage":0.0,"enemies":"3 Shapes","floor":36.0,"turns":1.0},{"damage":0.0,"enemies":"Jaw Worm Horde","floor":38.0,"turns":1.0},{"damage":0.0,"enemies":"Maw","floor":39.0,"turns":8.0},{"damage":0.0,"enemies":"Sphere and 2 Shapes","floor":40.0,"turns":1.0},{"damage":15.0,"enemies":"HollowMod:StalkingDevout","floor":42.0,"turns":8.0},{"damage":26.0,"enemies":"Transient","floor":44.0,"turns":5.0},{"damage":0.0,"enemies":"Jaw Worm Horde","floor":46.0,"turns":4.0},{"damage":0.0,"enemies":"R_Hoarder","floor":48.0,"turns":4.0},{"damage":55.0,"enemies":"Time Eater","floor":50.0,"turns":15.0},{"damage":0.0,"enemies":"Shield and Spear","floor":54.0,"turns":4.0},{"damage":105,"enemies":"The Heart","floor":55,"turns":11}],"seed_played":"5904193969099002388","potions_obtained":[{"floor":1.0,"key":"Reflective Coating"},{"floor":5.0,"key":"EssenceOfSteel"},{"floor":6.0,"key":"PanachePotion"},{"floor":10.0,"key":"Dota2Spire:HealingSalve"},{"floor":11.0,"key":"REME_GoldPotion"},{"floor":14.0,"key":"Fire Potion"},{"floor":16.0,"key":"FearPotion"},{"floor":18.0,"key":"Swift Potion"},{"floor":21.0,"key":"DemoMod:LeadSkinPotion"},{"floor":53.0,"key":"Regen Potion"},{"floor":53.0,"key":"Energy Potion"},{"floor":53.0,"key":"MagicPotion:ReiMu"}],"is_trial":false,"path_per_floor":["M","M","?","M","M","E","R","$","T","M","M","?","E","M","R","B",null,"M","M","M","M","?","R","M","?","T","R","E","M","R","M","R","B",null,"M","M","?","M","M","M","R","E","T","M","R","M","R","E","R","B",null,"R","$","E","B"],"character_chosen":"SAIYAJIN","items_purchased":["White Beast Statue","DemoMod:WeirdEgg","Cauldron","Strawberry","Toolbox"],"campfire_rested":2,"item_purchase_floors":[8,53,53,53,53],"current_hp_per_floor":[60,60,48,48,50,51,51,51,51,52,52,52,39,29,29,47,67,67,53,25,25,13,34,34,58,58,58,52,49,49,49,49,47,73,73,73,73,74,76,76,76,62,62,36,59,59,59,59,59,6,79,79,86,86,0,0],"gold":163,"neow_bonus":"THREE_ENEMY_KILL","is_daily":false,"chose_seed":false,"campfire_upgraded":6,"win_rate":0.0,"timestamp":1613726731,"path_taken":["M","M","?","M","M","E","R","$","T","M","M","?","E","?","R","BOSS","M","M","M","M","?","R","M","?","T","R","E","M","R","M","R","BOSS","M","M","?","M","M","M","R","E","T","M","R","?","R","E","R","BOSS","R","$","E","BOSS"],"items_purchased_type":["Relic","Relic","Relic","Relic","Relic"],"build_version":"2020-12-22","purchased_purges":1,"victory":false,"max_hp_per_floor":[60,60,60,60,62,63,63,63,63,65,65,65,66,67,67,67,67,67,67,68,68,73,73,73,73,73,73,73,73,73,73,73,73,73,73,73,73,74,76,76,76,77,77,77,77,77,77,77,77,79,79,79,86,86,89,89],"card_choices":[{"not_picked":["Saiyan:ExtremeSpeed","Saiyan:Scouter"],"picked":"Saiyan:Furor","floor":1.0},{"not_picked":["Saiyan:Planning","Saiyan:PowerUp"],"picked":"Saiyan:DrainingStrike","floor":2.0},{"not_picked":["Saiyan:KiExplosion","Saiyan:DrainingStrike"],"picked":"Saiyan:KiStrike","floor":4.0},{"not_picked":["Saiyan:DragonFist","Saiyan:ExpandingShockwave"],"picked":"Saiyan:UltraInstinct","floor":5.0},{"not_picked":["Saiyan:ExpandingShockwave","Saiyan:DragonFist","Saiyan:Planning"],"picked":"SKIP","floor":6.0},{"not_picked":["Saiyan:DoubleMasenko","Saiyan:Teleport"],"picked":"Saiyan:FinalFlash","floor":10.0},{"not_picked":["Saiyan:ExpandingShockwave","Saiyan:Quickening","Saiyan:MonkeyTail"],"picked":"SKIP","floor":11.0},{"not_picked":["Saiyan:RemoveWeights","Saiyan:Twize","Saiyan:MajinSeal"],"picked":"SKIP","floor":13.0},{"not_picked":["Saiyan:UltraInstinct","Saiyan:PlotArmor"],"picked":"Saiyan:KiExplosion","floor":14.0},{"not_picked":["Saiyan:RemoveWeights+1","Saiyan:BigBangAttack"],"picked":"Saiyan:DragonFist","floor":18.0},{"not_picked":["Saiyan:Honing","Saiyan:ExtremeSpeed+1"],"picked":"Saiyan:KiExplosion","floor":19.0},{"not_picked":["Saiyan:PressOn","Saiyan:Reset"],"picked":"Saiyan:PlotArmor+1","floor":20.0},{"not_picked":["Saiyan:SaiyanHubris","Saiyan:BigBangAttack+1"],"picked":"Saiyan:KiExplosion","floor":21.0},{"not_picked":["Saiyan:Kienzan","Saiyan:FinalFlash","Saiyan:DrainingStrike"],"picked":"SKIP","floor":24.0},{"not_picked":["Saiyan:KiExplosion+1","Saiyan:LastResort+1","Saiyan:SaiyanHubris"],"picked":"SKIP","floor":28.0},{"not_picked":["Saiyan:Scouter+1","Saiyan:DragonFist","Saiyan:MeteorDash"],"picked":"SKIP","floor":29.0},{"not_picked":["Saiyan:DoubleMasenko","Saiyan:BigBangAttack","Saiyan:DragonFist+1"],"picked":"SKIP","floor":31.0},{"not_picked":["Saiyan:GhostAttack","Saiyan:SenzuBean"],"picked":"Saiyan:HyperTimeChamber","floor":33.0},{"not_picked":["Saiyan:UltraInstinct","Saiyan:PowerUp"],"picked":"Saiyan:AugmentedBlast+1","floor":35.0},{"not_picked":["Saiyan:PowerUp","Saiyan:SaiyanHubris","Saiyan:UltraInstinct+1"],"picked":"SKIP","floor":36.0},{"not_picked":["Saiyan:BurningSoul+1","Saiyan:Quickening+1","Saiyan:Teleport+1"],"picked":"SKIP","floor":38.0},{"not_picked":["Saiyan:DrainingStrike","Saiyan:Fly+1","Saiyan:RemoveWeights"],"picked":"SKIP","floor":39.0},{"not_picked":["Saiyan:AugmentedBlast+1","Saiyan:ExpandingShockwave"],"picked":"Saiyan:DragonRadar+1","floor":40.0},{"not_picked":["Saiyan:KameHameHa+1","Saiyan:SuperSaiyanThree","Saiyan:PowerUp+1"],"picked":"SKIP","floor":42.0},{"not_picked":["Saiyan:DragonRadar+1","Saiyan:RemoveWeights"],"picked":"Saiyan:PowerStance+1","floor":44.0},{"not_picked":["Saiyan:BigBangAttack+1","Saiyan:DragonFist+1"],"picked":"Saiyan:PlotArmor","floor":46.0},{"not_picked":["Saiyan:DoubleMasenko","Saiyan:FingerParry","Saiyan:Planning+1"],"picked":"SKIP","floor":48.0},{"not_picked":["Saiyan:SenzuBean","Saiyan:ExpandingShockwave+1","Saiyan:KameHameHa+1"],"picked":"SKIP","floor":54.0}],"player_experience":98248,"relics_obtained":[{"floor":6.0,"key":"AT_Kusabimaru"},{"floor":9.0,"key":"Dota2Spire:OctarineCore"},{"floor":13.0,"key":"Mastiff:ReiMu"},{"floor":28.0,"key":"WarlordEmblem:BadgeWrath"},{"floor":32.0,"key":"DemoMod:Relodestone"},{"floor":42.0,"key":"PreservedInsect"},{"floor":43.0,"key":"Pen Nib"},{"floor":48.0,"key":"Dota2Spire:BattleFury"},{"floor":54.0,"key":"AT_SilvercatRing"}],"event_choices":[{"damage_healed":0.0,"max_hp_gain":0.0,"max_hp_loss":0.0,"gold_gain":0.0,"event_name":"Shining Light","player_choice":"Entered Light","floor":3.0,"gold_loss":0.0,"damage_taken":12.0,"cards_upgraded":["Saiyan:SAIYA_Strike","Saiyan:EnergyBlast"]},{"damage_healed":0.0,"max_hp_gain":5.0,"max_hp_loss":0.0,"gold_gain":0.0,"event_name":"Forgotten Altar","player_choice":"Shed Blood","floor":22.0,"gold_loss":0.0,"damage_taken":17.0},{"damage_healed":24.0,"max_hp_gain":0.0,"max_hp_loss":0.0,"gold_gain":0.0,"event_name":"The Library","player_choice":"Heal","floor":25.0,"gold_loss":0.0,"damage_taken":0.0},{"damage_healed":0.0,"max_hp_gain":0.0,"max_hp_loss":0.0,"gold_gain":100.0,"event_name":"Golden Shrine","player_choice":"Pray","floor":37.0,"gold_loss":0.0,"damage_taken":0.0}],"is_beta":false,"boss_relics":[{"not_picked":["Snecko Eye","Runic Dome"],"picked":"AT_MortalBlade"},{"not_picked":["REME_DuelDisc","SacredBark"],"picked":"AT_TrinityForce"}],"items_purged_floors":[53],"is_endless":false,"potions_floor_spawned":[1,5,6,10,11,13,14,16,18,19,20,21,24,28,29,31,33,35,36,38,39,40,42,44,46,48,54],"killed_by":"The Heart","ascension_level":0}}