{"host":"kh6fvhxn285ncg0o","time":1613766938,"event":{"mods":["Act Like it!","BaseMod","Colored Map","Friendly Minions","Keyboard Shortcuts","Minty Spire (QoL Compilation)","Quick Restart","Relic Stats","StSLib","SuperFastMode","UnlockEverythingMod"],"gold_per_floor":[117,134,134,59,85,122,134,146,158,245,285,297,322,368,380,392,392],"floor_reached":16,"language":"KOR","playtime":272,"items_purged":["Strike_R"],"score":282,"play_id":"bb4497be-f531-49a0-ae59-678411d30864","local_time":"20210220053538","is_ascension_mode":true,"campfire_choices":[{"data":"Bash","floor":8,"key":"SMITH"},{"data":"Second Wind","floor":12,"key":"SMITH"},{"data":"Evolve","floor":15,"key":"SMITH"}],"circlet_count":0,"master_deck":["AscendersBane","Strike_R","Strike_R","Strike_R","Strike_R","Defend_R","Defend_R","Defend_R","Defend_R","Bash+1","Second Wind+1","Brutality","Evolve+1"],"relics":["Burning Blood","NeowsBlessing","MawBank","Boot","Self Forming Clay","Potion Belt","Letter Opener"],"acts_visited":["Exordium"],"potions_floor_usage":[11,11,14,14],"damage_taken":[{"damage":0,"enemies":"Cultist","floor":1,"turns":1},{"damage":0,"enemies":"Small Slimes","floor":2,"turns":2},{"damage":0,"enemies":"3 Sentries","floor":6,"turns":2},{"damage":29,"enemies":"Gremlin Nob","floor":11,"turns":4},{"damage":6,"enemies":"Jaw Worm","floor":13,"turns":5},{"damage":30,"enemies":"3 Sentries","floor":14,"turns":13},{"damage":26,"enemies":"Hexaghost","floor":16,"turns":9}],"seed_played":"3994457348273363795","potions_obtained":[{"floor":1,"key":"LiquidMemories"},{"floor":2,"key":"Swift Potion"},{"floor":11,"key":"Swift Potion"},{"floor":13,"key":"DistilledChaos"}],"is_trial":false,"path_per_floor":["M","M","?","$","T","E","?","R","T","?","E","R","M","E","R","B"],"character_chosen":"IRONCLAD","items_purchased":[],"campfire_rested":0,"item_purchase_floors":[],"current_hp_per_floor":[74,75,71,71,71,75,80,80,80,69,46,46,46,22,22,0,0],"gold":392,"neow_bonus":"THREE_ENEMY_KILL","is_daily":false,"chose_seed":false,"campfire_upgraded":3,"win_rate":0.0,"timestamp":1613766938,"path_taken":["M","?","?","$","?","E","?","R","T","?","E","R","M","E","R","BOSS"],"items_purchased_type":[],"build_version":"2020-12-22","purchased_purges":1,"victory":false,"max_hp_per_floor":[75,75,75,75,75,75,80,80,80,80,80,80,80,80,80,80,80],"relic_stats":{"counters":[7,36],"Self Forming Clay":[72],"Letter Opener":[0],"MawBank":132,"Boot":[10],"obtain_stats":[{"Potion Belt":11,"NeowsBlessing":0,"Self Forming Clay":9,"Letter Opener":14,"MawBank":5,"Boot":6,"Burning Blood":0},{"Potion Belt":4,"NeowsBlessing":0,"Self Forming Clay":3,"Letter Opener":6,"MawBank":2,"Boot":3,"Burning Blood":0},{"Potion Belt":9,"NeowsBlessing":0,"Self Forming Clay":5,"Letter Opener":27,"MawBank":3,"Boot":5,"Burning Blood":0}],"Burning Blood":29},"card_choices":[{"not_picked":["Pummel","Burning Pact"],"picked":"Second Wind","floor":1},{"not_picked":["Second Wind","Warcry","Rampage"],"picked":"SKIP","floor":2},{"not_picked":["Clothesline","Headbutt","Heavy Blade"],"picked":"SKIP","floor":6},{"not_picked":["Ghostly Armor","Armaments"],"picked":"Brutality","floor":11},{"not_picked":["Reckless Charge","True Grit"],"picked":"Evolve","floor":14}],"player_experience":1476002,"relics_obtained":[{"floor":5,"key":"MawBank"},{"floor":6,"key":"Boot"},{"floor":9,"key":"Self Forming Clay"},{"floor":11,"key":"Potion Belt"},{"floor":14,"key":"Letter Opener"}],"event_choices":[{"damage_healed":0,"gold_gain":0,"player_choice":"Bought 0 Potions","damage_taken":0,"max_hp_gain":0,"max_hp_loss":0,"event_name":"The Woman in Blue","floor":3,"gold_loss":0},{"damage_healed":0,"gold_gain":0,"player_choice":"Donut","damage_taken":0,"max_hp_gain":5,"max_hp_loss":0,"event_name":"Big Fish","floor":7,"gold_loss":0},{"damage_healed":0,"gold_gain":75,"player_choice":"Gather Gold","damage_taken":11,"max_hp_gain":0,"max_hp_loss":0,"event_name":"World of Goop","floor":10,"gold_loss":0}],"is_beta":false,"boss_relics":[],"items_purged_floors":[4],"is_endless":false,"potions_floor_spawned":[1,2,11,13],"killed_by":"Hexaghost","ascension_level":20}}