{"host":"d52brwsy6af8zvaq","time":1613699796,"event":{"mods":["AchievementEnabler","BaseMod","Bestiary","Highlight Path","Minty Spire (QoL Compilation)","Quick Restart","Relic Stats","ojb\u0027s Better Paths Mod"],"gold_per_floor":[112,34,109,119,135,168,168,193,193,213,213,213,178,17,17,17,17],"floor_reached":16,"language":"ENG","playtime":1861,"items_purged":[],"score":216,"play_id":"659d579b-036c-4a10-8e2d-1c457208237c","local_time":"20210218185636","is_ascension_mode":true,"campfire_choices":[{"data":"Multi-Cast","floor":7.0,"key":"SMITH"},{"data":"Zap","floor":11.0,"key":"SMITH"},{"data":"Seek","floor":15.0,"key":"SMITH"}],"circlet_count":0,"master_deck":["AscendersBane","Strike_B","Strike_B","Strike_B","Strike_B","Defend_B","Defend_B","Defend_B","Defend_B","Zap+1","Dualcast","Flash of Steel","Ball Lightning","Self Repair","Melter","Ball Lightning","Multi-Cast+1","Chill","Glacier","Seek+1"],"relics":["Cracked Core","Question Card","Strawberry","Bottled Lightning","Ornamental Fan"],"acts_visited":["Exordium"],"potions_floor_usage":[],"damage_taken":[{"damage":7.0,"enemies":"Jaw Worm","floor":1.0,"turns":4.0},{"damage":1.0,"enemies":"2 Louse","floor":4.0,"turns":3.0},{"damage":0.0,"enemies":"Cultist","floor":5.0,"turns":3.0},{"damage":20.0,"enemies":"Lagavulin","floor":6.0,"turns":7.0},{"damage":30.0,"enemies":"3 Sentries","floor":8.0,"turns":6.0},{"damage":8.0,"enemies":"Looter","floor":10.0,"turns":3.0},{"damage":75,"enemies":"Slime Boss","floor":16,"turns":8}],"seed_played":"-5095942505028767959","potions_obtained":[{"floor":4.0,"key":"FairyPotion"},{"floor":5.0,"key":"SpeedPotion"}],"is_trial":false,"path_per_floor":["M","$","?","M","M","E","R","E","T","M","R","T","?","$","R","B"],"character_chosen":"DEFECT","items_purchased":["Self Repair","Seek"],"campfire_rested":0,"item_purchase_floors":[2,14],"current_hp_per_floor":[57,57,46,52,59,46,46,30,30,29,29,29,48,48,48,0,0],"gold":17,"neow_bonus":"RANDOM_COLORLESS","is_daily":false,"chose_seed":false,"campfire_upgraded":3,"win_rate":0.0,"timestamp":1613699796,"path_taken":["M","$","?","M","M","E","R","E","T","M","R","?","?","$","R","BOSS"],"items_purchased_type":["Card","Card"],"build_version":"2020-12-22","purchased_purges":0,"victory":false,"max_hp_per_floor":[71,71,71,71,71,71,71,78,78,78,78,78,78,78,78,78,78],"relic_stats":{"counters":[7,34],"Ornamental Fan":[4],"Question Card":2,"obtain_stats":[{"Ornamental Fan":12,"Strawberry":8,"Bottled Lightning":9,"Cracked Core":0,"Question Card":6},{"Ornamental Fan":6,"Strawberry":5,"Bottled Lightning":5,"Cracked Core":0,"Question Card":4},{"Ornamental Fan":26,"Strawberry":23,"Bottled Lightning":23,"Cracked Core":0,"Question Card":17}]},"card_choices":[{"not_picked":["Forethought","Finesse"],"picked":"Flash of Steel","floor":0.0},{"not_picked":["Coolheaded","Go for the Eyes"],"picked":"Ball Lightning","floor":1.0},{"not_picked":["Beam Cell","Tempest"],"picked":"Melter","floor":4.0},{"not_picked":["Heatsinks","Conserve Battery"],"picked":"Ball Lightning","floor":5.0},{"not_picked":["Amplify","Static Discharge"],"picked":"Multi-Cast","floor":6.0},{"not_picked":["Tempest","Lockon","Go for the Eyes"],"picked":"Chill","floor":8.0},{"not_picked":["Rebound","Loop","Hologram"],"picked":"Glacier","floor":10.0}],"player_experience":2310798,"relics_obtained":[{"floor":6.0,"key":"Question Card"},{"floor":8.0,"key":"Strawberry"},{"floor":9.0,"key":"Bottled Lightning"},{"floor":12.0,"key":"Ornamental Fan"}],"event_choices":[{"damage_healed":0.0,"max_hp_gain":0.0,"max_hp_loss":0.0,"gold_gain":75.0,"event_name":"World of Goop","player_choice":"Gather Gold","floor":3.0,"gold_loss":0.0,"damage_taken":11.0},{"damage_healed":19.0,"max_hp_gain":0.0,"max_hp_loss":0.0,"gold_gain":0.0,"event_name":"The Cleric","player_choice":"Healed","floor":13.0,"gold_loss":35.0,"damage_taken":0.0}],"is_beta":false,"boss_relics":[],"items_purged_floors":[],"is_endless":false,"potions_floor_spawned":[4,5],"killed_by":"Slime Boss","ascension_level":20}}