{"host":"sc0o2qwpf9j16a4i","time":1613763365,"event":{"mods":["AchievementEnabler","BaseMod","BetterRewards","Block Reminder","Colored Map","Colored Powertips","Custom Start","Highlight Path","Minty Spire (QoL Compilation)","Relic Stats"],"gold_per_floor":[154,154,5,44,44,44,73,126,149,194,249,249,324,362,362,485,485,497,515,515,574,639,670,670,670,670,1041,102,160,12,78,78,187,187,255,338,365,392,461,191,229,229,238,273,295,335,12,67,67,67],"floor_reached":51,"language":"ENG","playtime":2611,"items_purged":[],"score":1277,"play_id":"5fb3c963-2625-4444-9f52-4fe18b71a25e","local_time":"20210219213605","daily_mods":["Allstar","Hoarder","DeadlyEvents"],"is_ascension_mode":false,"campfire_choices":[{"data":"Swift Strike","floor":6,"key":"SMITH"},{"floor":12,"key":"REST"},{"data":"The Bomb","floor":15,"key":"SMITH"},{"data":"True Grit","floor":24,"key":"SMITH"},{"data":"True Grit","floor":32,"key":"SMITH"},{"data":"True Grit","floor":42,"key":"SMITH"},{"data":"Impervious","floor":49,"key":"SMITH"}],"circlet_count":0,"master_deck":["Strike_R","Strike_R","Strike_R+1","Strike_R","Strike_R","Defend_R","Defend_R","Defend_R","Defend_R","Bash+1","Swift Strike+1","Swift Strike","Swift Strike","The Bomb","The Bomb+1","Secret Technique","Secret Technique","Secret Technique","HandOfGreed","HandOfGreed","HandOfGreed","Blind","Blind","Blind","Whirlwind","Whirlwind","Whirlwind","Flex","Flex","Flex","Headbutt","Headbutt","Headbutt","Thunderclap","Thunderclap","Thunderclap","Shockwave","Shockwave","Shockwave","Impervious+1","Impervious","Impervious","Shrug It Off","Shrug It Off","Shrug It Off","Armaments+1","Armaments+1","Armaments+1","Armaments+1","Armaments+1","Armaments+1","True Grit+1","True Grit+1","True Grit+1","Shockwave","Shockwave","Shockwave","Normality","Normality","Normality","Corruption+1","Corruption+1","Corruption+1","Power Through","Power Through","Power Through","Dual Wield","Dual Wield","Dual Wield","Shrug It Off","Shrug It Off","Shrug It Off","Fiend Fire+1","Fiend Fire+1","Fiend Fire+1","Havoc","Havoc","Havoc","Clumsy","Clumsy","Clumsy","Dark Embrace+1","Dark Embrace+1","Dark Embrace+1","Intimidate+1","Intimidate+1","Intimidate+1","Dark Embrace+1","Dark Embrace+1","Dark Embrace+1","Juggernaut+1","Juggernaut+1","Juggernaut+1","Uppercut+1","Uppercut+1","Uppercut+1","Immolate+1","Immolate+1","Immolate+1","Finesse","Finesse","Finesse","Evolve+1","Evolve+1","Evolve+1","Shame","Shame","Shame","Regret","Regret","Regret","Disarm+1","Disarm+1","Disarm+1","Spot Weakness","Spot Weakness","Spot Weakness","Dramatic Entrance+1","Dramatic Entrance+1","Dramatic Entrance+1","Finesse","Finesse","Finesse","Blood for Blood+1","Blood for Blood+1","Blood for Blood+1"],"relics":["Burning Blood","OrangePellets","Blood Vial","Centennial Puzzle","Tiny Chest","StrikeDummy","Omamori","Cursed Key","Anchor","Gremlin Horn","Frozen Egg 2","Molten Egg 2","Old Coin","Strawberry","Mango","Frozen Eye","CeramicFish","Membership Card","Bag of Preparation","Philosopher\u0027s Stone","Singing Bowl","Pen Nib","Art of War","The Courier","Toy Ornithopter","PreservedInsect","Bird Faced Urn","Chemical X"],"acts_visited":["Exordium","TheCity","TheBeyond"],"potions_floor_usage":[7,11,23,28,31,31,31,33,39,41,46,46,46,48,48,50],"damage_taken":[{"damage":2,"enemies":"2 Louse","floor":1,"turns":4},{"damage":4,"enemies":"Cultist","floor":4,"turns":4},{"damage":32,"enemies":"Gremlin Nob","floor":7,"turns":5},{"damage":0,"enemies":"Small Slimes","floor":8,"turns":5},{"damage":26,"enemies":"Lagavulin","floor":10,"turns":6},{"damage":16,"enemies":"Gremlin Nob","floor":11,"turns":3},{"damage":5,"enemies":"Gremlin Gang","floor":13,"turns":4},{"damage":17,"enemies":"Exordium Wildlife","floor":14,"turns":5},{"damage":12,"enemies":"Slime Boss","floor":16,"turns":7},{"damage":17,"enemies":"2 Thieves","floor":18,"turns":3},{"damage":0,"enemies":"Spheric Guardian","floor":19,"turns":4},{"damage":4,"enemies":"3 Cultists","floor":21,"turns":5},{"damage":13,"enemies":"Shelled Parasite and Fungi","floor":22,"turns":4},{"damage":0,"enemies":"Book of Stabbing","floor":23,"turns":6},{"damage":13,"enemies":"Slavers","floor":27,"turns":7},{"damage":0,"enemies":"Gremlin Leader","floor":29,"turns":7},{"damage":0,"enemies":"Slavers","floor":31,"turns":5},{"damage":50,"enemies":"Collector","floor":33,"turns":14},{"damage":16,"enemies":"3 Shapes","floor":35,"turns":7},{"damage":35,"enemies":"3 Darklings","floor":37,"turns":8},{"damage":0,"enemies":"Spire Growth","floor":38,"turns":3},{"damage":13,"enemies":"Sphere and 2 Shapes","floor":39,"turns":3},{"damage":0,"enemies":"Reptomancer","floor":41,"turns":5},{"damage":38,"enemies":"Transient","floor":45,"turns":5},{"damage":1,"enemies":"4 Shapes","floor":46,"turns":4},{"damage":5,"enemies":"Jaw Worm Horde","floor":48,"turns":4},{"damage":64,"enemies":"Awakened One","floor":50,"turns":9}],"seed_played":"5208434931699231995","potions_obtained":[{"floor":4,"key":"Swift Potion"},{"floor":7,"key":"BlessingOfTheForge"},{"floor":11,"key":"FairyPotion"},{"floor":19,"key":"PowerPotion"},{"floor":21,"key":"SteroidPotion"},{"floor":22,"key":"DistilledChaos"},{"floor":23,"key":"Fruit Juice"},{"floor":33,"key":"BlessingOfTheForge"},{"floor":37,"key":"SpeedPotion"},{"floor":41,"key":"EntropicBrew"},{"floor":46,"key":"SkillPotion"}],"is_trial":true,"path_per_floor":["M","?","$","M","?","R","E","M","T","E","E","R","M","M","R","B",null,"M","M","T","M","M","E","R","T","T","E","$","E","$","E","R","B",null,"M","T","M","M","M","$","E","R","T","T","M","M","$","M","R","B",null],"character_chosen":"IRONCLAD","items_purchased":["OrangePellets","Corruption+1","Strawberry","Mango","Power Through","Frozen Eye","Dual Wield","EntropicBrew","Membership Card","Juggernaut+1","Pen Nib","Uppercut+1","Immolate+1","Finesse","AttackPotion","PreservedInsect","Bird Faced Urn","Chemical X","Spot Weakness","Dramatic Entrance+1","Finesse","Blood for Blood+1"],"campfire_rested":1,"item_purchase_floors":[3,28,28,28,28,28,28,28,30,40,40,40,40,40,40,47,47,47,47,47,47,47],"current_hp_per_floor":[80,64,64,66,66,66,42,50,50,32,24,48,51,42,42,38,80,69,77,77,80,73,80,80,80,80,73,99,106,106,106,106,62,106,96,96,69,77,72,72,80,80,80,80,50,74,74,95,95,58],"gold":67,"neow_bonus":"","is_daily":false,"chose_seed":false,"campfire_upgraded":6,"win_rate":0.0,"timestamp":1613763365,"path_taken":["M","?","$","M","?","R","E","M","T","?","E","R","M","M","R","BOSS","M","?","?","M","M","E","R","?","T","?","$","?","?","E","R","BOSS","M","?","M","?","?","?","E","R","T","?","M","M","$","M","R","BOSS"],"items_purchased_type":["Relic","Card","Relic","Relic","Card","Relic","Card","Potion","Relic","Card","Relic","Card","Card","Card","Potion","Relic","Relic","Relic","Card","Card","Card","Card"],"build_version":"2020-12-22","purchased_purges":0,"victory":true,"max_hp_per_floor":[80,80,80,80,80,80,80,80,80,80,80,80,80,80,80,80,80,80,80,80,80,80,80,80,80,80,80,106,106,106,106,106,106,106,106,106,106,106,106,106,106,106,106,106,106,108,108,110,110,110],"relic_stats":{"Gremlin Horn":[36,36],"Singing Bowl":4,"counters":[27,146],"CeramicFish":171,"Pen Nib":[3],"PreservedInsect":0,"Bag of Preparation":[20],"Cursed Key":6,"Burning Blood":149,"Blood Vial":38,"OrangePellets":[8],"Centennial Puzzle":[51],"Bird Faced Urn":[20],"Tiny Chest":3,"Art of War":[4],"Chemical X":[1],"obtain_stats":[{"Gremlin Horn":23,"Singing Bowl":36,"CeramicFish":29,"Mango":28,"Bag of Preparation":31,"Cursed Key":17,"Burning Blood":0,"Old Coin":27,"Blood Vial":5,"Frozen Eye":28,"Centennial Puzzle":7,"Strawberry":28,"Tiny Chest":9,"Philosopher\u0027s Stone":34,"Chemical X":47,"Pen Nib":40,"The Courier":43,"PreservedInsect":47,"Omamori":11,"Frozen Egg 2":25,"OrangePellets":3,"Anchor":20,"Bird Faced Urn":47,"Molten Egg 2":26,"Art of War":41,"Membership Card":30,"StrikeDummy":10,"Toy Ornithopter":44},{"Gremlin Horn":14,"Singing Bowl":19,"CeramicFish":16,"Mango":15,"Bag of Preparation":17,"Cursed Key":9,"Burning Blood":0,"Old Coin":15,"Blood Vial":2,"Frozen Eye":15,"Centennial Puzzle":3,"Strawberry":15,"Tiny Chest":4,"Philosopher\u0027s Stone":18,"Chemical X":25,"Pen Nib":22,"The Courier":23,"PreservedInsect":25,"Omamori":6,"Frozen Egg 2":14,"OrangePellets":1,"Anchor":11,"Bird Faced Urn":25,"Molten Egg 2":14,"Art of War":23,"Membership Card":16,"StrikeDummy":5,"Toy Ornithopter":23},{"Gremlin Horn":65,"Singing Bowl":105,"CeramicFish":79,"Mango":72,"Bag of Preparation":84,"Cursed Key":43,"Burning Blood":0,"Old Coin":72,"Blood Vial":8,"Frozen Eye":72,"Centennial Puzzle":13,"Strawberry":72,"Tiny Chest":18,"Philosopher\u0027s Stone":98,"Chemical X":133,"Pen Nib":119,"The Courier":124,"PreservedInsect":133,"Omamori":27,"Frozen Egg 2":65,"OrangePellets":4,"Anchor":50,"Bird Faced Urn":133,"Molten Egg 2":65,"Art of War":124,"Membership Card":79,"StrikeDummy":24,"Toy Ornithopter":124}],"Toy Ornithopter":30},"card_choices":[{"not_picked":["Anger","Dark Embrace","Clash"],"picked":"SKIP","floor":1},{"not_picked":["Clash","Flex"],"picked":"Whirlwind","floor":4},{"not_picked":["Armaments","Demon Form"],"picked":"Flex","floor":7},{"not_picked":["Flex","Twin Strike","Anger"],"picked":"SKIP","floor":8},{"not_picked":["Havoc","Feel No Pain","Combust"],"picked":"SKIP","floor":10},{"not_picked":["Rampage","Flex"],"picked":"Headbutt","floor":11},{"not_picked":["Pummel","Warcry"],"picked":"Thunderclap","floor":13},{"not_picked":["Flex","Body Slam"],"picked":"Shockwave","floor":14},{"not_picked":["Exhume","Reaper"],"picked":"Impervious","floor":16},{"not_picked":["Clothesline","Pommel Strike"],"picked":"Shrug It Off","floor":18},{"not_picked":["Warcry+1","Sever Soul+1"],"picked":"Armaments+1","floor":19},{"not_picked":["Warcry","Feel No Pain"],"picked":"Armaments+1","floor":21},{"not_picked":["Sentinel","Body Slam"],"picked":"True Grit","floor":22},{"not_picked":["Berserk","Twin Strike+1"],"picked":"Shockwave","floor":23},{"not_picked":["Cleave+1","Dual Wield","Rampage+1"],"picked":"SKIP","floor":27},{"not_picked":["Reckless Charge+1","Flex","Shockwave"],"picked":"SKIP","floor":29},{"not_picked":["Twin Strike+1","Limit Break"],"picked":"Shrug It Off","floor":31},{"not_picked":["Brutality+1","Bludgeon+1"],"picked":"Fiend Fire+1","floor":33},{"not_picked":["Rage","Searing Blow+1"],"picked":"Havoc","floor":35},{"not_picked":["Pummel+1","Headbutt+1"],"picked":"Dark Embrace+1","floor":37},{"not_picked":["Cleave+1","Iron Wave+1"],"picked":"Intimidate+1","floor":38},{"not_picked":["Clothesline+1","Intimidate"],"picked":"Dark Embrace+1","floor":39},{"not_picked":["Dark Embrace+1","Sword Boomerang+1"],"picked":"Evolve+1","floor":41},{"not_picked":["Inflame+1","Dark Embrace+1"],"picked":"Disarm+1","floor":45},{"not_picked":["Warcry","Anger+1","Perfected Strike+1"],"picked":"Singing Bowl","floor":46},{"not_picked":["Blood for Blood+1","Berserk+1","Thunderclap+1"],"picked":"Singing Bowl","floor":48}],"player_experience":1493165,"relics_obtained":[{"floor":7,"key":"Centennial Puzzle"},{"floor":9,"key":"Tiny Chest"},{"floor":10,"key":"StrikeDummy"},{"floor":11,"key":"Omamori"},{"floor":20,"key":"Anchor"},{"floor":23,"key":"Gremlin Horn"},{"floor":25,"key":"Frozen Egg 2"},{"floor":26,"key":"Molten Egg 2"},{"floor":27,"key":"Old Coin"},{"floor":29,"key":"CeramicFish"},{"floor":31,"key":"Bag of Preparation"},{"floor":36,"key":"Singing Bowl"},{"floor":41,"key":"Art of War"},{"floor":43,"key":"The Courier"},{"floor":44,"key":"Toy Ornithopter"}],"event_choices":[{"damage_healed":0,"gold_gain":0,"player_choice":"Entered Light","damage_taken":16,"max_hp_gain":0,"max_hp_loss":0,"event_name":"Shining Light","floor":2,"gold_loss":0,"cards_upgraded":["Bash","Strike_R"]},{"cards_removed":["The Bomb"],"damage_healed":0,"gold_gain":0,"player_choice":"Gave Card","damage_taken":0,"relics_obtained":["Blood Vial"],"max_hp_gain":0,"max_hp_loss":0,"event_name":"WeMeetAgain","floor":5,"gold_loss":0}],"is_beta":false,"boss_relics":[{"not_picked":["Tiny House","SacredBark"],"picked":"Cursed Key"},{"not_picked":["Coffee Dripper","Empty Cage"],"picked":"Philosopher\u0027s Stone"}],"items_purged_floors":[],"is_endless":false,"potions_floor_spawned":[4,7,11,19,21,22,23,33,37,41,45,46],"ascension_level":0}}