{"host":"lqrb1yojfbnm12si","time":1613778147,"event":{"mods":["A Penny For Your Troubles","AchievementEnabler","BaseMod","Bestiary","Better Third Choice","Block Reminder","Colored Map","Hermit","Keyboard Shortcuts","Minty Spire (QoL Compilation)","Shapeshifter Mod","StSLib"],"gold_per_floor":[115,115,130,61,61,96,96,127,127,137,137,137,170,187,187,286,286,296,296,313,313,16,48,66,98,147,164,89,364,364,128,128,227,227,246,264,0,15,65,65,83,114,114,114,125,125,139,157,157,167],"floor_reached":51,"language":"ENG","playtime":4650,"items_purged":[],"score":985,"play_id":"6202bfc9-c54c-4c10-94d4-002af13ae89a","local_time":"20210220004227","daily_mods":["Heirloom","Cursed Run"],"is_ascension_mode":false,"campfire_choices":[{"data":"hermit:ShadowCloak","floor":11,"key":"SMITH"},{"floor":15,"key":"REST"},{"floor":30,"key":"REST"},{"floor":32,"key":"REST"},{"floor":44,"key":"REST"},{"floor":46,"key":"REST"},{"floor":49,"key":"REST"}],"circlet_count":0,"master_deck":["hermit:Strike_Hermit","hermit:Strike_Hermit","hermit:Strike_Hermit","hermit:Strike_Hermit","hermit:Defend_Hermit","hermit:Defend_Hermit","hermit:Defend_Hermit","hermit:Defend_Hermit","hermit:Snapshot","hermit:Brawl","hermit:Dive","hermit:ShadowCloak+1","Apotheosis+1","hermit:TakeAim","Regret","hermit:ShadowCloak","hermit:Manifest+1","Doubt","hermit:Gambit","hermit:Manifest","hermit:Maintenance","Shame","Regret","Sadistic Nature","Shame","hermit:FinalCanter","hermit:Manifest","Writhe","Doubt","hermit:Manifest+1","hermit:Scavenge+1"],"relics":["Cursed Key","Darkstone Periapt","Du-Vu Doll","Thread and Needle","Juzu Bracelet","FossilizedHelix","Bottled Lightning","Unceasing Top","SacredBark","MutagenicStrength","Turnip","Vajra","hermit:Spyglass","War Paint","Membership Card","Fusion Hammer","Red Mask","StoneCalendar","Oddly Smooth Stone","Blue Candle"],"acts_visited":["Exordium","TheCity","TheBeyond"],"potions_floor_usage":[45,50],"damage_taken":[{"damage":0,"enemies":"Small Slimes","floor":1,"turns":3},{"damage":0,"enemies":"Cultist","floor":3,"turns":3},{"damage":3,"enemies":"Gremlin Nob","floor":6,"turns":4},{"damage":0,"enemies":"Lagavulin","floor":8,"turns":6},{"damage":0,"enemies":"Jaw Worm","floor":10,"turns":3},{"damage":3,"enemies":"Gremlin Nob","floor":13,"turns":4},{"damage":4,"enemies":"Gremlin Gang","floor":14,"turns":5},{"damage":5,"enemies":"Slime Boss","floor":16,"turns":10},{"damage":0,"enemies":"Spheric Guardian","floor":18,"turns":5},{"damage":0,"enemies":"2 Thieves","floor":20,"turns":5},{"damage":8,"enemies":"Gremlin Leader","floor":23,"turns":8},{"damage":0,"enemies":"Snake Plant","floor":24,"turns":5},{"damage":30,"enemies":"Slavers","floor":25,"turns":6},{"damage":5,"enemies":"3 Cultists","floor":27,"turns":7},{"damage":47,"enemies":"Automaton","floor":33,"turns":12},{"damage":3,"enemies":"3 Darklings","floor":35,"turns":6},{"damage":0,"enemies":"Orb Walker","floor":36,"turns":2},{"damage":6,"enemies":"Sphere and 2 Shapes","floor":38,"turns":5},{"damage":9,"enemies":"Mind Bloom Boss Battle","floor":39,"turns":8},{"damage":29,"enemies":"3 Darklings","floor":41,"turns":7},{"damage":47,"enemies":"Giant Head","floor":42,"turns":11},{"damage":5,"enemies":"Transient","floor":45,"turns":5},{"damage":29,"enemies":"Spire Growth","floor":47,"turns":6},{"damage":22,"enemies":"Jaw Worm Horde","floor":48,"turns":6},{"damage":35,"enemies":"Time Eater","floor":50,"turns":16}],"seed_played":"6065244241587307452","potions_obtained":[{"floor":1,"key":"hermit:Eclipse"},{"floor":3,"key":"DuplicationPotion"},{"floor":10,"key":"EssenceOfSteel"},{"floor":18,"key":"hermit:Tonic"},{"floor":47,"key":"Weak Potion"}],"is_trial":true,"path_per_floor":["M","$","M","$","?","E","$","E","T","M","R","?","E","M","R","B",null,"M","?","M","?","$","E","M","E","T","M","?","?","R","$","R","B",null,"M","M","?","M","?","?","M","E","T","R","M","R","M","M","R","B",null],"character_chosen":"HERMIT","items_purchased":["hermit:ShadowCloak","Turnip","Membership Card","Sadistic Nature"],"campfire_rested":6,"item_purchase_floors":[4,22,31,31],"current_hp_per_floor":[75,75,75,75,75,72,72,72,78,78,78,78,75,71,81,82,87,87,87,87,87,87,79,79,49,55,50,50,56,85,85,99,58,105,102,102,102,96,87,111,82,35,41,76,71,106,77,55,90,55],"gold":167,"neow_bonus":"","is_daily":false,"chose_seed":false,"campfire_upgraded":1,"win_rate":0.0,"timestamp":1613778147,"path_taken":["M","$","M","$","?","E","$","E","T","M","R","?","E","M","R","BOSS","M","?","M","?","$","E","M","E","T","M","?","?","R","?","R","BOSS","M","M","?","M","?","?","M","E","T","R","M","R","M","M","R","BOSS"],"items_purchased_type":["Card","Relic","Relic","Card"],"build_version":"2020-12-22","purchased_purges":0,"victory":true,"max_hp_per_floor":[75,75,75,75,75,75,75,75,81,81,81,81,81,81,81,87,87,87,87,87,87,87,87,87,87,93,93,93,99,99,99,99,105,105,105,105,105,105,105,111,111,111,117,117,117,117,117,117,117,117],"card_choices":[{"not_picked":["hermit:Combo","hermit:WideOpen"],"picked":"hermit:Brawl","floor":1},{"not_picked":["hermit:FlashPowder","hermit:Quickdraw"],"picked":"hermit:Dive","floor":3},{"not_picked":["hermit:FullyLoaded","hermit:TrackingShot","hermit:Showdown"],"picked":"SKIP","floor":6},{"not_picked":["hermit:FullyLoaded","hermit:HoleUp"],"picked":"hermit:TakeAim","floor":8},{"not_picked":["hermit:EyeOfTheStorm","hermit:FlashPowder","hermit:Desperado"],"picked":"SKIP","floor":10},{"not_picked":["hermit:Spite","hermit:Adapt"],"picked":"hermit:ShadowCloak","floor":13},{"not_picked":["hermit:Headshot","hermit:Desperado"],"picked":"hermit:Manifest","floor":14},{"not_picked":["hermit:RoundhouseKick","hermit:Purgatory"],"picked":"hermit:Gambit","floor":16},{"not_picked":["hermit:Roulette+1","hermit:BodyArmor+1","hermit:HoleUp"],"picked":"SKIP","floor":18},{"not_picked":["hermit:Desperado","hermit:Vantage+1"],"picked":"hermit:Manifest","floor":20},{"not_picked":["hermit:LuckOfTheDraw","hermit:WideOpen","hermit:Horror+1"],"picked":"SKIP","floor":23},{"not_picked":["hermit:Spite","hermit:FullyLoaded","hermit:EyeOfTheStorm"],"picked":"SKIP","floor":24},{"not_picked":["hermit:HighCaliber","hermit:Feint"],"picked":"hermit:Maintenance","floor":25},{"not_picked":["hermit:BodyArmor","hermit:Desperado","hermit:Gestalt"],"picked":"SKIP","floor":27},{"not_picked":["hermit:FromBeyond","hermit:BlackWind"],"picked":"hermit:FinalCanter","floor":33},{"not_picked":["hermit:LuckOfTheDraw+1","hermit:Vantage+1","hermit:Showdown"],"picked":"SKIP","floor":35},{"not_picked":["hermit:CursedWeapon","hermit:Horror+1","hermit:WideOpen+1"],"picked":"SKIP","floor":36},{"not_picked":["hermit:ItchyTrigger+1","hermit:LowProfile+1"],"picked":"hermit:Manifest","floor":38},{"not_picked":["hermit:DeadMansHand+1","hermit:WideOpen+1","hermit:Ricochet+1"],"picked":"SKIP","floor":41},{"not_picked":["hermit:CalledShot+1","hermit:Vantage+1","hermit:Quickdraw"],"picked":"SKIP","floor":42},{"not_picked":["hermit:Vantage+1","hermit:Ricochet+1"],"picked":"hermit:Manifest+1","floor":45},{"not_picked":["hermit:LowProfile","hermit:HighCaliber"],"picked":"hermit:Scavenge+1","floor":47},{"not_picked":["hermit:Malice","hermit:Coalescence","hermit:FullyLoaded"],"picked":"SKIP","floor":48}],"player_experience":107777,"relics_obtained":[{"floor":6,"key":"Juzu Bracelet"},{"floor":8,"key":"FossilizedHelix"},{"floor":9,"key":"Bottled Lightning"},{"floor":13,"key":"Unceasing Top"},{"floor":23,"key":"Vajra"},{"floor":25,"key":"hermit:Spyglass"},{"floor":26,"key":"War Paint"},{"floor":39,"key":"StoneCalendar"},{"floor":42,"key":"Oddly Smooth Stone"},{"floor":43,"key":"Blue Candle"}],"event_choices":[{"damage_healed":75,"gold_gain":0,"player_choice":"Embrace","damage_taken":0,"max_hp_gain":0,"max_hp_loss":75,"event_name":"betterThird:BetterShining","floor":5,"gold_loss":0},{"damage_healed":0,"gold_gain":0,"player_choice":"Ignored","damage_taken":0,"max_hp_gain":0,"max_hp_loss":0,"event_name":"Fountain of Cleansing","floor":12,"gold_loss":0},{"damage_healed":0,"gold_gain":0,"player_choice":"Inject Mutagens","damage_taken":0,"relics_obtained":["MutagenicStrength"],"max_hp_gain":0,"max_hp_loss":0,"event_name":"Drug Dealer","floor":19,"gold_loss":0},{"damage_healed":0,"gold_gain":0,"player_choice":"Ignored","damage_taken":0,"max_hp_gain":0,"max_hp_loss":0,"event_name":"Transmorgrifier","floor":21,"gold_loss":0},{"cards_removed":["hermit:Covet"],"damage_healed":0,"gold_gain":0,"player_choice":"Gave Gold","damage_taken":0,"max_hp_gain":0,"max_hp_loss":0,"event_name":"Beggar","floor":28,"gold_loss":75},{"damage_healed":0,"gold_gain":275,"player_choice":"Desecrate","damage_taken":0,"max_hp_gain":0,"max_hp_loss":0,"event_name":"Golden Shrine","floor":29,"gold_loss":0,"cards_obtained":["Regret"]},{"damage_healed":0,"gold_gain":0,"player_choice":"Paid","damage_taken":0,"relics_obtained":["Red Mask"],"max_hp_gain":0,"max_hp_loss":0,"event_name":"Tomb of Lord Red Mask","floor":37,"gold_loss":264},{"damage_healed":0,"gold_gain":0,"player_choice":"Fight","damage_taken":0,"max_hp_gain":0,"max_hp_loss":0,"event_name":"MindBloom","floor":39,"gold_loss":0},{"damage_healed":26,"gold_gain":0,"player_choice":"Writhe","damage_taken":0,"max_hp_gain":0,"max_hp_loss":0,"event_name":"Winding Halls","floor":40,"gold_loss":0,"cards_obtained":["Writhe"]}],"is_beta":false,"boss_relics":[{"not_picked":["Runic Pyramid","Coffee Dripper"],"picked":"SacredBark"},{"not_picked":["Runic Dome","Tiny House"],"picked":"Fusion Hammer"}],"items_purged_floors":[],"is_endless":false,"potions_floor_spawned":[1,3,10,18,20,24,25,35,38,47,48],"ascension_level":0}}