{"host":"msmkw03x1o7nq45i","time":1613778783,"event":{"mods":["AchievementEnabler","BaseMod","Bestiary","Colored Powertips","GifTheSpireLib","Highlight Path","Minty Spire (QoL Compilation)","Random Character Button","Relic Stats","StSLib","everything is the same but u backflip on backflip"],"gold_per_floor":[116,116,126,136,136,136,163,176,176,195,228,228,253,98,98,170,170,170,170,170,170,170,170,170,170,170,170,95,95,95,95,95,95,95],"floor_reached":33,"language":"ENG","playtime":2523,"items_purged":["Strike_R"],"score":561,"play_id":"8af9cb09-558f-4623-bdc6-1afa6c815561","local_time":"20210220015303","is_ascension_mode":true,"campfire_choices":[{"data":"Hemokinesis","floor":6,"key":"SMITH"},{"data":"Shockwave","floor":12,"key":"SMITH"},{"data":"Rupture","floor":15,"key":"SMITH"},{"data":"Fiend Fire","floor":23,"key":"SMITH"},{"data":"Battle Trance","floor":25,"key":"SMITH"},{"data":"Shrug It Off","floor":32,"key":"SMITH"}],"circlet_count":0,"master_deck":["AscendersBane","Strike_R+1","Strike_R+1","Strike_R+1","Defend_R+1","Defend_R+1","Defend_R+1","Defend_R+1","Bash+1","Violence","Shockwave+1","Wild Strike","Hemokinesis+1","Anger","Ghostly Armor","Rupture+1","Fiend Fire+1","Shrug It Off+1","Battle Trance+1","Burning Pact","Dropkick"],"relics":["Burning Blood","Darkstone Periapt","Pocketwatch","Du-Vu Doll","Odd Mushroom","Ectoplasm","InkBottle","Bottled Lightning","Letter Opener","Frozen Egg 2"],"acts_visited":["Exordium","TheCity"],"potions_floor_usage":[7,11,16,18,24,27,33],"damage_taken":[{"damage":4,"enemies":"Small Slimes","floor":1,"turns":4},{"damage":5,"enemies":"Cultist","floor":3,"turns":5},{"damage":9,"enemies":"Jaw Worm","floor":4,"turns":5},{"damage":12,"enemies":"Gremlin Nob","floor":7,"turns":3},{"damage":11,"enemies":"Red Slaver","floor":8,"turns":2},{"damage":13,"enemies":"Exordium Thugs","floor":10,"turns":3},{"damage":30,"enemies":"3 Sentries","floor":11,"turns":8},{"damage":10,"enemies":"The Mushroom Lair","floor":13,"turns":3},{"damage":16,"enemies":"The Guardian","floor":16,"turns":11},{"damage":24,"enemies":"Spheric Guardian","floor":18,"turns":5},{"damage":11,"enemies":"Chosen","floor":19,"turns":3},{"damage":6,"enemies":"Shelled Parasite and Fungi","floor":21,"turns":3},{"damage":10,"enemies":"Book of Stabbing","floor":24,"turns":2},{"damage":16,"enemies":"Slavers","floor":27,"turns":4},{"damage":0,"enemies":"Snecko","floor":29,"turns":2},{"damage":0,"enemies":"Centurion and Healer","floor":31,"turns":3},{"damage":45,"enemies":"Collector","floor":33,"turns":14}],"seed_played":"7037610785677369636","potions_obtained":[{"floor":1,"key":"GamblersBrew"},{"floor":4,"key":"Swift Potion"},{"floor":8,"key":"Dexterity Potion"},{"floor":13,"key":"Strength Potion"},{"floor":16,"key":"Regen Potion"},{"floor":19,"key":"Explosive Potion"},{"floor":29,"key":"Dexterity Potion"}],"is_trial":false,"path_per_floor":["M","?","M","M","?","R","E","M","T","M","E","R","?","$","R","B",null,"M","M","?","M","T","R","E","R","T","E","?","M","?","M","R","B"],"character_chosen":"IRONCLAD","items_purchased":["Rupture"],"campfire_rested":0,"item_purchase_floors":[14],"current_hp_per_floor":[68,68,68,65,70,70,64,59,59,52,28,28,24,24,24,14,58,49,44,44,44,44,44,40,40,40,30,30,36,36,42,42,0,0],"gold":95,"neow_bonus":"RANDOM_COLORLESS_2","is_daily":false,"chose_seed":false,"campfire_upgraded":6,"win_rate":0.0,"timestamp":1613778783,"path_taken":["M","?","M","?","?","R","E","M","T","M","E","R","?","$","R","BOSS","M","M","?","?","?","R","E","R","T","E","?","M","?","M","R","BOSS"],"items_purchased_type":["Card"],"build_version":"2020-12-22","purchased_purges":1,"victory":false,"max_hp_per_floor":[68,68,68,68,73,73,73,73,73,73,73,73,73,73,73,73,73,73,73,73,73,73,73,73,73,73,73,73,73,73,73,73,73,73],"relic_stats":{"Darkstone Periapt":0,"counters":[17,80],"Ectoplasm":138,"Letter Opener":[120],"obtain_stats":[{"Darkstone Periapt":7,"Du-Vu Doll":11,"Ectoplasm":17,"Bottled Lightning":24,"Letter Opener":26,"Odd Mushroom":13,"Frozen Egg 2":27,"Burning Blood":0,"InkBottle":22,"Pocketwatch":9},{"Darkstone Periapt":4,"Du-Vu Doll":7,"Ectoplasm":9,"Bottled Lightning":13,"Letter Opener":13,"Odd Mushroom":8,"Frozen Egg 2":14,"Burning Blood":0,"InkBottle":12,"Pocketwatch":5},{"Darkstone Periapt":17,"Du-Vu Doll":30,"Ectoplasm":44,"Bottled Lightning":57,"Letter Opener":57,"Odd Mushroom":33,"Frozen Egg 2":61,"Burning Blood":0,"InkBottle":55,"Pocketwatch":19}],"Burning Blood":93,"InkBottle":[5],"Pocketwatch":[96]},"card_choices":[{"not_picked":["Secret Weapon","Panache"],"picked":"Violence","floor":0},{"not_picked":["Clothesline","Body Slam"],"picked":"Shockwave","floor":1},{"not_picked":["Fire Breathing","Seeing Red"],"picked":"Wild Strike","floor":3},{"not_picked":["Ghostly Armor","Perfected Strike"],"picked":"Hemokinesis","floor":4},{"not_picked":["Thunderclap","Combust","Pummel"],"picked":"SKIP","floor":7},{"not_picked":["Sword Boomerang","Havoc"],"picked":"Anger","floor":8},{"not_picked":["Perfected Strike","Infernal Blade","Body Slam"],"picked":"SKIP","floor":10},{"not_picked":["Clash","Anger","Thunderclap"],"picked":"SKIP","floor":11},{"not_picked":["Body Slam","Armaments"],"picked":"Ghostly Armor","floor":13},{"not_picked":["Double Tap","Juggernaut"],"picked":"Fiend Fire","floor":16},{"not_picked":["Reckless Charge","Iron Wave"],"picked":"Shrug It Off","floor":18},{"not_picked":["Clothesline","Headbutt","Havoc"],"picked":"SKIP","floor":19},{"not_picked":["Uppercut","Havoc"],"picked":"Battle Trance","floor":21},{"not_picked":["Flex","Thunderclap","Fiend Fire"],"picked":"SKIP","floor":24},{"not_picked":["Juggernaut+1","Clash"],"picked":"Burning Pact","floor":27},{"not_picked":["Rupture+1","Armaments","Twin Strike"],"picked":"SKIP","floor":29},{"not_picked":["Warcry","Intimidate"],"picked":"Dropkick","floor":31}],"player_experience":560326,"relics_obtained":[{"floor":7,"key":"Darkstone Periapt"},{"floor":9,"key":"Pocketwatch"},{"floor":11,"key":"Du-Vu Doll"},{"floor":13,"key":"Odd Mushroom"},{"floor":22,"key":"InkBottle"},{"floor":24,"key":"Bottled Lightning"},{"floor":26,"key":"Letter Opener"},{"floor":27,"key":"Frozen Egg 2"}],"event_choices":[{"damage_healed":0,"gold_gain":0,"player_choice":"Upgraded","damage_taken":0,"max_hp_gain":0,"max_hp_loss":0,"event_name":"Upgrade Shrine","floor":2,"gold_loss":0,"cards_upgraded":["Bash"]},{"damage_healed":0,"gold_gain":0,"player_choice":"Donut","damage_taken":0,"max_hp_gain":5,"max_hp_loss":0,"event_name":"Big Fish","floor":5,"gold_loss":0},{"damage_healed":0,"gold_gain":0,"player_choice":"Fought Mushrooms","damage_taken":0,"max_hp_gain":0,"max_hp_loss":0,"event_name":"Mushrooms","floor":13,"gold_loss":0},{"damage_healed":0,"gold_gain":0,"player_choice":"Leave","damage_taken":0,"max_hp_gain":0,"max_hp_loss":0,"event_name":"FaceTrader","floor":20,"gold_loss":0},{"cards_removed":["Strike_R"],"damage_healed":0,"gold_gain":0,"player_choice":"Gave Gold","damage_taken":0,"max_hp_gain":0,"max_hp_loss":0,"event_name":"Beggar","floor":28,"gold_loss":75},{"damage_healed":0,"gold_gain":0,"player_choice":"Simplicity","damage_taken":0,"max_hp_gain":0,"max_hp_loss":0,"event_name":"Back to Basics","floor":30,"gold_loss":0,"cards_upgraded":["Strike_R","Strike_R","Strike_R","Defend_R","Defend_R","Defend_R","Defend_R"]}],"is_beta":false,"boss_relics":[{"not_picked":["Runic Cube","Philosopher\u0027s Stone"],"picked":"Ectoplasm"}],"items_purged_floors":[14],"is_endless":false,"potions_floor_spawned":[1,4,8,13,16,19,29],"killed_by":"Collector","ascension_level":18}}