{"host":"dscols65uipasqd2","time":1613773304,"event":{"mods":["2.2 Compatiblity","AchievementEnabler","Aspiration","BaseMod","Colored Powertips","Downfall","Energized Spire","GifTheSpireLib","Hermit","Hubris","Infinite Spire","Jorbs\u0027s Wanderer Trilogy","Minty Spire (QoL Compilation)","Rare Cards Sparkle","Relic Stats","Replay The Spire","Robot Space Explorer","Shade Mod","StSLib","Stuff the Spire","The Blue Laboratory","The Cursed","The Disciple","The Forsaken","The Hierophant","The Judge","The Jungle","The Mystic","The Runesmith","TheFirefly","Wandering Minibosses"],"gold_per_floor":[99,112,112,287,303,303,303,103,119,148,148,598,598,628,641,744,744,744,760,810,816,816,816],"floor_reached":21,"language":"ENG","playtime":1581,"items_purged":[],"score":336,"play_id":"18e91f52-68fb-4cff-b298-60a9265babec","local_time":"20210219172144","is_ascension_mode":true,"campfire_choices":[{"floor":1,"key":"RECALL"},{"floor":8,"key":"REST"},{"floor":11,"key":"REST"},{"data":"ReplayTheSpireMod:Book of Names","floor":13,"key":"SMITH"},{"floor":18,"key":"DIG"}],"circlet_count":0,"master_deck":["sneckomod:Strike","sneckomod:Strike","sneckomod:Defend","sneckomod:Defend","sneckomod:Defend","sneckomod:TailWhip","sneckomod:SnekBite","sneckomod:Unknown","sneckomod:Unknown","sneckomod:WideSting","Doubt","sneckomod:DiceBlock","hubris:Compulsion","downfall:Aged","ReplayTheSpireMod:Book of Names+1","sneckomod:IronFang","sneckomod:UnknownColorless","downfall:Icky","downfall:Icky","downfall:Icky","sneckomod:UnknownColorless","sneckomod:UnknownRareAttack","sneckomod:QuickMove+1","Languid"],"relics":["sneckomod:SneckoSoul","downfall:HeartBlessingRed","downfall:HeartBlessingBlue","Toy Ornithopter","Gremlin Food","hubris:ScarierMask","Toxic Egg 2","Ring of Panic","Ring of Greed","Replay:Bandana","The Courier"],"acts_visited":["Exordium","TheCity"],"potions_floor_usage":[10,10,10,16],"damage_taken":[{"damage":10,"enemies":"2 Louse","floor":2,"turns":2},{"damage":15,"enemies":"Jaw Worm","floor":5,"turns":4},{"damage":0,"enemies":"Small Slimes","floor":9,"turns":2},{"damage":10,"enemies":"Lagavulin","floor":10,"turns":5},{"damage":9,"enemies":"3 Louse","floor":15,"turns":3},{"damage":60,"enemies":"DF_ARCHETYPE_STREAMLINE","floor":16,"turns":11},{"damage":58,"enemies":"Shell Parasite","floor":19,"turns":9},{"damage":43,"enemies":"3 Byrds","floor":21,"turns":5}],"seed_played":"-4425627146734278350","potions_obtained":[{"floor":0,"key":"Strength Potion"},{"floor":0,"key":"Flashbang"},{"floor":0,"key":"blueLaboratory:CorrosionFlask"},{"floor":2,"key":"PowerPotion"},{"floor":10,"key":"blueLaboratory:FruitPunch"}],"is_trial":false,"path_per_floor":["R","M","?","?","M","?","T","R","M","E","R","?","R","?","M","B",null,"R","M","?","M"],"character_chosen":"THE_SNECKO","items_purchased":[],"campfire_rested":2,"item_purchase_floors":[],"current_hp_per_floor":[81,71,71,71,56,56,56,96,96,86,100,100,100,100,91,38,86,86,28,28,0,0,0],"gold":816,"neow_bonus":"THREE_SMALL_POTIONS","is_daily":false,"chose_seed":false,"campfire_upgraded":1,"win_rate":0.0,"timestamp":1613773304,"path_taken":["R","M","?","?","M","?","T","R","M","E","R","?","R","?","M","BOSS","R","M","?","M"],"items_purchased_type":[],"build_version":"2020-12-22","purchased_purges":0,"victory":false,"max_hp_per_floor":[90,90,90,90,90,90,90,100,100,100,100,100,100,100,100,102,102,102,102,102,102,102,102],"relic_stats":{"counters":[8,41],"obtain_stats":[{"Gremlin Food":14,"Replay:Bandana":20,"downfall:HeartBlessingRed":8,"downfall:HeartBlessingBlue":8,"hubris:ScarierMask":17,"The Courier":20,"Ring of Greed":20,"Toxic Egg 2":18,"Ring of Panic":20,"sneckomod:SneckoSoul":0,"Toy Ornithopter":10},{"Gremlin Food":4,"Replay:Bandana":7,"downfall:HeartBlessingRed":2,"downfall:HeartBlessingBlue":2,"hubris:ScarierMask":6,"The Courier":7,"Ring of Greed":7,"Toxic Egg 2":6,"Ring of Panic":7,"sneckomod:SneckoSoul":0,"Toy Ornithopter":4},{"Gremlin Food":13,"Replay:Bandana":36,"downfall:HeartBlessingRed":6,"downfall:HeartBlessingBlue":6,"hubris:ScarierMask":27,"The Courier":36,"Ring of Greed":36,"Toxic Egg 2":27,"Ring of Panic":36,"sneckomod:SneckoSoul":0,"Toy Ornithopter":13}],"Toy Ornithopter":5},"card_choices":[{"not_picked":["sneckomod:Nope","sneckomod:UnknownCommonSkill"],"picked":"sneckomod:WideSting","floor":2},{"not_picked":["sneckomod:QuickBite","sneckomod:SnekBeam"],"picked":"sneckomod:DiceBlock","floor":5},{"not_picked":["infinitespire:DeathsTouch","infinitespire:TheBestDefense"],"picked":"ReplayTheSpireMod:Book of Names","floor":6},{"not_picked":["sneckomod:Unknown1Cost","sneckomod:UnknownBlock"],"picked":"sneckomod:IronFang","floor":9},{"not_picked":["sneckomod:DiceBoulder","sneckomod:UnknownExhaust"],"picked":"sneckomod:UnknownColorless","floor":10},{"not_picked":["sneckomod:DiceCrush","sneckomod:Nope"],"picked":"sneckomod:UnknownColorless","floor":15},{"not_picked":["sneckomod:UnlimitedRolls","sneckomod:MorePower"],"picked":"sneckomod:UnknownRareAttack","floor":16},{"not_picked":["sneckomod:UnknownClassRUNESMITH_BEIGE+1","sneckomod:SerpentIdol+1"],"picked":"sneckomod:QuickMove+1","floor":19}],"player_experience":653325,"relics_obtained":[{"floor":10,"key":"Toy Ornithopter"},{"floor":18,"key":"Toxic Egg 2"},{"floor":20,"key":"Ring of Panic"},{"floor":20,"key":"Ring of Greed"},{"floor":20,"key":"Replay:Bandana"},{"floor":20,"key":"The Courier"}],"event_choices":[],"is_beta":false,"boss_relics":[{"not_picked":["hubris:Backtick","aspiration:FutureDiary"],"picked":"hubris:ScarierMask"}],"items_purged_floors":[],"is_endless":false,"potions_floor_spawned":[2,10],"killed_by":"3 Byrds","ascension_level":7}}