{"host":"4k1o517shm2ba6vh","time":1613756268,"event":{"mods":["AchievementEnabler","BaseMod","Downfall","Minty Spire (QoL Compilation)","Smile Girya","StSLib","everything is the same but u backflip on backflip"],"gold_per_floor":[119,133,144,154,165,200,217,242,242,242,242,242,277,64,64,162,162,175,194,194,209,229,229,229,258,258,288,301,301,318,233,233,338,338,356,366,366,366,384,384,3,3,76,95,95,121,121,121,121,121],"floor_reached":51,"language":"ENG","playtime":3463,"items_purged":[],"score":910,"play_id":"17b179d0-7ad8-4db4-b266-5bf608387f5b","local_time":"20210219113748","is_ascension_mode":true,"campfire_choices":[{"data":"Consume","floor":12.0,"key":"SMITH"},{"data":"Capacitor","floor":15.0,"key":"SMITH"},{"floor":24.0,"key":"REST"},{"floor":32.0,"key":"REST"},{"floor":40.0,"key":"REST"},{"data":"Echo Form","floor":42.0,"key":"SMITH"},{"data":"Consume","floor":45.0,"key":"SMITH"},{"data":"Blizzard","floor":49,"key":"SMITH"}],"circlet_count":0,"master_deck":["Strike_B+1","Strike_B+1","Strike_B+1","Defend_B+1","Defend_B+1","Defend_B+1","Defend_B+1","Zap","Dualcast","Cold Snap","Core Surge","Defragment+1","Chill","Chaos","Conserve Battery","Consume+1","Beam Cell+1","Capacitor+1","Cold Snap+1","Blizzard+1","Conserve Battery","Machine Learning","Genetic Algorithm","White Noise","Tempest","Seek","Steam+1","Echo Form+1","Hologram","Capacitor","Madness","Consume+1","Mayhem","Ball Lightning+1","Steam Power+1"],"relics":["Cracked Core","Happy Flower","Ornamental Fan","Letter Opener","Bottled Lightning","Sozu","Cables","Matryoshka","Girya","Gremlin Horn","Runic Dome","Runic Capacitor","Whetstone","Blue Candle","Pocketwatch"],"acts_visited":["Exordium","TheCity","TheBeyond"],"potions_floor_usage":[],"damage_taken":[{"damage":0.0,"enemies":"Cultist","floor":1.0,"turns":4.0},{"damage":0.0,"enemies":"Small Slimes","floor":2.0,"turns":2.0},{"damage":0.0,"enemies":"2 Louse","floor":3.0,"turns":2.0},{"damage":6.0,"enemies":"Blue Slaver","floor":4.0,"turns":3.0},{"damage":7.0,"enemies":"Large Slime","floor":5.0,"turns":4.0},{"damage":12.0,"enemies":"Lagavulin","floor":6.0,"turns":7.0},{"damage":5.0,"enemies":"2 Fungi Beasts","floor":7.0,"turns":4.0},{"damage":5.0,"enemies":"3 Sentries","floor":8.0,"turns":7.0},{"damage":0.0,"enemies":"Lagavulin","floor":13.0,"turns":6.0},{"damage":0.0,"enemies":"The Guardian","floor":16.0,"turns":9.0},{"damage":4.0,"enemies":"Shell Parasite","floor":18.0,"turns":6.0},{"damage":24.0,"enemies":"2 Thieves","floor":19.0,"turns":4.0},{"damage":3.0,"enemies":"Sentry and Sphere","floor":21.0,"turns":6.0},{"damage":6.0,"enemies":"Snecko","floor":22.0,"turns":6.0},{"damage":0.0,"enemies":"Slavers","floor":23.0,"turns":1.0},{"damage":19.0,"enemies":"Book of Stabbing","floor":25.0,"turns":6.0},{"damage":7.0,"enemies":"Slavers","floor":27.0,"turns":5.0},{"damage":15.0,"enemies":"Centurion and Healer","floor":28.0,"turns":4.0},{"damage":0.0,"enemies":"Chosen and Byrds","floor":30.0,"turns":6.0},{"damage":20.0,"enemies":"Collector","floor":33.0,"turns":10.0},{"damage":9.0,"enemies":"Orb Walker","floor":35.0,"turns":3.0},{"damage":3.0,"enemies":"3 Darklings","floor":36.0,"turns":4.0},{"damage":41.0,"enemies":"Jaw Worm Horde","floor":39.0,"turns":4.0},{"damage":0.0,"enemies":"Maw","floor":44.0,"turns":6.0},{"damage":19,"enemies":"Nemesis","floor":46,"turns":13},{"damage":58,"enemies":"Time Eater","floor":50,"turns":11}],"seed_played":"-8958270578014593340","potions_obtained":[{"floor":2.0,"key":"Fire Potion"},{"floor":5.0,"key":"SmokeBomb"},{"floor":7.0,"key":"PowerPotion"},{"floor":16.0,"key":"AttackPotion"}],"is_trial":false,"path_per_floor":["M","M","M","M","M","E","M","E","T","?","?","R","E","$","R","B",null,"M","M","?","M","M","E","R","E","T","E","M","?","M","?","R","B",null,"M","M","?","?","M","R","$","R","T","M","R","E","?","?","R","B",null],"character_chosen":"DEFECT","items_purchased":["Capacitor","Cold Snap","Blizzard","Conserve Battery","Runic Capacitor","Consume","Mayhem"],"campfire_rested":3,"item_purchase_floors":[14,14,14,14,41,41,41],"current_hp_per_floor":[75,75,75,69,62,50,45,40,40,65,65,65,65,65,65,65,75,71,47,33,30,24,24,48,29,29,22,7,7,7,7,31,11,80,71,68,68,68,27,51,51,51,51,51,51,32,32,70,70,12],"gold":121,"neow_bonus":"REMOVE_CARD","is_daily":false,"chose_seed":false,"campfire_upgraded":5,"win_rate":0.0,"timestamp":1613756268,"path_taken":["M","M","?","M","M","E","M","E","T","?","?","R","E","$","R","BOSS","M","M","?","M","M","E","R","E","T","E","M","?","M","?","R","BOSS","M","M","?","?","M","R","$","R","T","M","R","E","?","?","R","BOSS"],"items_purchased_type":["Card","Card","Card","Card","Relic","Card","Card"],"build_version":"2020-12-22","purchased_purges":0,"victory":true,"max_hp_per_floor":[75,75,75,75,75,75,75,75,75,75,75,75,75,75,75,75,75,75,75,80,80,80,80,80,80,80,80,80,80,80,80,80,80,80,80,80,80,80,80,80,80,80,80,80,80,80,80,70,70,70],"card_choices":[{"not_picked":["Gash","Conserve Battery"],"picked":"Cold Snap","floor":1.0},{"not_picked":["Sweeping Beam","Go for the Eyes","Redo"],"picked":"SKIP","floor":2.0},{"not_picked":["Coolheaded","Conserve Battery"],"picked":"Core Surge","floor":3.0},{"not_picked":["Double Energy","Consume"],"picked":"Defragment","floor":4.0},{"not_picked":["Beam Cell","Sweeping Beam"],"picked":"Chill","floor":5.0},{"not_picked":["Sweeping Beam","Aggregate"],"picked":"Chaos","floor":6.0},{"not_picked":["Sweeping Beam","Coolheaded"],"picked":"Conserve Battery","floor":7.0},{"not_picked":["BootSequence","Streamline"],"picked":"Consume","floor":8.0},{"not_picked":["Chill","Static Discharge"],"picked":"Beam Cell","floor":13.0},{"not_picked":["Thunder Strike","Reboot"],"picked":"Machine Learning","floor":16.0},{"not_picked":["Stack","Sunder"],"picked":"Genetic Algorithm","floor":18.0},{"not_picked":["Conserve Battery","Steam"],"picked":"White Noise","floor":19.0},{"not_picked":["Hologram","Coolheaded"],"picked":"Tempest","floor":21.0},{"not_picked":["Barrage+1","Auto Shields+1","Gash+1"],"picked":"SKIP","floor":22.0},{"not_picked":["Storm","Scrape"],"picked":"Seek","floor":25.0},{"not_picked":["Storm","Sunder"],"picked":"Compile Driver","floor":27.0},{"not_picked":["Sweeping Beam","Leap","Gash"],"picked":"SKIP","floor":28.0},{"not_picked":["Hologram+1","Melter+1"],"picked":"Steam+1","floor":30.0},{"not_picked":["Hyperbeam","Multi-Cast"],"picked":"Echo Form","floor":33.0},{"not_picked":["Conserve Battery+1","Steam"],"picked":"Hologram","floor":35.0},{"not_picked":["Reinforced Body","Heatsinks+1"],"picked":"Capacitor","floor":36.0},{"not_picked":["Discovery","Finesse"],"picked":"Madness","floor":37.0},{"not_picked":["Streamline+1","Consume+1","Stack"],"picked":"SKIP","floor":39.0},{"not_picked":["Streamline","Go for the Eyes+1"],"picked":"Ball Lightning+1","floor":44.0},{"not_picked":["Ball Lightning+1","Reboot"],"picked":"Steam Power+1","floor":46}],"player_experience":504187,"relics_obtained":[{"floor":6.0,"key":"Happy Flower"},{"floor":8.0,"key":"Ornamental Fan"},{"floor":9.0,"key":"Letter Opener"},{"floor":13.0,"key":"Bottled Lightning"},{"floor":25.0,"key":"Cables"},{"floor":26.0,"key":"Matryoshka"},{"floor":27.0,"key":"Girya"},{"floor":43.0,"key":"Whetstone"},{"floor":43.0,"key":"Blue Candle"},{"floor":46,"key":"Pocketwatch"}],"event_choices":[{"damage_healed":25.0,"max_hp_gain":0.0,"max_hp_loss":0.0,"gold_gain":0.0,"event_name":"Big Fish","player_choice":"Banana","floor":10.0,"gold_loss":0.0,"damage_taken":0.0},{"damage_healed":0.0,"max_hp_gain":0.0,"max_hp_loss":0.0,"gold_gain":0.0,"event_name":"Living Wall","player_choice":"Grow","floor":11.0,"gold_loss":0.0,"damage_taken":0.0,"cards_upgraded":["Defragment"]},{"damage_healed":0.0,"max_hp_gain":5.0,"max_hp_loss":0.0,"gold_gain":0.0,"event_name":"Forgotten Altar","player_choice":"Shed Blood","floor":20.0,"gold_loss":0.0,"damage_taken":19.0},{"damage_healed":0.0,"max_hp_gain":0.0,"max_hp_loss":0.0,"gold_gain":0.0,"event_name":"Back to Basics","player_choice":"Simplicity","floor":29.0,"gold_loss":0.0,"damage_taken":0.0,"cards_upgraded":["Strike_B","Strike_B","Strike_B","Defend_B","Defend_B","Defend_B","Defend_B"]},{"damage_healed":0.0,"max_hp_gain":0.0,"max_hp_loss":0.0,"gold_gain":0.0,"event_name":"Addict","player_choice":"Obtained Relic","floor":31.0,"gold_loss":85.0,"damage_taken":0.0,"relics_obtained":["Gremlin Horn"]},{"damage_healed":0.0,"max_hp_gain":0.0,"max_hp_loss":0.0,"gold_gain":0.0,"event_name":"SensoryStone","player_choice":"Memory 1","floor":37.0,"gold_loss":0.0,"damage_taken":0.0},{"cards_removed":["Compile Driver"],"damage_healed":0.0,"max_hp_gain":0.0,"max_hp_loss":0.0,"gold_gain":0.0,"event_name":"Falling","player_choice":"Removed Attack","floor":38.0,"gold_loss":0.0,"damage_taken":0.0},{"damage_healed":0,"gold_gain":0,"player_choice":"Ignored","damage_taken":0,"max_hp_gain":0,"max_hp_loss":0,"event_name":"Mysterious Sphere","floor":47,"gold_loss":0},{"damage_healed":70,"gold_gain":0,"player_choice":"Heal","damage_taken":0,"max_hp_gain":0,"max_hp_loss":10,"event_name":"The Moai Head","floor":48,"gold_loss":0}],"is_beta":false,"boss_relics":[{"not_picked":["Busted Crown","Empty Cage"],"picked":"Sozu"},{"not_picked":["FrozenCore","Calling Bell"],"picked":"Runic Dome"}],"items_purged_floors":[],"is_endless":false,"potions_floor_spawned":[2,5,7,16,19,23,25,30,33,39,44],"ascension_level":2}}