{"host":"ocllwaoi18j60ltd","time":1613711867,"event":{"mods":["BaseMod","DeckTracker","Minty Spire (QoL Compilation)","Permanent Neow","Quick Restart","StSLib","SuperFastMode"],"gold_per_floor":[111,126,139,157,170,170,205,205,284,327,377,377,410,429,438,524,524,535,544,46,96,120,120,135,135,135],"floor_reached":25,"language":"KOR","playtime":879,"items_purged":["Strike_B"],"score":446,"play_id":"30e38a35-cfcc-43d5-b401-8ead6600b3e4","local_time":"20210219141747","is_ascension_mode":true,"campfire_choices":[{"data":"Go for the Eyes","floor":6,"key":"SMITH"},{"data":"Genetic Algorithm","floor":8,"key":"SMITH"},{"floor":12,"key":"REST"},{"floor":15,"key":"REST"},{"data":"Turbo","floor":23,"key":"SMITH"}],"circlet_count":0,"master_deck":["AscendersBane","Strike_B","Strike_B","Defend_B","Defend_B","Defend_B","Zap","Dualcast","Genetic Algorithm+1","Barrage","Glacier","Go for the Eyes+1","Cold Snap","Coolheaded","Ball Lightning","Undo","Electrodynamics","Defragment","Turbo+1","Self Repair","Hologram"],"relics":["Cracked Core","CeramicFish","Bird Faced Urn","Dream Catcher","Black Star","Incense Burner"],"acts_visited":["Exordium","TheCity"],"potions_floor_usage":[4,7,10,14,22,25],"damage_taken":[{"damage":1,"enemies":"Cultist","floor":1,"turns":3},{"damage":8,"enemies":"Jaw Worm","floor":2,"turns":4},{"damage":5,"enemies":"Small Slimes","floor":3,"turns":3},{"damage":0,"enemies":"3 Louse","floor":4,"turns":3},{"damage":0,"enemies":"Exordium Wildlife","floor":5,"turns":3},{"damage":8,"enemies":"Lagavulin","floor":7,"turns":11},{"damage":11,"enemies":"3 Sentries","floor":10,"turns":12},{"damage":27,"enemies":"Gremlin Nob","floor":13,"turns":5},{"damage":0,"enemies":"Gremlin Gang","floor":14,"turns":5},{"damage":10,"enemies":"The Guardian","floor":16,"turns":15},{"damage":8,"enemies":"Chosen","floor":18,"turns":6},{"damage":15,"enemies":"3 Byrds","floor":22,"turns":3},{"damage":0,"enemies":"3 Cultists","floor":24,"turns":3},{"damage":51,"enemies":"Book of Stabbing","floor":25,"turns":9}],"seed_played":"4897794443770096442","potions_obtained":[{"floor":1,"key":"AttackPotion"},{"floor":5,"key":"PotionOfCapacity"},{"floor":7,"key":"LiquidMemories"},{"floor":10,"key":"LiquidMemories"},{"floor":16,"key":"SteroidPotion"},{"floor":18,"key":"Weak Potion"}],"is_trial":false,"path_per_floor":["M","M","M","M","M","R","E","R","T","E","?","R","E","M","R","B",null,"M","?","$","?","M","R","M","E"],"character_chosen":"DEFECT","items_purchased":["Incense Burner","Turbo","Self Repair"],"campfire_rested":2,"item_purchase_floors":[20,20,20],"current_hp_per_floor":[45,37,32,32,32,32,24,24,24,13,13,34,7,7,28,18,58,52,52,52,52,41,41,45,0,0],"gold":135,"neow_bonus":"REMOVE_TWO","is_daily":false,"chose_seed":false,"campfire_upgraded":3,"win_rate":0.0,"timestamp":1613711867,"path_taken":["M","M","M","?","M","R","E","R","T","E","?","R","E","?","R","BOSS","M","?","?","?","M","R","M","E"],"items_purchased_type":["Relic","Card","Card"],"build_version":"2020-12-22","purchased_purges":1,"victory":false,"max_hp_per_floor":[71,71,71,71,71,71,71,71,71,71,71,71,71,71,71,71,71,71,71,71,71,71,71,71,71,71],"card_choices":[{"not_picked":["Redo","Capacitor"],"picked":"Genetic Algorithm","floor":1},{"not_picked":["Skim","Compile Driver","Aggregate"],"picked":"SKIP","floor":2},{"not_picked":["Redo","Turbo"],"picked":"Barrage","floor":3},{"not_picked":["Conserve Battery","BootSequence"],"picked":"Glacier","floor":4},{"not_picked":["Leap","Glacier"],"picked":"Go for the Eyes","floor":5},{"not_picked":["Loop","Force Field"],"picked":"Cold Snap","floor":7},{"not_picked":["Melter","Scrape"],"picked":"Coolheaded","floor":10},{"not_picked":["Reprogram","Amplify","Leap"],"picked":"SKIP","floor":13},{"not_picked":["Storm","Streamline"],"picked":"Ball Lightning","floor":14},{"not_picked":["Reinforced Body","Rebound"],"picked":"Undo","floor":15},{"not_picked":["All For One","Amplify"],"picked":"Electrodynamics","floor":16},{"not_picked":["Compile Driver","Stack","Reprogram"],"picked":"SKIP","floor":18},{"not_picked":["Stack","Streamline"],"picked":"Hologram","floor":22},{"not_picked":["Coolheaded","Rebound","Cold Snap"],"picked":"SKIP","floor":24}],"player_experience":852441,"relics_obtained":[{"floor":7,"key":"CeramicFish"},{"floor":10,"key":"Bird Faced Urn"},{"floor":13,"key":"Dream Catcher"}],"event_choices":[{"damage_healed":0,"gold_gain":50,"player_choice":"Pray","damage_taken":0,"max_hp_gain":0,"max_hp_loss":0,"event_name":"Golden Shrine","floor":11,"gold_loss":0},{"damage_healed":0,"gold_gain":0,"player_choice":"Read","damage_taken":0,"max_hp_gain":0,"max_hp_loss":0,"event_name":"The Library","floor":19,"gold_loss":0,"cards_obtained":["Defragment"]},{"damage_healed":0,"gold_gain":50,"player_choice":"Stole From Cult","damage_taken":0,"max_hp_gain":0,"max_hp_loss":0,"event_name":"Nest","floor":21,"gold_loss":0}],"is_beta":false,"boss_relics":[{"not_picked":["Busted Crown","Sozu"],"picked":"Black Star"}],"items_purged_floors":[20],"is_endless":false,"potions_floor_spawned":[1,5,7,10,16,18],"killed_by":"Book of Stabbing","ascension_level":20}}