{"host":"v5au5eh5ych42xnd","time":1613722464,"event":{"mods":["AchievementEnabler","AlwaysNeverKeys","BaseMod","Better Altar","Better Third Choice","Better-Laid Plans","BetterRewards","Colored Map","Colored Powertips","Curses Come First","Defuse TimeMaze Blight","Emptier Cage","Googly Eyes","Halation","Infinite Spire","Minty Spire (QoL Compilation)","Permanent Neow","Quick Restart","Relic Stats","Reliquary","Replay The Spire","Shop Mod","StSLib","SuperFastMode","Synergy Search","everything is the same but u backflip on backflip","slay the spire mod where everything is the same but ironclad has a cowboy hat"],"gold_per_floor":[113,133,133,133,149,149,179,191,191,30,55,55,55,74,74,177,177,187,201,22,34,45,45,320,320,345,345,345,371,371,371,371,400,400,503,503,519,519,519,532,177,177,208,208,233,249,36,61,23,134,134,134,134,134,138,167,167],"floor_reached":58,"language":"ENG","playtime":3645,"items_purged":["Hallucinations+1","ReplayTheSpireMod:Splinters"],"score":1511,"play_id":"d62d2869-8ff4-4205-97c4-6a9094db8669","local_time":"20210219091424","is_ascension_mode":true,"campfire_choices":[{"data":"After Image","floor":6.0,"key":"SMITH"},{"data":"After Image","floor":13,"key":"SMITH"},{"floor":15,"key":"DIG"},{"data":"Regret","floor":30,"key":"SMITH"},{"data":"RitualDagger","floor":32,"key":"SMITH"},{"floor":34,"key":"DIG"},{"data":"Clumsy","floor":42,"key":"SMITH"},{"floor":51,"key":"REST"},{"data":"Infinite Blades","floor":54,"key":"SMITH"}],"circlet_count":0,"master_deck":["Strike_G","Strike_G","Defend_G","Defend_G","Survivor+1","Neutralize","Poisoned Stab+1","Quick Slash","Backstab","After Image+1","Replay:Bag of Tricks","Crippling Poison","After Image+1","PiercingWail+1","Bouncing Flask","Phantasmal Killer+1","Well Laid Plans","Escape Plan+1","Well Laid Plans","Prepared","ReplayTheSpireMod:Speed Training+1","RitualDagger+1","Sucker Punch+1","Dagger Throw","Flying Knee+1","Madness","Madness","Sucker Punch+1","Footwork","Finesse","Crippling Poison+1","Fluid Movement+1","Backflip","Infinite Blades+1","Accuracy","Flying Knee","Dodge and Roll+1","ReplayTheSpireMod:Scrap Shanks","Hidden Blade","Catalyst+1"],"relics":["Ring of the Snake","ReplayTheSpireMod:TigerMarble","ReplayTheSpireMod:Shallot","Mummified Hand","Sozu","MerchantsRug","reliquary:Aerogel","Pantograph","Snake Skull","halation:PapillonHeart","War Paint","Art of War","Calipers","Membership Card","Shuriken","reliquary:RadioactivePellet","reliquary:RoseTintedGlasses"],"acts_visited":["Exordium","TheCity","TheBeyond","TheEnding"],"potions_floor_usage":[43,43,48],"damage_taken":[{"damage":0.0,"enemies":"Small Slimes","floor":1.0,"turns":4.0},{"damage":2.0,"enemies":"Cultist","floor":2.0,"turns":4.0},{"damage":2.0,"enemies":"Jaw Worm","floor":5.0,"turns":3.0},{"damage":25.0,"enemies":"Replay:BlueRogue","floor":7.0,"turns":8.0},{"damage":3.0,"enemies":"Exordium Thugs","floor":8.0,"turns":3.0},{"damage":1,"enemies":"Lagavulin","floor":11,"turns":5},{"damage":0,"enemies":"2 Fungi Beasts","floor":14,"turns":3},{"damage":1,"enemies":"Hexaghost","floor":16,"turns":9},{"damage":0,"enemies":"Spheric Guardian","floor":18,"turns":3},{"damage":0,"enemies":"Shell Parasite","floor":19,"turns":5},{"damage":0,"enemies":"Snake Plant","floor":21,"turns":3},{"damage":0,"enemies":"Cultist and Chosen","floor":22,"turns":7},{"damage":3,"enemies":"Replay:Snechameleon","floor":29,"turns":4},{"damage":0,"enemies":"Book of Stabbing","floor":33,"turns":6},{"damage":11,"enemies":"Collector","floor":35,"turns":10},{"damage":6,"enemies":"3 Darklings","floor":37,"turns":5},{"damage":8,"enemies":"Orb Walker","floor":40,"turns":4},{"damage":36,"enemies":"Giant Head","floor":43,"turns":10},{"damage":1,"enemies":"Writhing Mass","floor":46,"turns":6},{"damage":0,"enemies":"Nemesis","floor":48,"turns":7},{"damage":22,"enemies":"Awakened One","floor":52,"turns":11},{"damage":23,"enemies":"Shield and Spear","floor":56,"turns":7},{"damage":30,"enemies":"The Heart","floor":57,"turns":8}],"seed_played":"5283868143864703249","potions_obtained":[{"floor":2.0,"key":"Weak Potion"},{"floor":8.0,"key":"Block Potion"},{"floor":14,"key":"CunningPotion"}],"is_trial":false,"path_per_floor":["M","M","?","?","M","R","E","M","T","$","E","T","R","M","R_BF","B",null,"M","M","$","M","M","?","?","$","T","PTL","PTL","E","R","AVR","R","E","R_BF","B",null,"M","?","?","M","$","R","E","AVR","T","M","$","E","$","?","R","B",null,"R","$","E","B",null],"character_chosen":"THE_SILENT","items_purchased":["After Image","MerchantsRug","Well Laid Plans","Footwork","War Paint","Finesse","Replay:Lucky Slots","Membership Card","Shuriken","Backflip","Infinite Blades","ReplayTheSpireMod:Scrap Shanks","Hidden Blade"],"campfire_rested":1,"item_purchase_floors":[10,20,20,41,41,41,41,47,47,47,47,55,55],"current_hp_per_floor":[70,68,68,68,66,66,41,38,38,38,37,37,37,37,37,36,70,70,70,70,70,70,64,64,64,64,64,64,61,61,61,61,61,61,59,70,64,64,56,48,48,48,12,12,12,11,11,11,11,11,30,33,66,66,66,43,36],"gold":167,"neow_bonus":"THREE_CARDS","is_daily":false,"chose_seed":false,"campfire_upgraded":6,"win_rate":0.0,"timestamp":1613722464,"path_taken":["M","M","?","?","M","R","E","?","T","?","E","?","R","?","R_BF","BOSS","M","M","$","M","M","?","?","$","T","PTL","PTL","E","R","AVR","R","E","R_BF","BOSS","M","?","?","M","$","R","E","AVR","T","M","?","E","$","?","R","BOSS","R","$","E","BOSS"],"items_purchased_type":["Card","Relic","Card","Card","Relic","Card","Relic","Relic","Relic","Card","Card","Card","Card"],"build_version":"2020-12-22","purchased_purges":2,"victory":true,"max_hp_per_floor":[70,70,70,70,70,70,70,70,70,70,70,70,70,70,70,70,70,70,70,70,70,70,70,70,70,70,70,70,70,70,70,70,70,70,70,70,70,66,66,66,66,66,66,66,66,66,66,66,66,66,66,66,66,66,66,66,66],"relic_stats":{"Sozu":5,"counters":[23,135],"Mummified Hand":[81],"Shuriken":[28],"Pantograph":57,"Snake Skull":[90],"Art of War":[2],"War Paint":["PiercingWail","Survivor"],"obtain_stats":[{"halation:PapillonHeart":38,"Calipers":44,"reliquary:SilkGlove":50,"reliquary:Aerogel":26,"Snake Skull":34,"reliquary:FerryPass":45,"Sozu":17,"halation:PrussianBluePaint":9,"Mummified Hand":12,"Pantograph":33,"Replay:Lucky Slots":41,"reliquary:RoseTintedGlasses":56,"Replay:Bottled Snecko":29,"reliquary:RadioactivePellet":48,"Ring of the Snake":0,"MerchantsRug":20,"Omamori":15,"War Paint":41,"ReplayTheSpireMod:Shallot":11,"Shuriken":47,"ReplayTheSpireMod:TigerMarble":7,"Art of War":43,"Membership Card":47,"halation:LostSnail":31,"Kintsugi":36},{"halation:PapillonHeart":16,"Calipers":18,"reliquary:SilkGlove":20,"reliquary:Aerogel":12,"Snake Skull":14,"reliquary:FerryPass":18,"Sozu":8,"halation:PrussianBluePaint":5,"Mummified Hand":6,"Pantograph":14,"Replay:Lucky Slots":17,"reliquary:RoseTintedGlasses":22,"Replay:Bottled Snecko":13,"reliquary:RadioactivePellet":20,"Ring of the Snake":0,"MerchantsRug":10,"Omamori":7,"War Paint":17,"ReplayTheSpireMod:Shallot":6,"Shuriken":19,"ReplayTheSpireMod:TigerMarble":4,"Art of War":18,"Membership Card":19,"halation:LostSnail":13,"Kintsugi":15},{"halation:PapillonHeart":82,"Calipers":96,"reliquary:SilkGlove":109,"reliquary:Aerogel":57,"Snake Skull":67,"reliquary:FerryPass":96,"Sozu":39,"halation:PrussianBluePaint":22,"Mummified Hand":27,"Pantograph":67,"Replay:Lucky Slots":86,"reliquary:RoseTintedGlasses":127,"Replay:Bottled Snecko":61,"reliquary:RadioactivePellet":109,"Ring of the Snake":0,"MerchantsRug":47,"Omamori":30,"War Paint":86,"ReplayTheSpireMod:Shallot":27,"Shuriken":102,"ReplayTheSpireMod:TigerMarble":19,"Art of War":96,"Membership Card":102,"halation:LostSnail":61,"Kintsugi":77}],"Ring of the Snake":[46]},"card_choices":[{"not_picked":["Predator","Flying Knee"],"picked":"Poisoned Stab","floor":0.0},{"not_picked":["Outmaneuver","Skewer"],"picked":"Quick Slash","floor":1.0},{"not_picked":["Underhanded Strike","Blade Dance"],"picked":"Backstab","floor":2.0},{"not_picked":["Slice","Caltrops"],"picked":"After Image","floor":5.0},{"not_picked":["Bane","Underhanded Strike"],"picked":"Replay:Bag of Tricks","floor":7.0},{"not_picked":["Prepared","Riddle With Holes"],"picked":"Crippling Poison","floor":8.0},{"not_picked":["Blade Dance","Eviscerate"],"picked":"PiercingWail","floor":11},{"not_picked":["Distraction","Cloak And Dagger"],"picked":"Bouncing Flask","floor":14},{"not_picked":["Unload","Burst"],"picked":"Phantasmal Killer","floor":16},{"not_picked":["Choke+1","Dodge and Roll"],"picked":"Well Laid Plans","floor":18},{"not_picked":["Outmaneuver","Slice"],"picked":"Escape Plan+1","floor":19},{"not_picked":["Dodge and Roll","Sneak Up"],"picked":"Prepared","floor":21},{"not_picked":["Leg Sweep","Cloak And Dagger"],"picked":"ReplayTheSpireMod:Speed Training+1","floor":22},{"not_picked":["PiercingWail","Dagger Spray"],"picked":"Sucker Punch+1","floor":29},{"not_picked":["Predator","Dagger Spray"],"picked":"Dagger Throw","floor":33},{"not_picked":["ReplayTheSpireMod:Shiv Toss+1","Acrobatics+1"],"picked":"Flying Knee+1","floor":37},{"not_picked":["Dagger Throw","Malaise"],"picked":"Sucker Punch+1","floor":40},{"not_picked":["Bouncing Flask","Concentrate+1"],"picked":"Crippling Poison+1","floor":43},{"not_picked":["Deflect+1","Dagger Spray"],"picked":"Fluid Movement+1","floor":46},{"not_picked":["Hidden Blade","ReplayTheSpireMod:Tripwire+1"],"picked":"Accuracy","floor":48},{"not_picked":["Expertise","ReplayTheSpireMod:The Works"],"picked":"Flying Knee","floor":50},{"not_picked":["Flying Knee+1","Outmaneuver"],"picked":"Dodge and Roll+1","floor":50},{"not_picked":["Dodge and Roll+1","Bane+1"],"picked":"Catalyst+1","floor":56}],"player_experience":768237,"relics_obtained":[{"floor":7.0,"key":"ReplayTheSpireMod:TigerMarble"},{"floor":9.0,"key":"halation:PrussianBluePaint"},{"floor":11,"key":"ReplayTheSpireMod:Shallot"},{"floor":12,"key":"Mummified Hand"},{"floor":15,"key":"Omamori"},{"floor":26,"key":"reliquary:Aerogel"},{"floor":29,"key":"Replay:Bottled Snecko"},{"floor":33,"key":"Pantograph"},{"floor":34,"key":"Snake Skull"},{"floor":43,"key":"Art of War"},{"floor":45,"key":"reliquary:FerryPass"},{"floor":48,"key":"reliquary:RadioactivePellet"},{"floor":50,"key":"reliquary:SilkGlove"},{"floor":56,"key":"reliquary:RoseTintedGlasses"}],"event_choices":[{"cards_removed":["Strike_G"],"damage_healed":0.0,"max_hp_gain":0.0,"max_hp_loss":0.0,"gold_gain":0.0,"event_name":"Purifier","player_choice":"Purged","floor":4.0,"gold_loss":0.0,"damage_taken":0.0},{"damage_healed":0,"gold_gain":0,"player_choice":"Dagger","damage_taken":6,"max_hp_gain":0,"max_hp_loss":0,"event_name":"betterThird:BetterNest","floor":23,"gold_loss":0,"cards_obtained":["RitualDagger"]},{"damage_healed":0,"gold_gain":275,"player_choice":"Desecrate","damage_taken":0,"max_hp_gain":0,"max_hp_loss":0,"event_name":"Golden Shrine","floor":24,"gold_loss":0,"cards_obtained":["Regret"]},{"damage_healed":0,"gold_gain":0,"player_choice":"Embrace Madness","damage_taken":8,"max_hp_gain":0,"max_hp_loss":0,"event_name":"Winding Halls","floor":39,"gold_loss":0,"cards_obtained":["Madness","Madness"]}],"is_beta":false,"boss_relics":[{"not_picked":["Snecko Eye","halation:LoveArrow"],"picked":"Sozu"},{"not_picked":["Pandora\u0027s Box","ReplayTheSpireMod:DimensionalGlitch"],"picked":"Kintsugi"}],"items_purged_floors":[49,55],"is_endless":false,"potions_floor_spawned":[2,8,14,19,33,35,40,56],"ascension_level":4}}