{"host":"i0avyit1s6jb1siw","time":1613742331,"event":{"mods":["BaseMod","DeckTracker","Dota2Spire","Highlight Path","Minty Spire (QoL Compilation)","Quick Restart","StSLib","SuperFastMode"],"gold_per_floor":[119,119,2,2,2,2,36,36,52,52,104,131,131,131,231,241,241,241,241],"floor_reached":18,"language":"ENG","playtime":229,"items_purged":["Strike_R"],"score":232,"play_id":"ec3d14ce-b970-4e55-9866-38f3bd0d1903","local_time":"20210219144531","is_ascension_mode":true,"campfire_choices":[{"data":"Clothesline","floor":6.0,"key":"SMITH"},{"data":"Wild Strike","floor":8,"key":"SMITH"},{"data":"Carnage","floor":13,"key":"SMITH"},{"data":"Bash","floor":17,"key":"SMITH"}],"circlet_count":0,"master_deck":["AscendersBane","Strike_R","Strike_R","Strike_R","Strike_R","Defend_R+1","Defend_R+1","Defend_R","Defend_R+1","Bash+1","Fiend Fire+1","Clothesline+1","Shockwave+1","Wild Strike+1","Carnage+1","Body Slam+1","Rage"],"relics":["Burning Blood","Eternal Feather","Juzu Bracelet","Dota2Spire:UrnOfShadows","War Paint"],"acts_visited":["Exordium"],"potions_floor_usage":[],"damage_taken":[{"damage":9.0,"enemies":"Jaw Worm","floor":1.0,"turns":4.0},{"damage":28.0,"enemies":"3 Sentries","floor":7.0,"turns":8.0},{"damage":8,"enemies":"Small Slimes","floor":9,"turns":4},{"damage":8,"enemies":"Gremlin Nob","floor":12,"turns":3},{"damage":5,"enemies":"2 Louse","floor":16,"turns":2},{"damage":54,"enemies":"Hexaghost","floor":18,"turns":9}],"seed_played":"-7022921019201324141","potions_obtained":[{"floor":1.0,"key":"Explosive Potion"},{"floor":12,"key":"Dota2Spire:Clarity"}],"is_trial":false,"path_per_floor":["M","?","$","?","?","R","E","R","M","T","T","E","R","?","?","M","R","B"],"character_chosen":"IRONCLAD","items_purchased":["Shockwave"],"campfire_rested":0,"item_purchase_floors":[3],"current_hp_per_floor":[65,70,70,46,46,46,24,30,28,28,28,26,35,35,35,36,45,0,0],"gold":241,"neow_bonus":"ONE_RANDOM_RARE_CARD","is_daily":false,"chose_seed":false,"campfire_upgraded":4,"win_rate":0.0,"timestamp":1613742331,"path_taken":["M","?","$","?","?","R","E","R","M","T","T","E","R","?","?","M","R","BOSS"],"items_purchased_type":["Card"],"build_version":"2020-12-22","purchased_purges":1,"victory":false,"max_hp_per_floor":[75,80,80,80,80,80,80,80,80,80,80,80,80,80,80,80,80,80,80],"card_choices":[{"not_picked":["Entrench","True Grit"],"picked":"Clothesline","floor":1.0},{"not_picked":["Whirlwind","Armaments"],"picked":"Wild Strike","floor":7.0},{"not_picked":["Wild Strike","Pummel"],"picked":"Carnage","floor":9},{"not_picked":["Warcry","Spot Weakness"],"picked":"Body Slam","floor":12},{"not_picked":["Body Slam","Perfected Strike"],"picked":"Rage","floor":16}],"player_experience":2464159,"relics_obtained":[{"floor":7.0,"key":"Eternal Feather"},{"floor":10,"key":"Juzu Bracelet"},{"floor":11,"key":"Dota2Spire:UrnOfShadows"},{"floor":12,"key":"War Paint"}],"event_choices":[{"damage_healed":0.0,"max_hp_gain":5.0,"max_hp_loss":0.0,"gold_gain":0.0,"event_name":"Big Fish","player_choice":"Donut","floor":2.0,"gold_loss":0.0,"damage_taken":0.0},{"damage_healed":0.0,"max_hp_gain":0.0,"max_hp_loss":0.0,"gold_gain":0.0,"event_name":"Shining Light","player_choice":"Entered Light","floor":4.0,"gold_loss":0.0,"damage_taken":24.0,"cards_upgraded":["Defend_R","Fiend Fire"]},{"damage_healed":0.0,"max_hp_gain":0.0,"max_hp_loss":0.0,"gold_gain":0.0,"event_name":"Living Wall","player_choice":"Grow","floor":5.0,"gold_loss":0.0,"damage_taken":0.0,"cards_upgraded":["Shockwave"]},{"damage_healed":0,"gold_gain":0,"player_choice":"Upgraded","damage_taken":0,"max_hp_gain":0,"max_hp_loss":0,"event_name":"Upgrade Shrine","floor":14,"gold_loss":0,"cards_upgraded":["Body Slam"]},{"damage_healed":0,"gold_gain":100,"player_choice":"Gold","damage_taken":0,"max_hp_gain":0,"max_hp_loss":0,"event_name":"Wheel of Change","floor":15,"gold_loss":0}],"is_beta":false,"boss_relics":[],"items_purged_floors":[3],"is_endless":false,"potions_floor_spawned":[1,12],"killed_by":"Hexaghost","ascension_level":20}}