{"host":"t9vqxmgmtrdkt9v9","time":1613730700,"event":{"mods":["AchievementEnabler","BaseMod","Colored Map","Minty Spire (QoL Compilation)","Permanent Neow","Relic Stats","StSLib"],"gold_per_floor":[118,118,168,188,263,294,294,326,326,326,196,196,105,105,105,105,105],"floor_reached":16,"language":"ENG","playtime":448,"items_purged":["Strike_P"],"score":239,"play_id":"557df9a6-6d66-42c6-8e91-01bf1b07ac2d","local_time":"20210219203140","is_ascension_mode":true,"campfire_choices":[{"data":"CrushJoints","floor":7,"key":"SMITH"},{"floor":15,"key":"REST"}],"circlet_count":0,"master_deck":["AscendersBane","Strike_P","Strike_P","Defend_P","Defend_P","Defend_P","Defend_P","Eruption","Vigilance","CrushJoints+1","FlyingSleeves","DeusExMachina","Wallop","Consecrate","Halt","FearNoEvil","WreathOfFlame"],"relics":["PureWater","NeowsBlessing","Mercury Hourglass","Centennial Puzzle","Ornamental Fan","Golden Idol","Blue Candle"],"acts_visited":["Exordium"],"potions_floor_usage":[8,16],"damage_taken":[{"damage":0,"enemies":"Jaw Worm","floor":1,"turns":1},{"damage":0,"enemies":"2 Louse","floor":4,"turns":1},{"damage":0,"enemies":"Gremlin Nob","floor":6,"turns":1},{"damage":22,"enemies":"Lagavulin","floor":8,"turns":5},{"damage":46,"enemies":"Slime Boss","floor":16,"turns":6}],"seed_played":"5921628925737316434","potions_obtained":[{"floor":6,"key":"Fire Potion"},{"floor":8,"key":"Regen Potion"}],"is_trial":false,"path_per_floor":["M","?","?","M","?","E","R","E","T","?","$","?","$","?","R","B"],"character_chosen":"WATCHER","items_purchased":["Consecrate","Halt","FearNoEvil"],"campfire_rested":1,"item_purchase_floors":[11,13,13],"current_hp_per_floor":[61,61,61,61,50,50,50,28,28,28,28,10,10,10,28,0,0],"gold":105,"neow_bonus":"THREE_ENEMY_KILL","is_daily":false,"chose_seed":false,"campfire_upgraded":1,"win_rate":0.0,"timestamp":1613730700,"path_taken":["M","?","?","?","?","E","R","E","T","?","$","?","?","?","R","BOSS"],"items_purchased_type":["Card","Card","Card"],"build_version":"2020-12-22","purchased_purges":1,"victory":false,"max_hp_per_floor":[68,68,68,68,68,68,68,68,68,62,62,62,62,62,62,62,62],"relic_stats":{"Centennial Puzzle":[3],"counters":[5,14],"Ornamental Fan":[8],"Golden Idol":0,"Blue Candle":[0],"obtain_stats":[{"Centennial Puzzle":8,"NeowsBlessing":0,"Ornamental Fan":9,"Golden Idol":10,"Blue Candle":12,"PureWater":0,"Mercury Hourglass":6},{"Centennial Puzzle":4,"NeowsBlessing":0,"Ornamental Fan":4,"Golden Idol":4,"Blue Candle":4,"PureWater":0,"Mercury Hourglass":3},{"Centennial Puzzle":8,"NeowsBlessing":0,"Ornamental Fan":8,"Golden Idol":8,"Blue Candle":8,"PureWater":0,"Mercury Hourglass":3}],"Mercury Hourglass":[45]},"card_choices":[{"not_picked":["Prostrate","EmptyFist"],"picked":"CrushJoints","floor":1},{"not_picked":["Study","JustLucky"],"picked":"FlyingSleeves","floor":4},{"not_picked":["ThirdEye","MasterReality"],"picked":"DeusExMachina","floor":6},{"not_picked":["Prostrate","EmptyFist"],"picked":"Wallop","floor":8}],"player_experience":449429,"relics_obtained":[{"floor":6,"key":"Mercury Hourglass"},{"floor":8,"key":"Centennial Puzzle"},{"floor":9,"key":"Ornamental Fan"}],"event_choices":[{"damage_healed":0,"gold_gain":0,"player_choice":"Ignored","damage_taken":0,"max_hp_gain":0,"max_hp_loss":0,"event_name":"Liars Game","floor":2,"gold_loss":0},{"damage_healed":0,"gold_gain":50,"player_choice":"Pray","damage_taken":0,"max_hp_gain":0,"max_hp_loss":0,"event_name":"Golden Shrine","floor":3,"gold_loss":0},{"damage_healed":0,"gold_gain":75,"player_choice":"Gather Gold","damage_taken":11,"max_hp_gain":0,"max_hp_loss":0,"event_name":"World of Goop","floor":5,"gold_loss":0},{"damage_healed":0,"gold_gain":0,"player_choice":"Lose Max HP","damage_taken":0,"relics_obtained":["Golden Idol"],"max_hp_gain":0,"max_hp_loss":6,"event_name":"Golden Idol","floor":10,"gold_loss":0},{"damage_healed":0,"gold_gain":0,"player_choice":"Success","damage_taken":18,"relics_obtained":["Blue Candle"],"max_hp_gain":0,"max_hp_loss":0,"event_name":"Scrap Ooze","floor":12,"gold_loss":0},{"damage_healed":0,"gold_gain":0,"cards_transformed":["Strike_P"],"player_choice":"Change","damage_taken":0,"max_hp_gain":0,"max_hp_loss":0,"event_name":"Living Wall","floor":14,"gold_loss":0,"cards_obtained":["WreathOfFlame"]}],"is_beta":false,"boss_relics":[],"items_purged_floors":[11],"is_endless":false,"potions_floor_spawned":[6,8],"killed_by":"Slime Boss","ascension_level":17}}