{"host":"3asmp5aovk69ekg9","time":1613699570,"event":{"mods":["100% Spire Juice","BaseMod","BetterRewards","Colored Map","Colored Powertips","Dark Map","Hermit","Koishi","Magitek Elite","Minty Spire (QoL Compilation)","Permanent Neow","Remove Card Discount Mod","Shade Mod","StSLib","The Alterego","The Cursed","The Death Knight","The Fake Hero","The IronCluck","The Marked","The Senshi","The Wild Card","TheSurvivalist"],"gold_per_floor":[113,37,55,3,16,51,51,86,110,110,136,178,190,222,234,343,355,378,390,414,426,458,495,422,468,480,452,477,522,534,580,592,699,711,739,751,817,829,841,853,891,919,958,1001,1027,1039,1023,1053,1053,1053,1053,1053,1001,1035,1035],"floor_reached":56,"language":"ENG","playtime":6213,"items_purged":["theMarked:Strike","theMarked:Strike","theMarked:Defend","theMarked:Strike","theMarked:Strike","theMarked:Defend","theMarked:Strike","theMarked:ChannelForce","theMarked:ChainLightning","theMarked:ChainLightning","theMarked:MuscleMemory","theMarked:SwordAndMagic","theMarked:EmpowerWeapon","theMarked:Improvise","theMarked:SwordAndMagic","theMarked:SwordAndMagic","Violence","theMarked:Defend","theMarked:Defend","theMarked:SoldierOfQuellstein","theMarked:UnarmedFury"],"score":2046,"play_id":"62127b9c-7c98-424f-a752-30e10b2214f1","local_time":"20210218175250","is_ascension_mode":true,"campfire_choices":[{"data":"Apotheosis","floor":7.0,"key":"SMITH"},{"floor":15.0,"key":"RECALL"},{"data":"theMarked:Heritage","floor":30.0,"key":"SMITH"},{"floor":32.0,"key":"REST"},{"floor":40.0,"key":"REST"},{"floor":46.0,"key":"REST"},{"floor":49.0,"key":"REST"},{"floor":52.0,"key":"REST"}],"circlet_count":0,"master_deck":["Apotheosis+1","theMarked:WardOff","theMarked:BanishingStrike","Flash of Steel","theMarked:WardOff","theMarked:Heritage+1","theMarked:WardOff","theMarked:Heritage+1","theMarked:Heritage+1","theMarked:RepellingDischarge+1","theMarked:ContemptForTheProud","theMarked:ContemptForTheProud","theMarked:BanishingStrike+1","theMarked:Frustration","theMarked:WardOff+1","Madness","Madness","theMarked:Static","theMarked:WardOff","theMarked:BanishingStrike","theMarked:MysticalArsenal+1"],"relics":["theMarked:ArtifactOfAir","MealTicket","Bronze Scales","Medical Kit","theMarked:DemonDagger","Chemical X","Blood Vial","Bag of Marbles","MawBank","Tintinnabulum","Philosopher\u0027s Stone","theMarked:SecretDocuments","DeathKnight:PutricidesVial","Bird Faced Urn","Boot","Bag of Preparation","theSenshi:SuperSailorFukuRelic","Fusion Hammer","Mythril_Glove","Ancient Tea Set","Guard_Bracelet","Pen Nib","Bottled Tornado","Orichalcum"],"acts_visited":["Exordium","TheCity","TheBeyond","TheEnding"],"potions_floor_usage":[55,55],"damage_taken":[{"damage":0.0,"enemies":"Cultist","floor":1.0,"turns":3.0},{"damage":0.0,"enemies":"Jaw Worm","floor":3.0,"turns":3.0},{"damage":0.0,"enemies":"2 Louse","floor":5.0,"turns":2.0},{"damage":13.0,"enemies":"3 Sentries","floor":6.0,"turns":6.0},{"damage":0.0,"enemies":"Lagavulin","floor":8.0,"turns":4.0},{"damage":8.0,"enemies":"Gremlin Nob","floor":11.0,"turns":3.0},{"damage":0.0,"enemies":"2 Fungi Beasts","floor":14.0,"turns":3.0},{"damage":13.0,"enemies":"Hexaghost","floor":16.0,"turns":6.0},{"damage":17.0,"enemies":"3 Byrds","floor":18.0,"turns":3.0},{"damage":2.0,"enemies":"2 Thieves","floor":20.0,"turns":3.0},{"damage":3.0,"enemies":"3 Cultists","floor":22.0,"turns":4.0},{"damage":27.0,"enemies":"Book of Stabbing","floor":23.0,"turns":4.0},{"damage":15.0,"enemies":"Slavers","floor":25.0,"turns":5.0},{"damage":0.0,"enemies":"Shelled Parasite and Fungi","floor":28.0,"turns":3.0},{"damage":25.0,"enemies":"Book of Stabbing","floor":29.0,"turns":3.0},{"damage":27.0,"enemies":"Slavers","floor":31.0,"turns":4.0},{"damage":10.0,"enemies":"Automaton","floor":33.0,"turns":8.0},{"damage":0.0,"enemies":"Orb Walker","floor":35.0,"turns":2.0},{"damage":3.0,"enemies":"Giant Head","floor":41.0,"turns":7.0},{"damage":0.0,"enemies":"3 Darklings","floor":42.0,"turns":3.0},{"damage":9.0,"enemies":"Reptomancer","floor":44.0,"turns":5.0},{"damage":2.0,"enemies":"4 Shapes","floor":45.0,"turns":4.0},{"damage":0.0,"enemies":"Giant Head","floor":48.0,"turns":6.0},{"damage":0.0,"enemies":"Donu and Deca","floor":50.0,"turns":8.0},{"damage":0.0,"enemies":"Shield and Spear","floor":54.0,"turns":4.0},{"damage":71,"enemies":"The Heart","floor":55,"turns":9}],"seed_played":"3742080385578330752","potions_obtained":[{"floor":6.0,"key":"DeathKnight:BottledBloodEchoes"},{"floor":8.0,"key":"LiquidMemories"},{"floor":16.0,"key":"SpeedPotion"},{"floor":22.0,"key":"Strength Potion"},{"floor":23.0,"key":"BlessingOfTheForge"},{"floor":27.0,"key":"DuplicationPotion"},{"floor":27.0,"key":"ColorlessPotion"},{"floor":31.0,"key":"DeathKnight:RimePotion"},{"floor":33.0,"key":"theMarked:ChargePotion"},{"floor":41.0,"key":"EssenceOfSteel"},{"floor":45.0,"key":"Weak Potion"},{"floor":48.0,"key":"BlessingOfTheForge"}],"is_trial":false,"path_per_floor":["M","$","M","$","M","E","R","E","T","?","E","?","?","M","R","B",null,"M","?","M","?","M","E","?","E","T","?","M","E","R","E","R","B",null,"M","?","T","?","?","R","E","M","T","E","M","R","$","E","R","B",null,"R","$","E","B",null],"character_chosen":"THE_DEFAULT","items_purchased":["MealTicket","Bronze Scales","theMarked:SwordAndMagic","theMarked:ChannelForce","Apotheosis","theMarked:WardOff","Medical Kit","theMarked:DemonDagger","theMarked:BanishingStrike","theMarked:ChainLightning","Flash of Steel","Chemical X","theMarked:WardOff","theMarked:ChainLightning","AttackPotion","FearPotion","BlessingOfTheForge","theMarked:MuscleMemory","theMarked:EmpowerWeapon","BlessingOfTheForge"],"campfire_rested":5,"item_purchase_floors":[0,0,0,0,0,0,0,0,0,0,0,0,0,0,0,0,0,2,4,53],"current_hp_per_floor":[30,45,45,60,60,47,47,49,49,49,43,43,44,47,48,38,64,50,48,49,82,79,55,56,44,45,46,55,39,40,22,47,48,74,81,82,82,72,73,82,79,82,82,77,80,82,82,82,82,82,82,82,82,82,15],"gold":1035,"neow_bonus":"","is_daily":false,"chose_seed":false,"campfire_upgraded":2,"win_rate":0.0,"timestamp":1613699570,"path_taken":["M","?","M","$","?","E","R","E","T","?","E","?","?","M","R","BOSS","M","?","?","?","?","E","?","E","T","?","?","E","R","E","R","BOSS","M","?","?","?","?","R","E","M","T","E","?","R","$","E","R","BOSS","R","$","E","BOSS"],"items_purchased_type":["Relic","Relic","Card","Card","Card","Card","Relic","Relic","Card","Card","Card","Relic","Card","Card","Potion","Potion","Potion","Card","Card","Potion"],"build_version":"2020-12-22","purchased_purges":21,"victory":true,"max_hp_per_floor":[72,72,72,72,72,72,72,72,72,72,72,72,72,72,72,72,72,72,72,72,82,82,82,82,82,82,82,82,82,82,82,82,82,82,82,82,82,82,82,82,82,82,82,82,82,82,82,82,82,82,82,82,82,82,82],"card_choices":[{"not_picked":["theMarked:TunnelVision","theMarked:RepellingDischarge"],"picked":"theMarked:SwordAndMagic","floor":1.0},{"not_picked":["theMarked:ChainLightning","theMarked:Panic"],"picked":"theMarked:EmpowerWeapon","floor":3.0},{"not_picked":["theMarked:WastefulAttack","theMarked:WardOff"],"picked":"theMarked:Heritage","floor":5.0},{"not_picked":["theMarked:TunnelVision","theMarked:ResourceFulStrike"],"picked":"theMarked:Improvise","floor":6.0},{"not_picked":["theMarked:ThrowWeapon","theMarked:TwofoldDefense"],"picked":"theMarked:SwordAndMagic","floor":8.0},{"not_picked":["theMarked:Standoff","theMarked:Parry"],"picked":"theMarked:WardOff","floor":11.0},{"not_picked":["theMarked:EmpowerWeapon","theMarked:TwofoldDefense"],"picked":"theMarked:Heritage","floor":14.0},{"not_picked":["theMarked:ThrowWeapon","theMarked:Challenge"],"picked":"theMarked:Levitate","floor":16.0},{"not_picked":["theMarked:Maelstrom+1","theMarked:WastefulAttack"],"picked":"theMarked:Heritage+1","floor":18.0},{"not_picked":["theMarked:ElectricStrings","theMarked:TwofoldDefense","theMarked:PowerFlow"],"picked":"SKIP","floor":20.0},{"not_picked":["theMarked:Overcharge","theMarked:ElectricStrings"],"picked":"theMarked:RepellingDischarge+1","floor":22.0},{"not_picked":["theMarked:MuscleMemory","theMarked:Defy"],"picked":"theMarked:ContemptForTheProud","floor":23.0},{"not_picked":["theMarked:Improvise","theMarked:Maelstrom"],"picked":"theMarked:ContemptForTheProud","floor":25.0},{"not_picked":["theMarked:MuscleMemory+1","theMarked:TakeCover"],"picked":"theMarked:BanishingStrike+1","floor":28.0},{"not_picked":["theMarked:Parkour","theMarked:TakeCover"],"picked":"theMarked:Frustration","floor":29.0},{"not_picked":["theMarked:DispelDoubt","theMarked:TheMission","theMarked:ElectricStrings"],"picked":"SKIP","floor":31.0},{"not_picked":["theMarked:EternalStudent","theMarked:MagusForm"],"picked":"theMarked:UnarmedFury","floor":33.0},{"not_picked":["theMarked:Parkour","theMarked:Improvise"],"picked":"theMarked:WardOff+1","floor":35.0},{"not_picked":["Swift Strike","Good Instincts"],"picked":"Violence","floor":36.0},{"not_picked":["theMarked:ElectricStrings+1","theMarked:Improvise","theMarked:Aftermath+1"],"picked":"SKIP","floor":41.0},{"not_picked":["theMarked:ChainLightning+1","theMarked:RogueSparks"],"picked":"theMarked:WardOff","floor":42.0},{"not_picked":["theMarked:Aftermath","theMarked:Parkour"],"picked":"theMarked:BanishingStrike","floor":44.0},{"not_picked":["theMarked:EmpowerWeapon","theMarked:HeightenedSenses"],"picked":"theMarked:MysticalArsenal+1","floor":45.0},{"not_picked":["theMarked:Overthink+1","theMarked:Improvise+1","theMarked:WastefulAttack"],"picked":"SKIP","floor":48.0},{"not_picked":["theMarked:BiggerThanFate","theMarked:ElectricStrings+1","theMarked:Friction"],"picked":"SKIP","floor":54.0}],"player_experience":1322761,"relics_obtained":[{"floor":6.0,"key":"Blood Vial"},{"floor":8.0,"key":"Bag of Marbles"},{"floor":11.0,"key":"MawBank"},{"floor":23.0,"key":"theMarked:SecretDocuments"},{"floor":25.0,"key":"Bird Faced Urn"},{"floor":26.0,"key":"Boot"},{"floor":29.0,"key":"Bag of Preparation"},{"floor":31.0,"key":"theSenshi:SuperSailorFukuRelic"},{"floor":37.0,"key":"Mythril_Glove"},{"floor":41.0,"key":"Ancient Tea Set"},{"floor":43.0,"key":"Guard_Bracelet"},{"floor":44.0,"key":"Pen Nib"},{"floor":48.0,"key":"Bottled Tornado"},{"floor":54.0,"key":"Orichalcum"}],"event_choices":[{"damage_healed":0.0,"max_hp_gain":0.0,"max_hp_loss":0.0,"gold_gain":0.0,"event_name":"Living Wall","player_choice":"Grow","floor":10.0,"gold_loss":0.0,"damage_taken":0.0,"cards_upgraded":["theMarked:Heritage"]},{"damage_healed":0.0,"max_hp_gain":0.0,"max_hp_loss":0.0,"gold_gain":30.0,"event_name":"Dead Adventurer","player_choice":"Searched \u00273\u0027 times","floor":12.0,"gold_loss":0.0,"damage_taken":0.0,"relics_obtained":["Tintinnabulum"]},{"damage_healed":0.0,"max_hp_gain":0.0,"max_hp_loss":0.0,"gold_gain":0.0,"event_name":"Shining Light","player_choice":"Ignored","floor":13.0,"gold_loss":0.0,"damage_taken":0.0},{"damage_healed":0.0,"max_hp_gain":0.0,"max_hp_loss":0.0,"gold_gain":0.0,"event_name":"Designer","player_choice":"Punched","floor":19.0,"gold_loss":0.0,"damage_taken":3.0},{"cards_removed":["theMarked:Levitate"],"damage_healed":22.0,"max_hp_gain":10.0,"max_hp_loss":0.0,"gold_gain":0.0,"event_name":"Bonfire Elementals","player_choice":"Offered Rare","floor":21.0,"gold_loss":0.0,"damage_taken":0.0},{"damage_healed":0.0,"max_hp_gain":0.0,"max_hp_loss":0.0,"gold_gain":0.0,"event_name":"Addict","player_choice":"Obtained Relic","floor":24.0,"gold_loss":85.0,"damage_taken":0.0,"relics_obtained":["DeathKnight:PutricidesVial"]},{"damage_healed":0.0,"max_hp_gain":0.0,"max_hp_loss":0.0,"gold_gain":0.0,"event_name":"The Woman in Blue","player_choice":"Bought 3 Potions","floor":27.0,"gold_loss":0.0,"damage_taken":0.0},{"damage_healed":0.0,"max_hp_gain":0.0,"max_hp_loss":0.0,"gold_gain":0.0,"event_name":"SensoryStone","player_choice":"Memory 1","floor":36.0,"gold_loss":0.0,"damage_taken":0.0},{"damage_healed":0.0,"max_hp_gain":0.0,"max_hp_loss":0.0,"gold_gain":0.0,"event_name":"Winding Halls","player_choice":"Embrace Madness","floor":38.0,"gold_loss":0.0,"damage_taken":10.0,"cards_obtained":["Madness","Madness"]},{"damage_healed":0.0,"max_hp_gain":0.0,"max_hp_loss":0.0,"gold_gain":0.0,"cards_transformed":["theMarked:EmpowerWeapon"],"event_name":"Transmorgrifier","player_choice":"Transformed","floor":39.0,"gold_loss":0.0,"damage_taken":0.0,"cards_obtained":["theMarked:Static"]}],"is_beta":false,"boss_relics":[{"not_picked":["Sozu","theMarked:BronzeBlade"],"picked":"Philosopher\u0027s Stone"},{"not_picked":["Empty Cage","Coffee Dripper"],"picked":"Fusion Hammer"}],"items_purged_floors":[0,0,0,0,0,0,0,47,47,47,47,47,47,47,47,47,47,47,47,47,47],"is_endless":false,"potions_floor_spawned":[6,8,16,22,23,31,33,41,45,48],"ascension_level":5}}