{"host":"yx5rao87132cy5xq","time":1613760991,"event":{"mods":["2.2 Compatiblity","AchievementEnabler","BaseMod","Bestiary","Colored Map","Colored Powertips","Minty Spire (QoL Compilation)","Quick Restart","Relic Stats","Slay-I","SuperFastMode"],"gold_per_floor":[111,122,139,139,159,193,205,240,288,288,312,342,361,418,418,491,491,510,300,300,319,319,346,364,399,399,448,448,448,448],"floor_reached":29,"language":"ENG","playtime":3262,"items_purged":["Strike_R"],"score":538,"play_id":"5465d14c-e290-4455-ac65-30d55b3bfc16","local_time":"20210219195631","is_ascension_mode":true,"campfire_choices":[{"floor":10.0,"key":"REST"},{"data":"Uppercut","floor":15.0,"key":"SMITH"}],"circlet_count":0,"master_deck":["AscendersBane","Strike_R","Strike_R","Strike_R","Defend_R","Defend_R","Defend_R","Defend_R","Bash","Iron Wave","Uppercut+1","Power Through","Sentinel","Wild Strike","Iron Wave","Combust","Feel No Pain","Sever Soul","Impervious","Immolate","Impervious","Second Wind"],"relics":["Burning Blood","Bag of Marbles","Lizard Tail","Pen Nib","Smiling Mask","Pantograph","Strawberry","Velvet Choker","Blood Vial","Orichalcum","Omamori","TungstenRod","Boot","Centennial Puzzle"],"acts_visited":["Exordium","TheCity"],"potions_floor_usage":[16,23,25,25,29],"damage_taken":[{"damage":15.0,"enemies":"Small Slimes","floor":1.0,"turns":4.0},{"damage":2.0,"enemies":"Cultist","floor":2.0,"turns":4.0},{"damage":8.0,"enemies":"2 Louse","floor":3.0,"turns":2.0},{"damage":4.0,"enemies":"Blue Slaver","floor":5.0,"turns":3.0},{"damage":40.0,"enemies":"Lagavulin","floor":6.0,"turns":8.0},{"damage":1.0,"enemies":"Exordium Wildlife","floor":7.0,"turns":4.0},{"damage":25.0,"enemies":"3 Sentries","floor":8.0,"turns":7.0},{"damage":28.0,"enemies":"Gremlin Nob","floor":12.0,"turns":4.0},{"damage":0.0,"enemies":"Red Slaver","floor":13.0,"turns":2.0},{"damage":17.0,"enemies":"3 Sentries","floor":14.0,"turns":6.0},{"damage":44,"enemies":"Hexaghost","floor":16,"turns":12},{"damage":6,"enemies":"Chosen","floor":18,"turns":3},{"damage":0,"enemies":"Shell Parasite","floor":21,"turns":1},{"damage":63,"enemies":"Book of Stabbing","floor":23,"turns":6},{"damage":5,"enemies":"Chosen and Byrds","floor":24,"turns":5},{"damage":54,"enemies":"Gremlin Leader","floor":25,"turns":7},{"damage":36,"enemies":"Book of Stabbing","floor":29,"turns":5}],"seed_played":"-3628380126977755387","potions_obtained":[{"floor":2.0,"key":"Ancient Potion"},{"floor":3.0,"key":"CultistPotion"},{"floor":7.0,"key":"Fire Potion"},{"floor":8.0,"key":"ElixirPotion"},{"floor":13.0,"key":"SpeedPotion"},{"floor":18,"key":"PowerPotion"},{"floor":24,"key":"Strength Potion"},{"floor":25,"key":"Swift Potion"}],"is_trial":false,"path_per_floor":["M","M","M","?","M","E","M","E","T","R","T","E","M","?","R","B",null,"M","$","?","M","?","E","M","E","T","T","?","E"],"character_chosen":"IRONCLAD","items_purchased":["Blood Vial"],"campfire_rested":1,"item_purchase_floors":[19],"current_hp_per_floor":[66,70,68,68,70,36,41,22,22,46,46,24,30,26,26,13,70,70,70,70,78,78,23,26,33,33,33,33,0,0],"gold":448,"neow_bonus":"TEN_PERCENT_HP_BONUS","is_daily":false,"chose_seed":false,"campfire_upgraded":1,"win_rate":0.0,"timestamp":1613760991,"path_taken":["M","M","M","?","M","E","?","E","T","R","?","E","M","?","R","BOSS","M","$","?","M","?","E","?","E","T","?","?","E"],"items_purchased_type":["Relic"],"build_version":"2020-12-22","purchased_purges":1,"victory":false,"max_hp_per_floor":[82,82,82,82,82,82,82,82,82,82,82,82,82,89,89,89,89,89,89,89,89,89,89,89,89,89,89,89,89,89],"relic_stats":{"Blood Vial":10,"Lizard Tail":44,"Centennial Puzzle":[3],"counters":[17,83],"Pantograph":25,"Pen Nib":[8],"Orichalcum":[12],"Smiling Mask":25,"Boot":[0],"obtain_stats":[{"Velvet Choker":17,"Pen Nib":9,"Omamori":25,"Orichalcum":23,"Smiling Mask":11,"Boot":27,"Burning Blood":0,"Blood Vial":19,"Lizard Tail":8,"Centennial Puzzle":28,"Pantograph":12,"Strawberry":14,"Bag of Marbles":6,"TungstenRod":26},{"Velvet Choker":11,"Pen Nib":7,"Omamori":16,"Orichalcum":14,"Smiling Mask":7,"Boot":16,"Burning Blood":0,"Blood Vial":12,"Lizard Tail":7,"Centennial Puzzle":16,"Pantograph":8,"Strawberry":10,"Bag of Marbles":5,"TungstenRod":16},{"Velvet Choker":56,"Pen Nib":32,"Omamori":78,"Orichalcum":66,"Smiling Mask":32,"Boot":78,"Burning Blood":0,"Blood Vial":59,"Lizard Tail":32,"Centennial Puzzle":78,"Pantograph":36,"Strawberry":44,"Bag of Marbles":21,"TungstenRod":78}],"Burning Blood":96,"TungstenRod":12},"card_choices":[{"not_picked":["Clash","Body Slam"],"picked":"Iron Wave","floor":1.0},{"not_picked":["Ghostly Armor","Heavy Blade"],"picked":"Uppercut","floor":2.0},{"not_picked":["Twin Strike","Perfected Strike"],"picked":"Power Through","floor":3.0},{"not_picked":["Sever Soul","Twin Strike"],"picked":"Wild Strike","floor":5.0},{"not_picked":["Offering","Twin Strike"],"picked":"Iron Wave","floor":6.0},{"not_picked":["Twin Strike","Body Slam"],"picked":"Combust","floor":7.0},{"not_picked":["Clothesline","Wild Strike"],"picked":"Feel No Pain","floor":8.0},{"not_picked":["Thunderclap","Feel No Pain"],"picked":"Sever Soul","floor":12.0},{"not_picked":["Wild Strike","Havoc"],"picked":"Impervious","floor":13.0},{"not_picked":["Feed","Brutality"],"picked":"Immolate","floor":16},{"not_picked":["Pommel Strike","Sword Boomerang+1","Headbutt"],"picked":"SKIP","floor":18},{"not_picked":["Cleave","Anger","Hemokinesis"],"picked":"SKIP","floor":21},{"not_picked":["Pommel Strike","Thunderclap","Evolve"],"picked":"SKIP","floor":23},{"not_picked":["Clothesline","Spot Weakness"],"picked":"Second Wind","floor":24},{"not_picked":["Combust","Clash","Entrench"],"picked":"SKIP","floor":25}],"player_experience":1053772,"relics_obtained":[{"floor":6.0,"key":"Bag of Marbles"},{"floor":8.0,"key":"Lizard Tail"},{"floor":9.0,"key":"Pen Nib"},{"floor":11.0,"key":"Smiling Mask"},{"floor":12.0,"key":"Pantograph"},{"floor":14.0,"key":"Strawberry"},{"floor":23,"key":"Orichalcum"},{"floor":25,"key":"Omamori"},{"floor":26,"key":"TungstenRod"},{"floor":27,"key":"Boot"}],"event_choices":[{"damage_healed":0.0,"max_hp_gain":0.0,"max_hp_loss":0.0,"gold_gain":0.0,"cards_transformed":["Strike_R"],"event_name":"Transmorgrifier","player_choice":"Transformed","floor":4.0,"gold_loss":0.0,"damage_taken":0.0,"cards_obtained":["Sentinel"]},{"damage_healed":0.0,"max_hp_gain":0.0,"max_hp_loss":0.0,"gold_gain":0.0,"event_name":"Dead Adventurer","player_choice":"Searched \u00271\u0027 times","floor":14.0,"gold_loss":0.0,"damage_taken":0.0},{"damage_healed":0,"gold_gain":0,"player_choice":"Ignored","damage_taken":0,"max_hp_gain":0,"max_hp_loss":0,"event_name":"Ghosts","floor":20,"gold_loss":0},{"damage_healed":0,"gold_gain":0,"player_choice":"Copied","damage_taken":0,"max_hp_gain":0,"max_hp_loss":0,"event_name":"Duplicator","floor":22,"gold_loss":0,"cards_obtained":["Impervious"]},{"damage_healed":0,"gold_gain":0,"player_choice":"Opened","damage_taken":0,"relics_obtained":["Centennial Puzzle"],"max_hp_gain":0,"max_hp_loss":0,"event_name":"The Mausoleum","floor":28,"gold_loss":0,"cards_obtained":["Writhe"]}],"is_beta":false,"boss_relics":[{"not_picked":["Snecko Eye","Runic Cube"],"picked":"Velvet Choker"}],"items_purged_floors":[19],"is_endless":false,"potions_floor_spawned":[2,3,7,8,13,18,24,25],"killed_by":"Book of Stabbing","ascension_level":18}}