{"host":"qxeepl7ydvsgmfdb","time":1613754459,"event":{"mods":["AchievementEnabler","BaseMod","Colored Powertips","Minty Spire (QoL Compilation)","Quick Restart","slay the spire mod where everything is the same but ironclad has a cowboy hat"],"gold_per_floor":[118,137,212,362,13,48,48,83,83,99,116,135,155,171,171,266,266,278,291,291,566,566,566],"floor_reached":22,"language":"ENG","playtime":677,"items_purged":["Doubt"],"score":413,"play_id":"e642f569-0355-4521-9691-da4ff8e2bb4d","local_time":"20210219120739","is_ascension_mode":true,"campfire_choices":[{"data":"Cloak And Dagger","floor":7.0,"key":"SMITH"},{"floor":15.0,"key":"REST"}],"circlet_count":0,"master_deck":["AscendersBane","Strike_G","Strike_G","Strike_G","Strike_G","Strike_G","Defend_G","Defend_G","Defend_G","Defend_G","Defend_G","Survivor","Neutralize","Deflect","Slice","Cloak And Dagger+1","Slice","All Out Attack","Dagger Spray","Dagger Spray","Envenom","Deadly Poison","Writhe","Regret"],"relics":["Ring of the Snake","NeowsBlessing","Membership Card","Meat on the Bone","Gremlin Horn","Pocketwatch","Blue Candle","SlaversCollar","Sundial"],"acts_visited":["Exordium","TheCity"],"potions_floor_usage":[22],"damage_taken":[{"damage":0.0,"enemies":"Cultist","floor":1.0,"turns":1.0},{"damage":0.0,"enemies":"2 Louse","floor":2.0,"turns":1.0},{"damage":0.0,"enemies":"Lagavulin","floor":6.0,"turns":1.0},{"damage":31.0,"enemies":"3 Sentries","floor":8.0,"turns":10.0},{"damage":1.0,"enemies":"Jaw Worm","floor":10.0,"turns":4.0},{"damage":0.0,"enemies":"Lots of Slimes","floor":11.0,"turns":4.0},{"damage":0.0,"enemies":"Gremlin Gang","floor":12.0,"turns":2.0},{"damage":3.0,"enemies":"Blue Slaver","floor":13.0,"turns":4.0},{"damage":0.0,"enemies":"Looter","floor":14.0,"turns":3.0},{"damage":22.0,"enemies":"Slime Boss","floor":16.0,"turns":9.0},{"damage":8.0,"enemies":"Chosen","floor":18.0,"turns":5.0},{"damage":29.0,"enemies":"2 Thieves","floor":19.0,"turns":5.0},{"damage":37,"enemies":"Snecko","floor":22,"turns":4}],"seed_played":"3671130525500171625","potions_obtained":[{"floor":10.0,"key":"ColorlessPotion"},{"floor":13.0,"key":"Fire Potion"},{"floor":16.0,"key":"BlessingOfTheForge"},{"floor":19.0,"key":"GamblersBrew"}],"is_trial":false,"path_per_floor":["M","M","?","?","$","E","R","E","T","M","M","M","M","M","R","B",null,"M","M","?","?","M"],"character_chosen":"THE_SILENT","items_purchased":["Membership Card","Meat on the Bone","Cloak And Dagger"],"campfire_rested":1,"item_purchase_floors":[5,5,5],"current_hp_per_floor":[59,59,48,48,48,48,48,29,29,40,40,40,37,37,56,34,58,50,33,33,33,0,0],"gold":566,"neow_bonus":"THREE_ENEMY_KILL","is_daily":false,"chose_seed":false,"campfire_upgraded":1,"win_rate":0.0,"timestamp":1613754459,"path_taken":["M","?","?","?","?","E","R","E","T","?","M","?","M","M","R","BOSS","M","M","?","?","?"],"items_purchased_type":["Relic","Relic","Card"],"build_version":"2020-12-22","purchased_purges":1,"victory":false,"max_hp_per_floor":[66,66,66,66,66,66,66,66,66,66,66,66,66,66,66,66,66,66,66,66,66,66,66],"card_choices":[{"not_picked":["Riddle With Holes","Heel Hook"],"picked":"Deflect","floor":1.0},{"not_picked":["PiercingWail","Acrobatics"],"picked":"Slice","floor":2.0},{"not_picked":["Outmaneuver","Heel Hook"],"picked":"Slice","floor":6.0},{"not_picked":["Leg Sweep","Eviscerate","Prepared"],"picked":"SKIP","floor":8.0},{"not_picked":["Dodge and Roll","Well Laid Plans"],"picked":"All Out Attack","floor":10.0},{"not_picked":["Choke","Skewer","Dodge and Roll"],"picked":"SKIP","floor":11.0},{"not_picked":["Backflip","Caltrops","Underhanded Strike"],"picked":"SKIP","floor":12.0},{"not_picked":["Cloak And Dagger","PiercingWail"],"picked":"Dagger Spray","floor":13.0},{"not_picked":["Expertise","Crippling Poison"],"picked":"Dagger Spray","floor":14.0},{"not_picked":["A Thousand Cuts","Grand Finale"],"picked":"Envenom","floor":16.0},{"not_picked":["Blur","Well Laid Plans+1","Dagger Spray"],"picked":"SKIP","floor":18.0},{"not_picked":["Dagger Throw","Accuracy"],"picked":"Deadly Poison","floor":19.0}],"player_experience":178955,"relics_obtained":[{"floor":6.0,"key":"Gremlin Horn"},{"floor":8.0,"key":"Pocketwatch"},{"floor":9.0,"key":"Blue Candle"}],"event_choices":[{"damage_healed":0.0,"max_hp_gain":0.0,"max_hp_loss":0.0,"gold_gain":75.0,"event_name":"World of Goop","player_choice":"Gather Gold","floor":3.0,"gold_loss":0.0,"damage_taken":11.0},{"damage_healed":0.0,"max_hp_gain":0.0,"max_hp_loss":0.0,"gold_gain":150.0,"event_name":"Liars Game","player_choice":"AGREE","floor":4.0,"gold_loss":0.0,"damage_taken":0.0,"cards_obtained":["Doubt"]},{"damage_healed":0.0,"max_hp_gain":0.0,"max_hp_loss":0.0,"gold_gain":0.0,"event_name":"The Mausoleum","player_choice":"Opened","floor":20.0,"gold_loss":0.0,"damage_taken":0.0,"relics_obtained":["Sundial"],"cards_obtained":["Writhe"]},{"damage_healed":0.0,"max_hp_gain":0.0,"max_hp_loss":0.0,"gold_gain":275.0,"event_name":"Golden Shrine","player_choice":"Desecrate","floor":21.0,"gold_loss":0.0,"damage_taken":0.0,"cards_obtained":["Regret"]}],"is_beta":false,"boss_relics":[{"not_picked":["Fusion Hammer","Coffee Dripper"],"picked":"SlaversCollar"}],"items_purged_floors":[5],"is_endless":false,"potions_floor_spawned":[10,13,14,16,19],"killed_by":"Snecko","ascension_level":17}}