{"host":"tlbbab9afexrkdtf","time":1613768881,"event":{"mods":["2.2 Compatiblity","AchievementEnabler","BaseMod","Colored Map","Colored Powertips","Minty Spire (QoL Compilation)","Rare Cards Sparkle","StSLib"],"gold_per_floor":[117,130,153,166,183,209,209,229,229,229,245,265,265,0,0,0,0],"floor_reached":16,"language":"ENG","playtime":705,"items_purged":["Normality"],"score":130,"play_id":"fcfd9806-5cc4-4af3-81ca-045bcf58e3eb","local_time":"20210219160801","is_ascension_mode":true,"campfire_choices":[{"floor":7,"key":"REST"},{"floor":10,"key":"REST"},{"floor":15,"key":"REST"}],"circlet_count":0,"master_deck":["Strike_G","Strike_G","Strike_G","Strike_G","Strike_G","Defend_G","Defend_G","Defend_G","Defend_G","Defend_G","Survivor","Neutralize","Quick Slash","Concentrate","Blade Dance","Reflex","Cloak And Dagger","Blade Dance+1","Parasite","Outmaneuver","Setup"],"relics":["Cursed Key","Akabeko","Bottled Lightning","White Beast Statue","Membership Card","Strawberry"],"acts_visited":["Exordium"],"potions_floor_usage":[6,6,12,12],"damage_taken":[{"damage":0,"enemies":"Cultist","floor":1,"turns":4},{"damage":3,"enemies":"Small Slimes","floor":2,"turns":4},{"damage":4,"enemies":"Jaw Worm","floor":4,"turns":4},{"damage":1,"enemies":"Looter","floor":5,"turns":2},{"damage":50,"enemies":"Lagavulin","floor":6,"turns":9},{"damage":24,"enemies":"Exordium Thugs","floor":8,"turns":7},{"damage":20,"enemies":"Gremlin Gang","floor":11,"turns":5},{"damage":9,"enemies":"2 Fungi Beasts","floor":12,"turns":2},{"damage":34,"enemies":"Hexaghost","floor":16,"turns":9}],"seed_played":"8174205821146077629","potions_obtained":[{"floor":1,"key":"Block Potion"},{"floor":2,"key":"EssenceOfSteel"},{"floor":8,"key":"Poison Potion"},{"floor":11,"key":"Poison Potion"},{"floor":12,"key":"SmokeBomb"}],"is_trial":false,"path_per_floor":["M","M","T","M","M","E","R","M","T","R","M","M","?","$","R","B"],"character_chosen":"THE_SILENT","items_purchased":["Membership Card","Strawberry"],"campfire_rested":3,"item_purchase_floors":[14,14],"current_hp_per_floor":[70,67,67,63,62,12,33,9,9,30,10,1,1,8,31,0,0],"gold":0,"neow_bonus":"BOSS_RELIC","is_daily":false,"chose_seed":false,"campfire_upgraded":0,"win_rate":0.0,"timestamp":1613768881,"path_taken":["M","M","?","?","M","E","R","M","T","R","M","?","?","$","R","BOSS"],"items_purchased_type":["Relic","Relic"],"build_version":"2020-12-22","purchased_purges":1,"victory":false,"max_hp_per_floor":[70,70,70,70,70,70,70,70,70,70,70,70,70,77,77,77,77],"card_choices":[{"not_picked":["Concentrate","Heel Hook"],"picked":"Quick Slash","floor":1},{"not_picked":["Bane","Eviscerate"],"picked":"Concentrate","floor":2},{"not_picked":["All Out Attack","Flying Knee"],"picked":"Blade Dance","floor":4},{"not_picked":["Bullet Time","Eviscerate"],"picked":"Reflex","floor":5},{"not_picked":["Skewer","Prepared"],"picked":"Cloak And Dagger","floor":6},{"not_picked":["Concentrate","Quick Slash"],"picked":"Blade Dance","floor":8},{"not_picked":["Reflex","Acrobatics"],"picked":"Outmaneuver","floor":11},{"not_picked":["Endless Agony","Backflip"],"picked":"Setup","floor":12}],"player_experience":334669,"relics_obtained":[{"floor":3,"key":"Akabeko"},{"floor":6,"key":"Bottled Lightning"},{"floor":9,"key":"White Beast Statue"}],"event_choices":[{"damage_healed":0,"gold_gain":0,"player_choice":"Forge","damage_taken":0,"max_hp_gain":0,"max_hp_loss":0,"event_name":"Accursed Blacksmith","floor":13,"gold_loss":0,"cards_upgraded":["Blade Dance"]}],"is_beta":false,"boss_relics":[],"items_purged_floors":[14],"is_endless":false,"potions_floor_spawned":[1,2,8,11,12],"killed_by":"Hexaghost","ascension_level":5}}