{"host":"o88u0awh8mkwl1l8","time":1613719170,"event":{"mods":["BaseMod","Colored Map","Highlight Path","Minty Spire (QoL Compilation)","Relic Sorter"],"gold_per_floor":[115,135,155,170,190,190,201,232,257,289,302,316,155,168,168,246,246,266,284,284,302,316,316,342,342,342,342,377,397,397,12,12,84,84,98,21,35,52,52,80,100,117,117,145,145,155,190,205,205,205,205],"floor_reached":50,"language":"JPN","playtime":4062,"items_purged":["Strike_P"],"score":1309,"play_id":"abb6c43b-fbf9-4c70-91a5-5ec0f22ca4de","local_time":"20210219161930","is_ascension_mode":true,"campfire_choices":[{"floor":6.0,"key":"REST"},{"floor":15.0,"key":"REST"},{"floor":23.0,"key":"REST"},{"data":"LessonLearned","floor":25.0,"key":"SMITH"},{"data":"MentalFortress","floor":27.0,"key":"SMITH"},{"floor":32.0,"key":"RECALL"},{"floor":49.0,"key":"REST"}],"circlet_count":0,"master_deck":["AscendersBane","Strike_P+1","Strike_P+1","Defend_P+1","Defend_P+1","Defend_P","Defend_P+1","Eruption+1","Vigilance+1","FlurryOfBlows+1","Sanctity+1","LessonLearned+1","ClearTheMind","CutThroughFate+1","Tantrum+1","FollowUp+1","EmptyBody","BowlingBash+1","MentalFortress+1","SashWhip+1","Brilliance+1","InnerPeace+1","CarveReality+1","Vault+1","Wallop+1","Vault","Wallop+1","Wallop+1"],"relics":["PureWater","CloakClasp","Gremlin Horn","Molten Egg 2","Potion Belt","Busted Crown","Strawberry","Juzu Bracelet","Matryoshka","Bottled Tornado","Lee\u0027s Waffle","Snecko Eye","Vajra","Omamori","PreservedInsect"],"acts_visited":["Exordium","TheCity","TheBeyond"],"potions_floor_usage":[],"damage_taken":[{"damage":1.0,"enemies":"Cultist","floor":1.0,"turns":4.0},{"damage":7.0,"enemies":"Jaw Worm","floor":2.0,"turns":2.0},{"damage":0.0,"enemies":"2 Louse","floor":3.0,"turns":3.0},{"damage":21.0,"enemies":"Red Slaver","floor":4.0,"turns":5.0},{"damage":6.0,"enemies":"Looter","floor":5.0,"turns":3.0},{"damage":0.0,"enemies":"2 Fungi Beasts","floor":7.0,"turns":4.0},{"damage":16.0,"enemies":"Gremlin Nob","floor":8.0,"turns":3.0},{"damage":7.0,"enemies":"Lagavulin","floor":10.0,"turns":6.0},{"damage":8.0,"enemies":"Blue Slaver","floor":11.0,"turns":5.0},{"damage":3.0,"enemies":"3 Louse","floor":12.0,"turns":5.0},{"damage":0.0,"enemies":"Lots of Slimes","floor":14.0,"turns":2.0},{"damage":32.0,"enemies":"Hexaghost","floor":16.0,"turns":10.0},{"damage":2.0,"enemies":"2 Thieves","floor":18.0,"turns":4.0},{"damage":4.0,"enemies":"3 Byrds","floor":19.0,"turns":4.0},{"damage":13.0,"enemies":"Snecko","floor":21.0,"turns":3.0},{"damage":19.0,"enemies":"Snake Plant","floor":22.0,"turns":4.0},{"damage":0.0,"enemies":"Gremlin Leader","floor":24.0,"turns":3.0},{"damage":20.0,"enemies":"Slavers","floor":28.0,"turns":6.0},{"damage":4.0,"enemies":"Chosen and Byrds","floor":29.0,"turns":5.0},{"damage":38.0,"enemies":"Automaton","floor":33.0,"turns":9.0},{"damage":0.0,"enemies":"3 Darklings","floor":35.0,"turns":3.0},{"damage":10.0,"enemies":"3 Shapes","floor":37.0,"turns":5.0},{"damage":0.0,"enemies":"Transient","floor":38.0,"turns":6.0},{"damage":0.0,"enemies":"Giant Head","floor":40.0,"turns":8.0},{"damage":1.0,"enemies":"Maw","floor":41.0,"turns":6.0},{"damage":12.0,"enemies":"Spire Growth","floor":42.0,"turns":4.0},{"damage":21.0,"enemies":"Nemesis","floor":44.0,"turns":4.0},{"damage":0.0,"enemies":"Transient","floor":46.0,"turns":8.0},{"damage":16.0,"enemies":"Giant Head","floor":47.0,"turns":7.0},{"damage":1.0,"enemies":"4 Shapes","floor":48.0,"turns":2.0},{"damage":64,"enemies":"Awakened One","floor":50,"turns":11}],"seed_played":"-8201389238019485265","potions_obtained":[{"floor":2.0,"key":"SneckoOil"},{"floor":3.0,"key":"ColorlessPotion"},{"floor":8.0,"key":"ColorlessPotion"},{"floor":11.0,"key":"Weak Potion"},{"floor":12.0,"key":"DistilledChaos"},{"floor":14.0,"key":"Explosive Potion"},{"floor":18.0,"key":"Energy Potion"},{"floor":21.0,"key":"Regen Potion"},{"floor":33.0,"key":"Explosive Potion"},{"floor":40.0,"key":"AttackPotion"},{"floor":42.0,"key":"DistilledChaos"},{"floor":44.0,"key":"Explosive Potion"},{"floor":46.0,"key":"Explosive Potion"}],"is_trial":false,"path_per_floor":["M","M","M","M","M","R","M","E","T","E","M","M","$","M","R","B",null,"M","M","?","M","M","R","E","R","T","R","E","M","?","$","R","B",null,"M","$","M","M","?","E","M","M","T","E","?","M","E","M","R","B"],"character_chosen":"WATCHER","items_purchased":["MentalFortress","Vault","Wallop+1","Lee\u0027s Waffle","Wallop+1"],"campfire_rested":4,"item_purchase_floors":[13,31,31,31,36],"current_hp_per_floor":[66,59,59,38,32,54,54,38,38,31,23,20,20,20,42,10,58,56,52,59,46,27,51,60,60,60,60,40,36,36,88,88,50,79,79,79,69,69,69,69,68,56,56,35,35,35,19,18,44,0,0],"gold":205,"neow_bonus":"TEN_PERCENT_HP_BONUS","is_daily":false,"chose_seed":false,"campfire_upgraded":2,"win_rate":0.0,"timestamp":1613719170,"path_taken":["M","M","M","M","M","R","M","E","T","E","?","M","$","M","R","BOSS","M","M","?","M","M","R","E","R","T","R","E","M","?","$","R","BOSS","M","?","M","M","?","E","M","M","T","E","?","M","E","M","R","BOSS"],"items_purchased_type":["Card","Card","Card","Relic","Card"],"build_version":"2020-12-22","purchased_purges":1,"victory":false,"max_hp_per_floor":[74,74,74,74,74,74,74,74,74,74,74,74,74,74,74,74,74,74,74,81,81,81,81,81,81,81,81,81,81,81,88,88,88,88,88,88,88,88,88,88,88,88,88,88,88,88,88,88,88,88,88],"card_choices":[{"not_picked":["EmptyBody","Crescendo"],"picked":"FlurryOfBlows","floor":1.0},{"not_picked":["CrushJoints","SashWhip"],"picked":"Sanctity","floor":2.0},{"not_picked":["PathToVictory","EmptyFist"],"picked":"LessonLearned","floor":3.0},{"not_picked":["Pray","Crescendo"],"picked":"ClearTheMind","floor":4.0},{"not_picked":["CrushJoints","FollowUp"],"picked":"CutThroughFate","floor":5.0},{"not_picked":["JustLucky","EmptyBody"],"picked":"Tantrum","floor":7.0},{"not_picked":["ConjureBlade","Wish"],"picked":"FollowUp+1","floor":8.0},{"not_picked":["PathToVictory","Crescendo","ThirdEye"],"picked":"SKIP","floor":10.0},{"not_picked":["Prostrate","ClearTheMind"],"picked":"EmptyBody","floor":11.0},{"not_picked":["EmptyFist+1","FollowUp+1"],"picked":"BowlingBash+1","floor":12.0},{"not_picked":["Swivel","ClearTheMind"],"picked":"SashWhip+1","floor":14.0},{"not_picked":["MasterReality","DevaForm"],"picked":"Brilliance+1","floor":16.0},{"not_picked":["Study"],"picked":"SKIP","floor":18.0},{"not_picked":["WaveOfTheHand"],"picked":"SKIP","floor":19.0},{"not_picked":["Evaluate"],"picked":"SKIP","floor":21.0},{"not_picked":["BowlingBash+1"],"picked":"SKIP","floor":22.0},{"not_picked":[],"picked":"InnerPeace","floor":24.0},{"not_picked":["Weave+1"],"picked":"SKIP","floor":28.0},{"not_picked":["Evaluate"],"picked":"SKIP","floor":29.0},{"not_picked":[],"picked":"Vault","floor":33.0},{"not_picked":["Study"],"picked":"SKIP","floor":35.0},{"not_picked":["PathToVictory"],"picked":"SKIP","floor":37.0},{"not_picked":["Protect"],"picked":"SKIP","floor":38.0},{"not_picked":["FlyingSleeves+1"],"picked":"SKIP","floor":40.0},{"not_picked":["FlyingSleeves+1"],"picked":"SKIP","floor":40.0},{"not_picked":["FlyingSleeves+1"],"picked":"SKIP","floor":40.0},{"not_picked":["EmptyBody"],"picked":"SKIP","floor":41.0},{"not_picked":["JustLucky+1"],"picked":"SKIP","floor":42.0},{"not_picked":["FlyingSleeves+1"],"picked":"SKIP","floor":44.0},{"not_picked":["SashWhip+1"],"picked":"SKIP","floor":46.0},{"not_picked":["FollowUp+1"],"picked":"SKIP","floor":47.0},{"not_picked":["Halt+1"],"picked":"SKIP","floor":48.0}],"player_experience":1301188,"relics_obtained":[{"floor":8.0,"key":"Molten Egg 2"},{"floor":9.0,"key":"Potion Belt"},{"floor":10.0,"key":"Gremlin Horn"},{"floor":24.0,"key":"Juzu Bracelet"},{"floor":26.0,"key":"Matryoshka"},{"floor":28.0,"key":"Bottled Tornado"},{"floor":40.0,"key":"Vajra"},{"floor":43.0,"key":"Omamori"},{"floor":44.0,"key":"PreservedInsect"},{"floor":47.0,"key":"CloakClasp"}],"event_choices":[{"damage_healed":0.0,"max_hp_gain":0.0,"max_hp_loss":0.0,"gold_gain":0.0,"event_name":"WeMeetAgain","player_choice":"Gave Potion","floor":20.0,"gold_loss":0.0,"damage_taken":0.0,"relics_obtained":["Strawberry"]},{"damage_healed":0.0,"max_hp_gain":0.0,"max_hp_loss":0.0,"gold_gain":0.0,"cards_transformed":["Strike_P"],"event_name":"Transmorgrifier","player_choice":"Transformed","floor":30.0,"gold_loss":0.0,"damage_taken":0.0,"cards_obtained":["CarveReality"]},{"damage_healed":0.0,"max_hp_gain":0.0,"max_hp_loss":0.0,"gold_gain":0.0,"event_name":"Duplicator","player_choice":"Copied","floor":39.0,"gold_loss":0.0,"damage_taken":0.0,"cards_obtained":["Wallop"]},{"damage_healed":0.0,"max_hp_gain":0.0,"max_hp_loss":0.0,"gold_gain":0.0,"event_name":"Tomb of Lord Red Mask","player_choice":"Ignored","floor":45.0,"gold_loss":0.0,"damage_taken":0.0}],"is_beta":false,"boss_relics":[{"not_picked":["Ectoplasm","Philosopher\u0027s Stone"],"picked":"Busted Crown"},{"not_picked":["Black Star","Calling Bell"],"picked":"Snecko Eye"}],"items_purged_floors":[13],"is_endless":false,"potions_floor_spawned":[2,3,8,11,12,14,18,21,33,40,42,44,46,48],"killed_by":"Awakened One","ascension_level":20}}