{"host":"Oniwa","time":1613736461,"event":{"mods":["BaseMod","Colored Map","Colored Powertips","Minty Spire (QoL Compilation)","Relic Stats","SpireBot","StSLib","Twitch Utils","ojb\u0027s Better Paths Mod","ojb\u0027s Info Mod"],"gold_per_floor":[116,116,391,409,409,409,444,462,462,276,295,321,321,352,352,426,426,439,138,164,164,101,111,111,111,136,165,165,165,201,83,83,167,167,179,227,227,227],"floor_reached":37,"language":"JPN","playtime":2337,"items_purged":["Regret","Strike_B"],"score":856,"play_id":"59d2bb53-51d2-4ee8-9b75-cbfbb9513778","local_time":"20210219210741","is_ascension_mode":true,"campfire_choices":[{"data":"Lockon","floor":6,"key":"SMITH"},{"data":"Doom and Gloom","floor":13,"key":"SMITH"},{"data":"Static Discharge","floor":15,"key":"SMITH"},{"floor":24,"key":"REST"},{"data":"Defragment","floor":28,"key":"SMITH"},{"data":"Buffer","floor":32,"key":"SMITH"}],"circlet_count":0,"master_deck":["AscendersBane","Strike_B","Strike_B","Strike_B","Defend_B","Defend_B","Defend_B","Defend_B","Zap","Dualcast","Static Discharge+1","Lockon+1","Doom and Gloom+1","Reinforced Body","Genetic Algorithm","BootSequence","White Noise","Multi-Cast","Cold Snap","Go for the Eyes","Loop+1","Defragment+1","Capacitor","Lockon","Buffer+1","Glacier","Skim","Turbo","Echo Form"],"relics":["Cracked Core","NeowsBlessing","The Courier","Happy Flower","Orichalcum","Chemical X","Art of War","Bottled Tornado","Black Star","Oddly Smooth Stone","Red Mask","CeramicFish","Dead Branch","Juzu Bracelet","Busted Crown","Ice Cream"],"acts_visited":["TheCity","TheBeyond"],"potions_floor_usage":[12,20,25,33,33,36,36],"damage_taken":[{"damage":0,"enemies":"Cultist","floor":1,"turns":1},{"damage":0,"enemies":"Jaw Worm","floor":4,"turns":1},{"damage":0,"enemies":"Gremlin Nob","floor":7,"turns":1},{"damage":9,"enemies":"2 Louse","floor":8,"turns":3},{"damage":6,"enemies":"Looter","floor":11,"turns":3},{"damage":14,"enemies":"3 Sentries","floor":12,"turns":6},{"damage":20,"enemies":"Lagavulin","floor":14,"turns":5},{"damage":27,"enemies":"The Guardian","floor":16,"turns":8},{"damage":5,"enemies":"3 Byrds","floor":18,"turns":2},{"damage":17,"enemies":"Masked Bandits","floor":20,"turns":4},{"damage":10,"enemies":"2 Thieves","floor":23,"turns":2},{"damage":0,"enemies":"Cultist and Chosen","floor":25,"turns":3},{"damage":0,"enemies":"Snake Plant","floor":27,"turns":3},{"damage":13,"enemies":"Book of Stabbing","floor":30,"turns":4},{"damage":9,"enemies":"Champ","floor":33,"turns":10},{"damage":1,"enemies":"3 Shapes","floor":35,"turns":6},{"damage":51,"enemies":"2 Orb Walkers","floor":36,"turns":7},{"damage":22,"enemies":"3 Darklings","floor":37,"turns":2}],"seed_played":"5053903665994393357","potions_obtained":[{"floor":1,"key":"Regen Potion"},{"floor":7,"key":"Energy Potion"},{"floor":16,"key":"Explosive Potion"},{"floor":20,"key":"SmokeBomb"},{"floor":27,"key":"DistilledChaos"},{"floor":30,"key":"Swift Potion"},{"floor":33,"key":"DistilledChaos"},{"floor":35,"key":"FearPotion"}],"is_trial":false,"path_per_floor":["M","T","?","M","?","R","E","M","T","$","M","E","R","E","R","B",null,"M","$","?","?","$","M","R","M","T","M","R","?","E","$","R","B",null,"M","?","M"],"character_chosen":"DEFECT","items_purchased":["Chemical X","Oddly Smooth Stone","Go for the Eyes","Loop","Capacitor","Glacier","Skim","Turbo"],"campfire_rested":1,"item_purchase_floors":[10,19,19,19,22,31,31,31],"current_hp_per_floor":[64,64,64,64,69,69,69,60,60,60,54,54,54,34,34,7,59,54,54,37,15,15,5,29,29,29,29,29,29,16,16,16,7,63,62,11,0,0],"gold":227,"neow_bonus":"THREE_ENEMY_KILL","is_daily":false,"chose_seed":false,"campfire_upgraded":5,"win_rate":0.0,"timestamp":1613736461,"path_taken":["M","?","?","?","?","R","E","M","T","$","M","E","R","E","R","BOSS","M","$","?","?","?","M","R","M","T","?","R","?","E","$","R","BOSS","M","?","M"],"items_purchased_type":["Relic","Relic","Card","Card","Card","Card","Card","Card"],"build_version":"2020-12-18","purchased_purges":2,"victory":false,"max_hp_per_floor":[71,71,71,71,76,76,76,76,76,76,76,76,76,76,76,76,76,76,76,76,81,81,81,81,81,81,81,81,81,81,81,81,81,81,81,81,81,81],"relic_stats":{"Busted Crown":4,"Happy Flower":[22],"counters":[18,71],"CeramicFish":54,"Dead Branch":[18],"Art of War":[15],"Black Star":1,"Juzu Bracelet":0,"Chemical X":[21],"Orichalcum":[126],"obtain_stats":[{"Ice Cream":36,"NeowsBlessing":0,"Happy Flower":7,"CeramicFish":26,"Dead Branch":30,"Oddly Smooth Stone":19,"The Courier":2,"Juzu Bracelet":30,"Orichalcum":9,"Bottled Tornado":14,"Busted Crown":34,"Art of War":12,"Black Star":17,"Red Mask":20,"Chemical X":10,"Cracked Core":0},{"Ice Cream":17,"NeowsBlessing":0,"Happy Flower":3,"CeramicFish":12,"Dead Branch":14,"Oddly Smooth Stone":9,"The Courier":1,"Juzu Bracelet":14,"Orichalcum":4,"Bottled Tornado":7,"Busted Crown":15,"Art of War":6,"Black Star":8,"Red Mask":10,"Chemical X":4,"Cracked Core":0},{"Ice Cream":69,"NeowsBlessing":0,"Happy Flower":3,"CeramicFish":39,"Dead Branch":46,"Oddly Smooth Stone":30,"The Courier":1,"Juzu Bracelet":46,"Orichalcum":6,"Bottled Tornado":20,"Busted Crown":56,"Art of War":15,"Black Star":28,"Red Mask":34,"Chemical X":6,"Cracked Core":0}]},"card_choices":[{"not_picked":["Rebound","Go for the Eyes"],"picked":"Static Discharge","floor":1},{"not_picked":["Force Field","Beam Cell"],"picked":"Lockon","floor":4},{"not_picked":["Steam","Double Energy"],"picked":"Doom and Gloom","floor":7},{"not_picked":["Turbo","Coolheaded"],"picked":"Reinforced Body","floor":8},{"not_picked":["Coolheaded","Sweeping Beam"],"picked":"Genetic Algorithm","floor":11},{"not_picked":["Go for the Eyes","All For One"],"picked":"BootSequence","floor":12},{"not_picked":["Barrage","Conserve Battery"],"picked":"White Noise","floor":14},{"not_picked":["Fission","Thunder Strike"],"picked":"Multi-Cast","floor":16},{"not_picked":["Go for the Eyes","Scrape"],"picked":"Cold Snap","floor":18},{"not_picked":["Ball Lightning+1","Streamline"],"picked":"Defragment","floor":20},{"not_picked":["Rebound","Streamline","Fusion"],"picked":"SKIP","floor":23},{"not_picked":["BootSequence+1","Barrage"],"picked":"Lockon","floor":27},{"not_picked":["Force Field","Scrape"],"picked":"Buffer","floor":30},{"not_picked":["Amplify","All For One"],"picked":"Echo Form","floor":33},{"not_picked":["Blizzard"],"picked":"SKIP","floor":35}],"player_experience":2744162,"relics_obtained":[{"floor":2,"key":"The Courier"},{"floor":7,"key":"Happy Flower"},{"floor":9,"key":"Orichalcum"},{"floor":12,"key":"Art of War"},{"floor":14,"key":"Bottled Tornado"},{"floor":20,"key":"Red Mask"},{"floor":26,"key":"CeramicFish"},{"floor":30,"key":"Dead Branch"},{"floor":30,"key":"Juzu Bracelet"},{"floor":36,"key":"Ice Cream"}],"event_choices":[{"damage_healed":0,"gold_gain":275,"player_choice":"Desecrate","damage_taken":0,"max_hp_gain":0,"max_hp_loss":0,"event_name":"Golden Shrine","floor":3,"gold_loss":0,"cards_obtained":["Regret"]},{"damage_healed":0,"gold_gain":0,"player_choice":"Donut","damage_taken":0,"max_hp_gain":5,"max_hp_loss":0,"event_name":"Big Fish","floor":5,"gold_loss":0},{"damage_healed":0,"gold_gain":0,"player_choice":"Fought Bandits","damage_taken":0,"max_hp_gain":0,"max_hp_loss":0,"event_name":"Masked Bandits","floor":20,"gold_loss":0},{"damage_healed":0,"gold_gain":0,"player_choice":"Shed Blood","damage_taken":27,"max_hp_gain":5,"max_hp_loss":0,"event_name":"Forgotten Altar","floor":21,"gold_loss":0},{"damage_healed":0,"gold_gain":0,"player_choice":"Upgraded","damage_taken":0,"max_hp_gain":0,"max_hp_loss":0,"event_name":"Upgrade Shrine","floor":29,"gold_loss":0,"cards_upgraded":["Loop"]},{"damage_healed":0,"gold_gain":0,"player_choice":"Fight","damage_taken":0,"max_hp_gain":0,"max_hp_loss":0,"event_name":"Mysterious Sphere","floor":36,"gold_loss":0}],"is_beta":true,"boss_relics":[{"not_picked":["Ectoplasm","Calling Bell"],"picked":"Black Star"},{"not_picked":["Tiny House","Sozu"],"picked":"Busted Crown"}],"items_purged_floors":[10,19],"is_endless":false,"potions_floor_spawned":[1,7,16,20,27,30,33,35],"killed_by":"3 Darklings","ascension_level":20}}