{"host":"b7j598ve05halrwk","time":1613706440,"event":{"mods":["2.2 Compatiblity","BaseMod","Block Reminder","DeckTracker","Minty Spire (QoL Compilation)","Relic Stats","Slay the Relics Exporter","StSLib","ojb\u0027s Better Paths Mod","ojb\u0027s Info Mod"],"gold_per_floor":[109,109,109,123,13,48,60,78,78,110,163,163,180,210,210,284,284,304,314,314,347,272,297,312,347,401,436,461,490,522,538,538,538,538],"floor_reached":33,"language":"ENG","playtime":2318,"items_purged":[],"score":844,"play_id":"30d6b628-c8c9-4b80-9a50-3343ef46fed2","local_time":"20210218224720","is_ascension_mode":true,"campfire_choices":[{"floor":12,"key":"REST"},{"data":"Biased Cognition","floor":15,"key":"SMITH"},{"data":"Seek","floor":32,"key":"SMITH"}],"circlet_count":0,"master_deck":["AscendersBane","Strike_B+1","Defend_B","Defend_B","Defend_B+1","Zap","Dualcast","BootSequence","Streamline","Sweeping Beam","Ball Lightning","Glacier","Ball Lightning","Biased Cognition+1","Coolheaded","Electrodynamics","Doom and Gloom","Biased Cognition","Sunder+1","Self Repair+1","Glacier","Seek+1","Cold Snap","Machine Learning","Force Field","Glacier","Electrodynamics"],"relics":["Cracked Core","NeowsBlessing","Dream Catcher","Lantern","Mummified Hand","Akabeko","Potion Belt","Astrolabe","Red Mask","Darkstone Periapt","Vajra","Strawberry","CeramicFish","Cables"],"acts_visited":["Exordium","TheCity"],"potions_floor_usage":[10,14,25,27,30,33],"damage_taken":[{"damage":0,"enemies":"2 Louse","floor":1,"turns":1},{"damage":0,"enemies":"Small Slimes","floor":4,"turns":1},{"damage":0,"enemies":"Gremlin Nob","floor":6,"turns":1},{"damage":0,"enemies":"Jaw Worm","floor":7,"turns":2},{"damage":4,"enemies":"Blue Slaver","floor":8,"turns":3},{"damage":10,"enemies":"3 Sentries","floor":10,"turns":5},{"damage":1,"enemies":"Looter","floor":13,"turns":2},{"damage":0,"enemies":"Gremlin Nob","floor":14,"turns":2},{"damage":5,"enemies":"The Guardian","floor":16,"turns":11},{"damage":0,"enemies":"Chosen","floor":18,"turns":2},{"damage":16,"enemies":"Shell Parasite","floor":19,"turns":4},{"damage":0,"enemies":"Masked Bandits","floor":21,"turns":1},{"damage":0,"enemies":"Slavers","floor":23,"turns":3},{"damage":0,"enemies":"Shelled Parasite and Fungi","floor":24,"turns":3},{"damage":16,"enemies":"Gremlin Leader","floor":25,"turns":7},{"damage":4,"enemies":"Slavers","floor":27,"turns":3},{"damage":0,"enemies":"Snake Plant","floor":28,"turns":2},{"damage":0,"enemies":"Chosen and Byrds","floor":29,"turns":6},{"damage":18,"enemies":"Book of Stabbing","floor":30,"turns":3},{"damage":4,"enemies":"Centurion and Healer","floor":31,"turns":3},{"damage":100,"enemies":"Automaton","floor":33,"turns":12}],"seed_played":"-5178486208945181112","potions_obtained":[{"floor":1,"key":"LiquidBronze"},{"floor":16,"key":"SkillPotion"},{"floor":18,"key":"DuplicationPotion"},{"floor":23,"key":"LiquidBronze"},{"floor":24,"key":"DuplicationPotion"},{"floor":27,"key":"Explosive Potion"},{"floor":28,"key":"Explosive Potion"}],"is_trial":false,"path_per_floor":["M","?","?","M","$","E","M","M","T","E","T","R","M","E","R","B",null,"M","M","?","?","?","E","M","E","T","E","M","M","E","M","R","B"],"character_chosen":"DEFECT","items_purchased":["Sweeping Beam","FearPotion"],"campfire_rested":1,"item_purchase_floors":[5,5],"current_hp_per_floor":[64,57,36,36,36,36,36,32,32,22,22,43,42,42,42,37,63,71,65,65,65,65,65,71,55,62,68,68,78,70,76,76,0,0],"gold":538,"neow_bonus":"THREE_ENEMY_KILL","is_daily":false,"chose_seed":false,"campfire_upgraded":2,"win_rate":0.0,"timestamp":1613706440,"path_taken":["M","?","?","M","?","E","M","M","T","E","?","R","M","E","R","BOSS","M","M","?","?","?","E","M","E","T","E","M","M","E","M","R","BOSS"],"items_purchased_type":["Card","Potion"],"build_version":"2020-12-22","purchased_purges":0,"victory":false,"max_hp_per_floor":[71,71,71,71,71,71,71,71,71,71,71,71,71,71,71,71,71,71,71,71,71,71,71,71,71,78,78,78,78,78,78,78,78,78],"relic_stats":{"Darkstone Periapt":0,"Dream Catcher":1,"counters":[21,77],"Mummified Hand":[72],"Astrolabe":["Sunder","Gash","Self Repair"],"CeramicFish":27,"obtain_stats":[{"Potion Belt":14,"Darkstone Periapt":23,"Lantern":9,"NeowsBlessing":0,"Astrolabe":17,"CeramicFish":27,"Vajra":25,"Akabeko":11,"Cables":30,"Dream Catcher":6,"Mummified Hand":10,"Strawberry":26,"Red Mask":21,"Cracked Core":0},{"Potion Belt":8,"Darkstone Periapt":13,"Lantern":5,"NeowsBlessing":0,"Astrolabe":9,"CeramicFish":16,"Vajra":15,"Akabeko":6,"Cables":19,"Dream Catcher":3,"Mummified Hand":6,"Strawberry":15,"Red Mask":12,"Cracked Core":0},{"Potion Belt":17,"Darkstone Periapt":38,"Lantern":8,"NeowsBlessing":0,"Astrolabe":28,"CeramicFish":51,"Vajra":48,"Akabeko":13,"Cables":62,"Dream Catcher":3,"Mummified Hand":13,"Strawberry":48,"Red Mask":35,"Cracked Core":0}],"Cables":[14,6,7,1,0]},"card_choices":[{"not_picked":["Capacitor","Chill"],"picked":"BootSequence","floor":1},{"not_picked":["Chaos","Steam Power"],"picked":"Streamline","floor":4},{"not_picked":["Multi-Cast","Consume"],"picked":"Ball Lightning","floor":6},{"not_picked":["Hologram","Coolheaded"],"picked":"Glacier","floor":7},{"not_picked":["Reinforced Body","Steam"],"picked":"Ball Lightning","floor":8},{"not_picked":["Sweeping Beam","Darkness"],"picked":"Biased Cognition","floor":10},{"not_picked":["Go for the Eyes","Skim"],"picked":"Coolheaded","floor":12},{"not_picked":["Fusion","Undo"],"picked":"Electrodynamics","floor":13},{"not_picked":["Compile Driver","Rebound"],"picked":"Doom and Gloom","floor":14},{"not_picked":["Multi-Cast","Hyperbeam"],"picked":"Biased Cognition","floor":16},{"not_picked":["Barrage","Beam Cell","Scrape"],"picked":"SKIP","floor":18},{"not_picked":["Streamline","Conserve Battery"],"picked":"Glacier","floor":19},{"not_picked":["Compile Driver","Static Discharge"],"picked":"Seek","floor":23},{"not_picked":["Leap","Barrage"],"picked":"Cold Snap","floor":24},{"not_picked":["Leap","Coolheaded"],"picked":"Machine Learning","floor":25},{"not_picked":["Gash","Go for the Eyes"],"picked":"Force Field","floor":27},{"not_picked":["Reinforced Body+1","Doom and Gloom"],"picked":"Glacier","floor":28},{"not_picked":["Conserve Battery","Leap"],"picked":"Electrodynamics","floor":29},{"not_picked":["Steam","Barrage","Beam Cell+1"],"picked":"SKIP","floor":30},{"not_picked":["Steam","Leap","Gash"],"picked":"SKIP","floor":31}],"player_experience":1157242,"relics_obtained":[{"floor":6,"key":"Dream Catcher"},{"floor":9,"key":"Lantern"},{"floor":10,"key":"Mummified Hand"},{"floor":11,"key":"Akabeko"},{"floor":14,"key":"Potion Belt"},{"floor":21,"key":"Red Mask"},{"floor":23,"key":"Darkstone Periapt"},{"floor":25,"key":"Vajra"},{"floor":26,"key":"Strawberry"},{"floor":27,"key":"CeramicFish"},{"floor":30,"key":"Cables"}],"event_choices":[{"cards_removed":["Defend_B"],"damage_healed":0,"gold_gain":0,"player_choice":"Card Removal","damage_taken":7,"max_hp_gain":0,"max_hp_loss":0,"event_name":"Golden Wing","floor":2,"gold_loss":0},{"damage_healed":0,"gold_gain":0,"player_choice":"Entered Light","damage_taken":21,"max_hp_gain":0,"max_hp_loss":0,"event_name":"Shining Light","floor":3,"gold_loss":0,"cards_upgraded":["Strike_B","Defend_B"]},{"damage_healed":0,"gold_gain":0,"player_choice":"Ignored","damage_taken":0,"max_hp_gain":0,"max_hp_loss":0,"event_name":"Vampires","floor":20,"gold_loss":0},{"damage_healed":0,"gold_gain":0,"player_choice":"Fought Bandits","damage_taken":0,"max_hp_gain":0,"max_hp_loss":0,"event_name":"Masked Bandits","floor":21,"gold_loss":0},{"cards_removed":["Gash"],"damage_healed":0,"gold_gain":0,"player_choice":"Gave Gold","damage_taken":0,"max_hp_gain":0,"max_hp_loss":0,"event_name":"Beggar","floor":22,"gold_loss":75}],"is_beta":false,"boss_relics":[{"not_picked":["Tiny House","SacredBark"],"picked":"Astrolabe"}],"items_purged_floors":[],"is_endless":false,"potions_floor_spawned":[1,6,8,16,18,23,24,27,28],"killed_by":"Automaton","ascension_level":20}}