{"host":"q9718omregw4er46","time":1613726961,"event":{"mods":["BaseMod","Bestiary","Colored Powertips","Custom Start","Minty Spire (QoL Compilation)","Quick Restart","Relic Stats"],"gold_per_floor":[115,125,140,140,158,158,123,138,138,138,173,45,100,100,100,100,100],"floor_reached":16,"language":"ENG","playtime":466,"items_purged":["Strike_B"],"score":200,"play_id":"4fd2c588-c57a-4c90-b367-123d2c413014","local_time":"20210219142921","is_ascension_mode":true,"campfire_choices":[{"data":"Sunder","floor":6,"key":"SMITH"},{"data":"Capacitor","floor":10,"key":"SMITH"},{"floor":15,"key":"REST"}],"circlet_count":0,"master_deck":["AscendersBane","Strike_B","Strike_B","Defend_B","Defend_B","Defend_B","Defend_B","Zap","Dualcast","Sunder+1","Cold Snap","Capacitor+1","Compile Driver","Ball Lightning","Beam Cell"],"relics":["Cracked Core","Centennial Puzzle","Question Card","CaptainsWheel","Shuriken","Meat on the Bone"],"acts_visited":["Exordium"],"potions_floor_usage":[11],"damage_taken":[{"damage":7,"enemies":"Jaw Worm","floor":1,"turns":3},{"damage":0,"enemies":"2 Louse","floor":2,"turns":1},{"damage":1,"enemies":"Cultist","floor":3,"turns":3},{"damage":23,"enemies":"Exordium Wildlife","floor":5,"turns":5},{"damage":14,"enemies":"Gremlin Gang","floor":8,"turns":4},{"damage":23,"enemies":"Lagavulin","floor":11,"turns":7},{"damage":4,"enemies":"3 Sentries","floor":13,"turns":6},{"damage":23,"enemies":"Slime Boss","floor":16,"turns":8}],"seed_played":"7722313089441919339","potions_obtained":[{"floor":1,"key":"Strength Potion"},{"floor":2,"key":"Ancient Potion"}],"is_trial":false,"path_per_floor":["M","M","M","?","M","R","?","M","T","R","E","$","?","T","R","B"],"character_chosen":"DEFECT","items_purchased":["Ball Lightning"],"campfire_rested":1,"item_purchase_floors":[12],"current_hp_per_floor":[57,57,56,49,26,26,43,29,29,29,6,6,2,2,23,0,0],"gold":100,"neow_bonus":"RANDOM_COMMON_RELIC","is_daily":false,"chose_seed":false,"campfire_upgraded":2,"win_rate":0.0,"timestamp":1613726961,"path_taken":["M","M","M","?","M","R","?","M","T","R","E","$","?","?","R","BOSS"],"items_purchased_type":["Card"],"build_version":"2020-12-22","purchased_purges":1,"victory":false,"max_hp_per_floor":[71,71,71,71,71,71,71,71,71,71,71,71,71,71,71,71,71],"relic_stats":{"Centennial Puzzle":[21],"counters":[8,37],"Shuriken":[4],"Question Card":2,"obtain_stats":[{"Centennial Puzzle":0,"CaptainsWheel":11,"Shuriken":13,"Cracked Core":0,"Question Card":9,"Meat on the Bone":14},{"Centennial Puzzle":0,"CaptainsWheel":6,"Shuriken":7,"Cracked Core":0,"Question Card":5,"Meat on the Bone":7},{"Centennial Puzzle":0,"CaptainsWheel":23,"Shuriken":29,"Cracked Core":0,"Question Card":16,"Meat on the Bone":29}],"Meat on the Bone":0},"card_choices":[{"not_picked":["Recycle","Steam"],"picked":"Sunder","floor":1},{"not_picked":["Barrage","Compile Driver"],"picked":"Cold Snap","floor":2},{"not_picked":["Beam Cell","Cold Snap","Coolheaded"],"picked":"SKIP","floor":3},{"not_picked":["Meteor Strike","Cold Snap"],"picked":"Capacitor","floor":5},{"not_picked":["Recycle","Barrage","Turbo"],"picked":"SKIP","floor":8},{"not_picked":["Auto Shields","Compile Driver","Double Energy","Heatsinks"],"picked":"SKIP","floor":11},{"not_picked":["Auto Shields","Double Energy","Heatsinks"],"picked":"Compile Driver","floor":11},{"not_picked":["Hologram","Consume","Melter"],"picked":"Beam Cell","floor":13}],"player_experience":815707,"relics_obtained":[{"floor":9,"key":"Question Card"},{"floor":11,"key":"CaptainsWheel"},{"floor":13,"key":"Shuriken"},{"floor":14,"key":"Meat on the Bone"}],"event_choices":[{"cards_removed":["Strike_B"],"damage_healed":0,"gold_gain":0,"player_choice":"Card Removal","damage_taken":7,"max_hp_gain":0,"max_hp_loss":0,"event_name":"Golden Wing","floor":4,"gold_loss":0},{"damage_healed":17,"gold_gain":0,"player_choice":"Healed","damage_taken":0,"max_hp_gain":0,"max_hp_loss":0,"event_name":"The Cleric","floor":7,"gold_loss":35},{"damage_healed":0,"gold_gain":0,"player_choice":"Searched \u00272\u0027 times","damage_taken":0,"max_hp_gain":0,"max_hp_loss":0,"event_name":"Dead Adventurer","floor":13,"gold_loss":0}],"is_beta":false,"boss_relics":[],"items_purged_floors":[12],"is_endless":false,"potions_floor_spawned":[1,2],"killed_by":"Slime Boss","ascension_level":20}}