{"host":"iodn1af76021fjto","time":1613696362,"event":{"mods":["AchievementEnabler","BaseMod","BetterRewards","Colored Map","Downfall","Hermit","Infinite Spire","Jorbs\u0027s Wanderer Trilogy","Minty Spire (QoL Compilation)","Quick Restart","StSLib","SuperFastMode","The Cursed","The Hierophant","The Jungle","The Runesmith","The Servant 0.9.4"],"gold_per_floor":[112,112,125,125,135,162,162,193,193,68,68,93,112,112,112,216,216,227,83,83,83,95,95,95,95,95,95,95,109,9,0,0,100,100,119,132,7,107,107,142,142,176,176,176,176],"floor_reached":44,"language":"ENG","playtime":1380,"items_purged":["Strike_G","Caltrops","Grand Finale"],"score":552,"play_id":"65cd178b-47c0-4911-95ca-7f6676beb7a2","local_time":"20210218195922","is_ascension_mode":true,"campfire_choices":[{"data":"Noxious Fumes","floor":7,"key":"SMITH"},{"data":"Venomology","floor":11,"key":"SMITH"},{"floor":15,"key":"REST"},{"data":"Phantasmal Killer","floor":23,"key":"SMITH"},{"data":"Adrenaline","floor":27,"key":"SMITH"},{"data":"Distraction","floor":32,"key":"SMITH"}],"circlet_count":0,"master_deck":["Survivor","Neutralize","Venomology+1","Noxious Fumes+1","Bouncing Flask","Sucker Punch","Distraction+1","Deadly Poison","Bane","Adrenaline+1","Flying Knee","Terror","Bane","Blade Dance","All Out Attack","Infinite Blades+1","Phantasmal Killer+1","Catalyst","After Image"],"relics":["Ring of the Snake","Blue Candle","infinitespire:Lychee Nut","Toy Ornithopter","Peace Pipe","Shuriken","Lizard Tail","Pandora\u0027s Box","Empty Cage","infinitespire:Bottled Soul","infinitespire:FocusingShard","MutagenicStrength","Gambling Chip","CeramicFish"],"acts_visited":["Exordium","TheCity","TheBeyond"],"potions_floor_usage":[6,6,8,12,13,16,16,22,25,29,33,33,33,35,36,40,42,42,42,42],"damage_taken":[{"damage":0,"enemies":"Small Slimes","floor":1,"turns":4},{"damage":6,"enemies":"2 Louse","floor":3,"turns":4},{"damage":0,"enemies":"Jaw Worm","floor":5,"turns":5},{"damage":21,"enemies":"Gremlin Nob","floor":6,"turns":4},{"damage":9,"enemies":"3 Sentries","floor":8,"turns":5},{"damage":8,"enemies":"Gremlin Nob","floor":12,"turns":4},{"damage":30,"enemies":"Lots of Slimes","floor":13,"turns":4},{"damage":44,"enemies":"Slime Boss","floor":16,"turns":9},{"damage":25,"enemies":"Shell Parasite","floor":18,"turns":4},{"damage":19,"enemies":"2 Thieves","floor":22,"turns":3},{"damage":0,"enemies":"Centurion and Healer","floor":25,"turns":1},{"damage":8,"enemies":"Cultist and Chosen","floor":29,"turns":4},{"damage":34,"enemies":"Champ","floor":33,"turns":5},{"damage":16,"enemies":"Orb Walker","floor":35,"turns":3},{"damage":9,"enemies":"3 Shapes","floor":36,"turns":3},{"damage":38,"enemies":"Giant Head","floor":40,"turns":6},{"damage":65,"enemies":"Reptomancer","floor":42,"turns":5},{"damage":36,"enemies":"Nightmare","floor":44,"turns":3}],"seed_played":"1958886276726118135","potions_obtained":[{"floor":8,"key":"Guardian:BlockOnCardUsePotion"},{"floor":22,"key":"Explosive Potion"},{"floor":29,"key":"GamblersBrew"},{"floor":33,"key":"SpeedPotion"},{"floor":35,"key":"Fire Potion"},{"floor":42,"key":"CultistPotion"}],"is_trial":false,"path_per_floor":["M","?","M","?","M","E","R","E","T","$","R","E","M","T","R","B",null,"M","$","AVR","?","M","R","T","M","T","R","?","M","$","?","R","B",null,"M","M","$","?","$","E","?","E","T","NM"],"character_chosen":"THE_SILENT","items_purchased":["Bane","Phantasmal Killer"],"campfire_rested":1,"item_purchase_floors":[10,19],"current_hp_per_floor":[70,70,64,52,52,31,31,28,28,28,28,31,12,12,27,28,52,30,30,30,30,21,21,21,26,26,26,26,29,29,29,29,16,52,38,40,40,40,40,13,13,16,16,0,0],"gold":176,"neow_bonus":"ONE_RANDOM_RARE_CARD","is_daily":false,"chose_seed":false,"campfire_upgraded":5,"win_rate":0.0,"timestamp":1613696362,"path_taken":["M","?","M","?","M","E","R","E","T","$","R","E","M","?","R","BOSS","M","?","AVR","?","M","R","?","?","T","R","?","M","$","?","R","BOSS","M","M","$","?","?","E","?","E","T","NM"],"items_purchased_type":["Card","Card"],"build_version":"2020-12-22","purchased_purges":3,"victory":false,"max_hp_per_floor":[70,70,70,70,70,52,52,52,52,52,52,52,52,52,52,52,52,52,52,52,52,52,52,52,52,52,52,52,52,52,52,52,52,52,52,52,52,52,52,52,52,52,52,52,52],"card_choices":[{"not_picked":["Quick Slash","Choke"],"picked":"Noxious Fumes","floor":1},{"not_picked":["Escape Plan","Backflip"],"picked":"Bouncing Flask","floor":3},{"not_picked":["Acrobatics","Deflect"],"picked":"Sucker Punch","floor":5},{"not_picked":["Skewer","PiercingWail"],"picked":"Distraction","floor":6},{"not_picked":["Sucker Punch","Concentrate"],"picked":"Deadly Poison","floor":8},{"not_picked":["Sucker Punch","Masterful Stab","Calculated Gamble"],"picked":"SKIP","floor":12},{"not_picked":["Night Terror","Eviscerate","Dodge and Roll"],"picked":"SKIP","floor":13},{"not_picked":["Grand Finale","Venomology"],"picked":"Adrenaline","floor":16},{"not_picked":["Acrobatics+1","PiercingWail"],"picked":"Infinite Blades+1","floor":18},{"not_picked":["Acrobatics","Bouncing Flask"],"picked":"Catalyst","floor":22},{"not_picked":["Heel Hook","Crippling Poison","Catalyst"],"picked":"SKIP","floor":29},{"not_picked":["Wraith Form v2","Die Die Die"],"picked":"After Image","floor":33},{"not_picked":["Backflip","Dodge and Roll+1","Bouncing Flask"],"picked":"SKIP","floor":35},{"not_picked":["PiercingWail+1","Noxious Fumes+1","Cloak And Dagger"],"picked":"SKIP","floor":36},{"not_picked":["Deadly Poison","PiercingWail","Escape Plan+1"],"picked":"SKIP","floor":40},{"not_picked":["infinitespire:Neurotoxin","Sucker Punch+1","Tactician"],"picked":"SKIP","floor":42}],"player_experience":272355,"relics_obtained":[{"floor":6,"key":"infinitespire:Lychee Nut"},{"floor":8,"key":"Toy Ornithopter"},{"floor":9,"key":"Peace Pipe"},{"floor":12,"key":"Shuriken"},{"floor":14,"key":"Lizard Tail"},{"floor":24,"key":"infinitespire:Bottled Soul"},{"floor":26,"key":"infinitespire:FocusingShard"},{"floor":40,"key":"Gambling Chip"},{"floor":42,"key":"CeramicFish"}],"event_choices":[{"damage_healed":0,"gold_gain":0,"player_choice":"Ignored","damage_taken":0,"max_hp_gain":0,"max_hp_loss":0,"event_name":"Liars Game","floor":2,"gold_loss":0},{"damage_healed":0,"gold_gain":0,"player_choice":"Success","damage_taken":12,"relics_obtained":["Blue Candle"],"max_hp_gain":0,"max_hp_loss":0,"event_name":"Scrap Ooze","floor":4,"gold_loss":0},{"damage_healed":0,"gold_gain":0,"player_choice":"Ignored","damage_taken":0,"max_hp_gain":0,"max_hp_loss":0,"event_name":"Vampires","floor":21,"gold_loss":0},{"damage_healed":0,"gold_gain":0,"player_choice":"Inject Mutagens","damage_taken":0,"relics_obtained":["MutagenicStrength"],"max_hp_gain":0,"max_hp_loss":0,"event_name":"Drug Dealer","floor":28,"gold_loss":0},{"damage_healed":0,"gold_gain":0,"player_choice":"Paid Fearfully","damage_taken":0,"max_hp_gain":0,"max_hp_loss":0,"event_name":"Masked Bandits","floor":31,"gold_loss":9},{"damage_healed":0,"gold_gain":100,"player_choice":"Pray","damage_taken":0,"max_hp_gain":0,"max_hp_loss":0,"event_name":"Golden Shrine","floor":38,"gold_loss":0}],"is_beta":false,"boss_relics":[{"not_picked":["Ectoplasm","Runic Dome"],"picked":"Pandora\u0027s Box"},{"not_picked":[]}],"items_purged_floors":[10,30,37],"is_endless":false,"potions_floor_spawned":[8,12,22,29,33,35,42],"killed_by":"Nightmare","ascension_level":3}}