{"host":"fwdkxxz7291ipt0p","time":1613729080,"event":{"mods":["AchievementEnabler","Act Like it!","BaseMod","Minty Spire (QoL Compilation)","MostiFishMod","Relic Filter Mod","StSLib"],"gold_per_floor":[112,112,24,24,199,199,210,240,289,307,325,325,340,112,112,207,207,220,234,234,234,86,86,86,86,111,130,145,161,161,178,178,282,282,296,196,52,0,0,0,0,0,0,13,23,41,57,74,74,74],"floor_reached":51,"language":"ZHS","playtime":3099,"items_purged":["Doubt","Defend_R"],"score":774,"play_id":"9048c400-3b09-4f5e-b4d2-13ad018830d1","local_time":"20210219180440","is_ascension_mode":false,"campfire_choices":[{"data":"Bash","floor":6.0,"key":"SMITH"},{"data":"True Grit","floor":12,"key":"SMITH"},{"data":"Entrench","floor":15,"key":"SMITH"},{"data":"Feed","floor":23,"key":"SMITH"},{"data":"Bloodletting","floor":25,"key":"SMITH"},{"data":"Exhume","floor":30,"key":"SMITH"},{"data":"Inflame","floor":32,"key":"SMITH"},{"data":"MostiFishMod:CullingBlade","floor":40,"key":"SMITH"},{"data":"Battle Trance","floor":49,"key":"SMITH"}],"circlet_count":0,"master_deck":["Strike_R","Strike_R","Strike_R","Strike_R","Defend_R","Defend_R","Defend_R","Bash+1","Shrug It Off","MostiFishMod:ButterFly","Battle Trance","True Grit+1","Entrench+1","Rampage","MostiFishMod:RainCloud","Inflame+1","Bloodletting+1","Inflame","MostiFishMod:CullingBlade+1","Rupture+1","Reaper","Battle Trance","Feed+1","Exhume+1","Twin Strike+1","Second Wind+1","Offering","Inflame+1","Battle Trance+1"],"relics":["Burning Blood","DaveBox","Nloth\u0027s Gift","NeowsBlessing","SynthV:TestCard","Sundial","Tiny Chest","Orrery","RhineCircuit","StoneCalendar","Happy Flower","Transparent","Civilization","Red Mask","Ice Cream","Nunchaku"],"acts_visited":["TheCity","TheBeyond"],"potions_floor_usage":[50,50],"damage_taken":[{"damage":0.0,"enemies":"Jaw Worm","floor":1.0,"turns":1.0},{"damage":0.0,"enemies":"2 Louse","floor":7.0,"turns":1.0},{"damage":0.0,"enemies":"Gremlin Nob","floor":8.0,"turns":1.0},{"damage":0.0,"enemies":"Cultist","floor":10.0,"turns":2.0},{"damage":0,"enemies":"Gremlin Gang","floor":11,"turns":1},{"damage":11,"enemies":"Lots of Slimes","floor":13,"turns":2},{"damage":44,"enemies":"The Guardian","floor":16,"turns":8},{"damage":3,"enemies":"3 Byrds","floor":18,"turns":4},{"damage":4,"enemies":"Chosen","floor":19,"turns":3},{"damage":21,"enemies":"Centurion and Healer","floor":27,"turns":6},{"damage":11,"enemies":"Shelled Parasite and Fungi","floor":28,"turns":4},{"damage":3,"enemies":"Chosen and Byrds","floor":29,"turns":3},{"damage":3,"enemies":"Centurion and Healer","floor":31,"turns":3},{"damage":3,"enemies":"Automaton","floor":33,"turns":3},{"damage":64,"enemies":"3 Shapes","floor":35,"turns":2},{"damage":78,"enemies":"3 Darklings","floor":44,"turns":3},{"damage":59,"enemies":"Transient","floor":45,"turns":2},{"damage":106,"enemies":"4 Shapes","floor":46,"turns":4},{"damage":25,"enemies":"Writhing Mass","floor":47,"turns":1},{"damage":55,"enemies":"Jaw Worm Horde","floor":48,"turns":2},{"damage":174,"enemies":"Donu and Deca","floor":50,"turns":5}],"seed_played":"4725966111026608765","potions_obtained":[{"floor":11,"key":"LiquidMemories"},{"floor":13,"key":"GamblersBrew"},{"floor":16,"key":"Dexterity Potion"},{"floor":19,"key":"BlessingOfTheForge"},{"floor":35,"key":"Swift Potion"},{"floor":45,"key":"Regen Potion"}],"is_trial":false,"path_per_floor":["M","?","$","?","?","R","M","E","T","M","M","R","M","$","R","B",null,"M","M","?","?","$","R","T","R","T","M","M","M","R","M","R","B",null,"M","$","$","?","$","R","$","T","T","M","M","M","M","M","R","B",null],"character_chosen":"IRONCLAD","items_purchased":["MostiFishMod:ButterFly","Orrery","Feed","Civilization"],"campfire_rested":0,"item_purchase_floors":[3,14,22,37],"current_hp_per_floor":[80,85,85,85,85,85,85,85,85,85,85,85,85,85,85,51,85,85,85,85,85,85,85,85,85,85,89,93,93,93,97,97,101,101,105,105,105,105,105,105,105,105,105,110,116,107,134,143,143,124],"gold":74,"neow_bonus":"THREE_ENEMY_KILL","is_daily":false,"chose_seed":false,"campfire_upgraded":9,"win_rate":0.0,"timestamp":1613729080,"path_taken":["M","?","$","?","?","R","M","E","T","M","?","R","M","$","R","BOSS","M","M","?","?","$","R","?","R","T","M","M","M","R","?","R","BOSS","M","?","$","?","$","R","$","?","T","M","M","M","M","M","R","BOSS"],"items_purchased_type":["Card","Relic","Card","Relic"],"build_version":"2020-12-22","purchased_purges":2,"victory":true,"max_hp_per_floor":[80,85,85,85,85,85,85,85,85,85,85,85,85,85,85,85,85,85,85,85,85,85,85,85,85,85,89,93,93,93,97,97,101,101,105,105,105,105,105,105,105,105,105,110,116,129,134,143,143,152],"card_choices":[{"not_picked":["True Grit","Flex"],"picked":"Shrug It Off","floor":1.0},{"not_picked":["Anger","Clothesline","Spot Weakness","Flame Barrier"],"picked":"True Grit","floor":7.0},{"not_picked":["Rupture","MostiFishMod:404NotFound","MostiFishMod:UltimateDefense","Anger"],"picked":"Entrench","floor":8.0},{"not_picked":["Perfected Strike","Havoc","Shockwave","True Grit"],"picked":"Rampage","floor":10.0},{"not_picked":["True Grit","Feel No Pain","Shockwave","Intimidate"],"picked":"MostiFishMod:RainCloud","floor":11},{"not_picked":["Headbutt","MostiFishMod:FlyOverUtopia","Anger","Spot Weakness"],"picked":"Inflame","floor":13},{"not_picked":["Cleave","Clothesline","MostiFishMod:HellRitual","Iron Wave"],"picked":"Bloodletting","floor":14},{"not_picked":["Fiend Fire","Wild Strike","Flex","Headbutt"],"picked":"Inflame","floor":14},{"not_picked":["Brutality","MostiFishMod:UltimateDefense","Double Tap","Bludgeon"],"picked":"MostiFishMod:CullingBlade","floor":16},{"not_picked":["Infernal Blade+1","Flex+1","Havoc","Iron Wave"],"picked":"Rupture+1","floor":18},{"not_picked":["Body Slam","Infernal Blade","Wild Strike","Perfected Strike","Headbutt"],"picked":"SKIP","floor":19},{"not_picked":["Body Slam","Infernal Blade","Wild Strike","Perfected Strike","Headbutt"],"picked":"SKIP","floor":19},{"not_picked":["Infernal Blade","Body Slam","Iron Wave","Cleave"],"picked":"Exhume","floor":27},{"not_picked":["Havoc","Uppercut","Disarm+1","Spot Weakness","Heavy Blade"],"picked":"SKIP","floor":28},{"not_picked":["Clothesline","Thunderclap","Iron Wave","Anger"],"picked":"Twin Strike+1","floor":29},{"not_picked":["Shrug It Off+1","Warcry","Clothesline+1","Whirlwind"],"picked":"Second Wind+1","floor":31},{"not_picked":["MostiFishMod:FlyOverUtopia","Reaper","MostiFishMod:UltimateDefense","MostiFishMod:KnuckleDown"],"picked":"Offering","floor":33},{"not_picked":["Sword Boomerang","Perfected Strike","Wild Strike+1","Thunderclap+1","Body Slam"],"picked":"SKIP","floor":35},{"not_picked":["Sword Boomerang","Perfected Strike","Wild Strike+1","Thunderclap+1","Body Slam"],"picked":"SKIP","floor":35},{"not_picked":["Shrug It Off+1","Entrench","Headbutt+1","Flex+1","MostiFishMod:PerfectStrikeMKII"],"picked":"SKIP","floor":44},{"not_picked":["Clash+1","Clothesline+1","Shockwave+1","Cleave"],"picked":"Inflame+1","floor":45},{"not_picked":["Blood for Blood","Havoc+1","Clothesline+1","Metallicize+1","Rampage+1"],"picked":"SKIP","floor":46},{"not_picked":["Wild Strike+1","Shrug It Off","Thunderclap","Iron Wave+1","Evolve"],"picked":"SKIP","floor":47},{"not_picked":["Clothesline","Flame Barrier+1","True Grit","MostiFishMod:BrandingRite"],"picked":"Battle Trance","floor":48}],"player_experience":481124,"relics_obtained":[{"floor":1.0,"key":"SynthV:TestCard"},{"floor":8.0,"key":"Sundial"},{"floor":9.0,"key":"Tiny Chest"},{"floor":24,"key":"StoneCalendar"},{"floor":26,"key":"Happy Flower"},{"floor":42,"key":"Ice Cream"},{"floor":43,"key":"Nunchaku"}],"event_choices":[{"damage_healed":0.0,"max_hp_gain":5.0,"max_hp_loss":0.0,"gold_gain":0.0,"event_name":"Big Fish","player_choice":"Donut","floor":2.0,"gold_loss":0.0,"damage_taken":0.0},{"damage_healed":0.0,"max_hp_gain":0.0,"max_hp_loss":0.0,"gold_gain":0.0,"cards_transformed":["Strike_R"],"event_name":"Living Wall","player_choice":"Change","floor":4.0,"gold_loss":0.0,"damage_taken":0.0,"cards_obtained":["Battle Trance"]},{"damage_healed":0.0,"max_hp_gain":0.0,"max_hp_loss":0.0,"gold_gain":175.0,"event_name":"Liars Game","player_choice":"AGREE","floor":5.0,"gold_loss":0.0,"damage_taken":0.0,"cards_obtained":["Doubt"]},{"damage_healed":0,"gold_gain":0,"player_choice":"Read","damage_taken":0,"max_hp_gain":0,"max_hp_loss":0,"event_name":"The Library","floor":20,"gold_loss":0,"cards_obtained":["Reaper"]},{"damage_healed":0,"gold_gain":0,"player_choice":"Copied","damage_taken":0,"max_hp_gain":0,"max_hp_loss":0,"event_name":"Duplicator","floor":21,"gold_loss":0,"cards_obtained":["Battle Trance"]},{"damage_healed":0,"gold_gain":0,"player_choice":"Paid","damage_taken":0,"relics_obtained":["Red Mask"],"max_hp_gain":0,"max_hp_loss":0,"event_name":"Tomb of Lord Red Mask","floor":38,"gold_loss":52}],"is_beta":false,"boss_relics":[{"not_picked":["NightmareShop","GuanYuAspect"],"picked":"RhineCircuit"},{"not_picked":["SlaversCollar","OneHitWonderSystem"],"picked":"Transparent"}],"items_purged_floors":[14,36],"is_endless":false,"potions_floor_spawned":[11,13,16,18,19,33,35,44,45],"ascension_level":0}}