{"host":"72n3jwtrlpjobydj","time":1613767454,"event":{"mods":["AchievementEnabler","BaseMod","CapriCore","DeckTracker","Hermit","Koishi","KomeijiMod","Lobotomy","Marisa£¨Ùöéë¡¡Øª×âÞÞ£©","Minty Spire (QoL Compilation)","Permanent Neow","StSLib","SuperFastMode","The Cursed","The Hierophant","The Immortal"],"gold_per_floor":[110,128,28,41,95,95,130,142,167,167,167,197,226,309,309,314,314],"floor_reached":16,"language":"KOR","playtime":516,"items_purged":[],"score":102,"play_id":"7328f2b7-432a-44e7-b66f-118725716273","local_time":"20210220054414","is_ascension_mode":false,"campfire_choices":[{"floor":6,"key":"REST"},{"floor":11,"key":"REST"},{"floor":15,"key":"REST"}],"circlet_count":0,"master_deck":["hermit:Strike_Hermit","hermit:Strike_Hermit","hermit:Strike_Hermit","hermit:Strike_Hermit","hermit:Defend_Hermit","hermit:Defend_Hermit","hermit:Defend_Hermit","hermit:Defend_Hermit","hermit:Snapshot","hermit:Covet","hermit:TrackingShot","hermit:Deadeye","hermit:Ricochet","hermit:Dive","hermit:Scavenge","Injury","hermit:GhostlyPresence","hermit:Headshot"],"relics":["hermit:Momento","hermit:RyeStalk","Golden Idol","Lantern"],"acts_visited":["Exordium"],"potions_floor_usage":[14,14,16],"damage_taken":[{"damage":3,"enemies":"Jaw Worm","floor":1,"turns":3},{"damage":0,"enemies":"2 Louse","floor":2,"turns":2},{"damage":4,"enemies":"Small Slimes","floor":4,"turns":3},{"damage":38,"enemies":"Gremlin Nob","floor":7,"turns":5},{"damage":10,"enemies":"Looter","floor":8,"turns":3},{"damage":11,"enemies":"Exordium Thugs","floor":12,"turns":6},{"damage":0,"enemies":"Blue Slaver","floor":13,"turns":5},{"damage":18,"enemies":"Lagavulin Event","floor":14,"turns":6},{"damage":64,"enemies":"Slime Boss","floor":16,"turns":9}],"seed_played":"-5946889920131223039","potions_obtained":[{"floor":2,"key":"hermit:BlackBile"},{"floor":8,"key":"PowerPotion"},{"floor":13,"key":"DistilledChaos"}],"is_trial":false,"path_per_floor":["M","M","$","M","?","R","E","M","T","?","R","M","M","?","R","B"],"character_chosen":"HERMIT","items_purchased":["hermit:Ricochet","hermit:Dive"],"campfire_rested":3,"item_purchase_floors":[3,3],"current_hp_per_floor":[65,65,65,61,61,87,49,39,39,39,65,54,54,36,62,0,0],"gold":314,"neow_bonus":"TWENTY_PERCENT_HP_BONUS","is_daily":false,"chose_seed":false,"campfire_upgraded":0,"win_rate":0.0,"timestamp":1613767454,"path_taken":["M","M","$","M","?","R","E","M","T","?","R","M","M","?","R","BOSS"],"items_purchased_type":["Card","Card"],"build_version":"2020-12-22","purchased_purges":0,"victory":false,"max_hp_per_floor":[89,89,89,89,89,89,89,89,89,89,89,89,89,89,89,89,89],"card_choices":[{"not_picked":["hermit:Vantage","hermit:WideOpen"],"picked":"hermit:TrackingShot","floor":1},{"not_picked":["hermit:Desperado","hermit:HighCaliber"],"picked":"hermit:Deadeye","floor":2},{"not_picked":["hermit:Midnight","hermit:Roulette","hermit:DeadMansHand"],"picked":"SKIP","floor":4},{"not_picked":["hermit:Ricochet","hermit:TakeCover"],"picked":"hermit:Scavenge","floor":7},{"not_picked":["hermit:Malice","hermit:SprayPray","hermit:NoHoldsBarred"],"picked":"SKIP","floor":8},{"not_picked":["hermit:Manifest","hermit:Misfire","hermit:Feint"],"picked":"SKIP","floor":12},{"not_picked":["hermit:Manifest","hermit:Enervate"],"picked":"hermit:GhostlyPresence","floor":13},{"not_picked":["hermit:Grudge","hermit:Spite"],"picked":"hermit:Headshot","floor":14}],"player_experience":95635,"relics_obtained":[{"floor":7,"key":"hermit:RyeStalk"},{"floor":14,"key":"Lantern"}],"event_choices":[{"damage_healed":0,"gold_gain":54,"player_choice":"Gained Gold","damage_taken":0,"max_hp_gain":0,"max_hp_loss":0,"event_name":"Golden Wing","floor":5,"gold_loss":0},{"damage_healed":0,"gold_gain":0,"player_choice":"Take Wound","damage_taken":0,"relics_obtained":["Golden Idol"],"max_hp_gain":0,"max_hp_loss":0,"event_name":"Golden Idol","floor":10,"gold_loss":0,"cards_obtained":["Injury"]},{"damage_healed":0,"gold_gain":0,"player_choice":"Searched \u00271\u0027 times","damage_taken":0,"max_hp_gain":0,"max_hp_loss":0,"event_name":"Dead Adventurer","floor":14,"gold_loss":0}],"is_beta":false,"boss_relics":[],"items_purged_floors":[],"is_endless":false,"potions_floor_spawned":[2,8,13],"killed_by":"Slime Boss","ascension_level":0}}