{"host":"dxw0slwvk2p0izr3","time":1613751474,"event":{"mods":["BaseMod","Downfall","Minty Spire (QoL Compilation)","Replay The Spire","Shop Mod","StSLib"],"gold_per_floor":[116,129,148,148,168,168,186,186,186],"floor_reached":8,"language":"ZHS","playtime":220,"items_purged":[],"score":58,"play_id":"2ce594b0-4890-46ab-aa3d-799703b4df9c","local_time":"20210220001754","is_ascension_mode":true,"campfire_choices":[{"data":"Eruption","floor":6,"key":"SMITH"}],"circlet_count":0,"master_deck":["Strike_P","Strike_P","Strike_P","Strike_P","Defend_P","Defend_P","Defend_P","Defend_P","Eruption+1","Vigilance","Conclude","Replay:Vibes","Eruption","Study","WheelKick"],"relics":["VioletLotus"],"acts_visited":["Exordium"],"potions_floor_usage":[5],"damage_taken":[{"damage":7.0,"enemies":"Cultist","floor":1.0,"turns":3.0},{"damage":24.0,"enemies":"Jaw Worm","floor":2.0,"turns":2.0},{"damage":3.0,"enemies":"2 Louse","floor":3.0,"turns":2.0},{"damage":21,"enemies":"Gremlin Gang","floor":5,"turns":3},{"damage":0,"enemies":"Large Slime","floor":7,"turns":3},{"damage":40,"enemies":"Lagavulin","floor":8,"turns":2}],"seed_played":"8731298661275521671","potions_obtained":[{"floor":2.0,"key":"GamblersBrew"}],"is_trial":false,"path_per_floor":["M","M","M","?","M","R","M","E"],"character_chosen":"WATCHER","items_purchased":[],"campfire_rested":0,"item_purchase_floors":[],"current_hp_per_floor":[65,41,38,38,17,17,17,0,0],"gold":186,"neow_bonus":"BOSS_RELIC","is_daily":false,"chose_seed":false,"campfire_upgraded":1,"win_rate":0.0,"timestamp":1613751474,"path_taken":["M","?","M","?","M","R","M","E"],"items_purchased_type":[],"build_version":"2020-12-22","purchased_purges":0,"victory":false,"max_hp_per_floor":[72,72,72,72,72,72,72,72,72],"card_choices":[{"not_picked":["Evaluate","EmptyFist","EmptyBody"],"picked":"SKIP","floor":1.0},{"not_picked":["EmptyBody","WreathOfFlame"],"picked":"Conclude","floor":2.0},{"not_picked":["MentalFortress","EmptyMind"],"picked":"Replay:Vibes","floor":3.0},{"not_picked":["Tantrum","WaveOfTheHand"],"picked":"Study","floor":5},{"not_picked":["DeceiveReality","JustLucky"],"picked":"WheelKick","floor":7}],"player_experience":80267,"relics_obtained":[],"event_choices":[{"damage_healed":0.0,"max_hp_gain":0.0,"max_hp_loss":0.0,"gold_gain":0.0,"event_name":"Match and Keep!","player_choice":"1 cards matched","floor":4.0,"gold_loss":0.0,"damage_taken":0.0,"cards_obtained":["Eruption"]}],"is_beta":false,"boss_relics":[],"items_purged_floors":[],"is_endless":false,"potions_floor_spawned":[2],"killed_by":"Lagavulin","ascension_level":3}}