{"host":"o9lehcdjc4u6j9un","time":1613718380,"event":{"mods":["Aspiration","BaseMod","Better-Laid Plans","Bossed Relics","Colored Map","Downfall","Gremlin Mod","Hermit","Koishi","Marisa£®ÏF”Í°°ƒß¿Ì…≥£©","Minty Spire (QoL Compilation)","Reimu£®≤©¿ˆ¡È√Œ£©","Remilia£®¿Ÿ√◊¿Ú—«£©","Robot Space Explorer","StSLib","The Alterego","The Hierophant","The Jungle","The Marked","The Runesmith","The Senshi","The Servant 0.9.4","Yakumo Yukari mod","Youmu£®ªÍ∆«—˝√Œ£©","≤–¡Ù÷ÆŒÔ"],"gold_per_floor":[91,191,191,44,119,129,129,154,154,187,179,190,190,201,201,281,281,297,157,157,173,188,219,219,244,326,336,336,336,349,14,14,116,116,135,147,147,22,22,22],"floor_reached":39,"language":"ZHS","playtime":1508,"items_purged":["Poor:ReiMu","Strike_R","downfall:Haunted"],"score":531,"play_id":"03332d42-048c-4e4b-b1d6-ed5a30f3e644","local_time":"20210219150620","is_ascension_mode":true,"campfire_choices":[{"data":"Combust","floor":7.0,"key":"SMITH"},{"data":"Reaper","floor":13.0,"key":"SMITH"},{"data":"Blood for Blood","floor":15.0,"key":"SMITH"},{"data":"Spot Weakness","floor":29,"key":"SMITH"},{"data":"Bash","floor":32,"key":"SMITH"}],"circlet_count":0,"master_deck":["Strike_R+1","Strike_R+1","Strike_R+1","Defend_R+1","Defend_R+1","Defend_R+1","Defend_R+1","Bash+1","Thinking Ahead","Hemokinesis","CurseOfTheBell","CurseOfTheBell","Reaper+1","downfall:Haunted","Combust+1","Blood for Blood+1","Hemokinesis","Flame Barrier","Cleave","Immolate","Headbutt","Spot Weakness+1","Rampage","Rampage","Battle Trance","Flex","Shrug It Off+1","Inflame","Offering","Rage+1","Thunderclap+1"],"relics":["Burning Blood","downfall:ExtraCursedBell","Anchor","Darkstone Periapt","aspiration:HatOfInfinitePower","hexamod:Sixitude","RuthlessExorcism:ReiMu","Orichalcum","Bottled Tornado","Centennial Puzzle","Empty Cage","TungstenRod","HornCleat","aspiration:SeaSaltIceCream","WingedGreaves","ClockworkSouvenir","Pen Nib","bronze:MakeshiftBattery"],"acts_visited":["Exordium","TheCity","TheBeyond"],"potions_floor_usage":[16,21,25,33,39,39,39],"damage_taken":[{"damage":6.0,"enemies":"2 Louse","floor":1.0,"turns":4.0},{"damage":57.0,"enemies":"Lagavulin","floor":6.0,"turns":6.0},{"damage":19.0,"enemies":"Gremlin Nob","floor":8.0,"turns":3.0},{"damage":9.0,"enemies":"3 Sentries","floor":10.0,"turns":3.0},{"damage":1.0,"enemies":"Small Slimes","floor":11.0,"turns":2.0},{"damage":0.0,"enemies":"Jaw Worm","floor":12.0,"turns":2.0},{"damage":13.0,"enemies":"Exordium Wildlife","floor":14.0,"turns":2.0},{"damage":35,"enemies":"Hexaghost","floor":16,"turns":6},{"damage":13,"enemies":"2 Thieves","floor":18,"turns":2},{"damage":19,"enemies":"Shell Parasite","floor":21,"turns":3},{"damage":23,"enemies":"Centurion and Healer","floor":22,"turns":5},{"damage":21,"enemies":"Slavers","floor":23,"turns":2},{"damage":8,"enemies":"Gremlin Leader","floor":25,"turns":3},{"damage":0,"enemies":"3 Cultists","floor":27,"turns":2},{"damage":2,"enemies":"Chosen and Byrds","floor":30,"turns":3},{"damage":47,"enemies":"Automaton","floor":33,"turns":8},{"damage":2,"enemies":"3 Shapes","floor":35,"turns":2},{"damage":1,"enemies":"Orb Walker","floor":36,"turns":2},{"damage":111,"enemies":"Orb Walker","floor":39,"turns":8}],"seed_played":"-6094339789630752077","potions_obtained":[{"floor":10.0,"key":"PowerPotion"},{"floor":12.0,"key":"PlaceholderMod:PlaceholderPotion"},{"floor":14.0,"key":"Ancient Potion"},{"floor":16,"key":"BloodPotion"},{"floor":21,"key":"GrandPatriotsElixir:ReiMu"},{"floor":23,"key":"Regen Potion"},{"floor":25,"key":"ColorlessPotion"},{"floor":33,"key":"FearPotion"}],"is_trial":false,"path_per_floor":["M","?","?","$","?","E","R","E","T","E","M","M","R","M","R","B",null,"M","$","?","M","M","E","?","E","T","M","?","R","M","$","R","B",null,"M","M","?","$","?"],"character_chosen":"IRONCLAD","items_purchased":["Combust","Spot Weakness","ClockworkSouvenir","Pen Nib","Inflame"],"campfire_rested":0,"item_purchase_floors":[4,19,31,31,31],"current_hp_per_floor":[80,103,109,109,98,50,50,41,41,45,50,56,56,49,49,27,109,102,102,80,91,86,71,71,76,76,97,97,97,114,114,114,77,114,114,114,114,114,0,0],"gold":22,"neow_bonus":"RANDOM_COLORLESS_2","is_daily":false,"chose_seed":false,"campfire_upgraded":5,"win_rate":0.0,"timestamp":1613718380,"path_taken":["M","?","?","$","?","E","R","E","T","E","M","?","R","M","R","BOSS","M","$","?","M","M","E","?","E","T","?","?","R","M","$","R","BOSS","M","M","?","$","?"],"items_purchased_type":["Card","Card","Relic","Relic","Card"],"build_version":"2020-12-22","purchased_purges":3,"victory":false,"max_hp_per_floor":[80,103,109,109,109,109,109,109,109,109,109,109,109,109,109,109,109,109,109,114,114,114,114,114,114,114,114,114,114,114,114,114,114,114,114,114,114,114,114,114],"card_choices":[{"not_picked":["Sadistic Nature","Apotheosis"],"picked":"Thinking Ahead","floor":0.0},{"not_picked":["Shrug It Off","Heavy Blade"],"picked":"Hemokinesis","floor":1.0},{"not_picked":["Inflame","Pommel Strike"],"picked":"Blood for Blood","floor":6.0},{"not_picked":["Dark Embrace","Warcry"],"picked":"Hemokinesis","floor":8.0},{"not_picked":["Rage","Twin Strike","Clash"],"picked":"SKIP","floor":10.0},{"not_picked":["Twin Strike","Body Slam","Clothesline"],"picked":"SKIP","floor":11.0},{"not_picked":["Rage","Twin Strike"],"picked":"Flame Barrier","floor":12.0},{"not_picked":["Searing Blow","Intimidate"],"picked":"Cleave","floor":14.0},{"not_picked":["Exhume","Bludgeon"],"picked":"Immolate","floor":16},{"not_picked":["Pommel Strike","Seeing Red"],"picked":"Headbutt","floor":18},{"not_picked":["Reckless Charge+1","Hemokinesis+1"],"picked":"Rampage","floor":21},{"not_picked":["Havoc+1","Armaments","Sword Boomerang"],"picked":"SKIP","floor":22},{"not_picked":["True Grit","Armaments"],"picked":"Rampage","floor":23},{"not_picked":["Havoc","Whirlwind+1"],"picked":"Battle Trance","floor":25},{"not_picked":["Perfected Strike","Entrench"],"picked":"Flex","floor":27},{"not_picked":["Thunderclap","Wild Strike+1"],"picked":"Shrug It Off+1","floor":30},{"not_picked":["Corruption","Exhume"],"picked":"Offering","floor":33},{"not_picked":["Flex","Clothesline"],"picked":"Rage+1","floor":35},{"not_picked":["Blood for Blood","Hemokinesis+1"],"picked":"Thunderclap+1","floor":36}],"player_experience":347759,"relics_obtained":[{"floor":2.0,"key":"Anchor"},{"floor":2.0,"key":"Darkstone Periapt"},{"floor":2.0,"key":"aspiration:HatOfInfinitePower"},{"floor":6.0,"key":"RuthlessExorcism:ReiMu"},{"floor":8.0,"key":"Orichalcum"},{"floor":9.0,"key":"Bottled Tornado"},{"floor":10.0,"key":"Centennial Puzzle"},{"floor":23,"key":"TungstenRod"},{"floor":25,"key":"HornCleat"},{"floor":26,"key":"aspiration:SeaSaltIceCream"}],"event_choices":[{"damage_healed":0.0,"max_hp_gain":0.0,"max_hp_loss":0.0,"gold_gain":0.0,"event_name":"Big Fish","player_choice":"Box","floor":3.0,"gold_loss":0.0,"damage_taken":0.0,"relics_obtained":["hexamod:Sixitude"],"cards_obtained":["Regret"]},{"damage_healed":0.0,"max_hp_gain":0.0,"max_hp_loss":0.0,"gold_gain":75.0,"event_name":"World of Goop","player_choice":"Gather Gold","floor":5.0,"gold_loss":0.0,"damage_taken":11.0},{"damage_healed":0,"gold_gain":0,"player_choice":"Shed Blood","damage_taken":27,"max_hp_gain":5,"max_hp_loss":0,"event_name":"Forgotten Altar","floor":20,"gold_loss":0},{"cards_removed":["Strike_R"],"damage_healed":0,"gold_gain":0,"player_choice":"Offered Basic","damage_taken":0,"max_hp_gain":0,"max_hp_loss":0,"event_name":"Bonfire Elementals","floor":24,"gold_loss":0},{"damage_healed":0,"gold_gain":0,"player_choice":"Simplicity","damage_taken":0,"max_hp_gain":0,"max_hp_loss":0,"event_name":"Back to Basics","floor":28,"gold_loss":0,"cards_upgraded":["Strike_R","Strike_R","Strike_R","Defend_R","Defend_R","Defend_R","Defend_R"]},{"damage_healed":0,"gold_gain":0,"player_choice":"Ignored","damage_taken":0,"max_hp_gain":0,"max_hp_loss":0,"event_name":"Tomb of Lord Red Mask","floor":37,"gold_loss":0}],"is_beta":false,"boss_relics":[{"not_picked":["Coffee Dripper","Runic Dome"],"picked":"Empty Cage"},{"not_picked":["SacredBark","aspiration:RitualDagger"],"picked":"bronze:MakeshiftBattery"}],"items_purged_floors":[4,19,38],"is_endless":false,"potions_floor_spawned":[10,12,14,16,21,23,25,33],"killed_by":"Orb Walker","ascension_level":2}}