{"host":"89iuq2p5kwriuwfq","time":1613736857,"event":{"mods":["BaseMod","Curses Come First","Minty Spire (QoL Compilation)","Permanent Neow","StSLib"],"gold_per_floor":[114,114,114,132,142,142,167,181,181,199,226,239,258,4,4,78,78,94,94,105,122,142,142,142],"floor_reached":23,"language":"ENG","playtime":1913,"items_purged":["Strike_B"],"score":342,"play_id":"826372e1-53d5-4df8-9f99-88f63719d5b5","local_time":"20210219121417","is_ascension_mode":true,"campfire_choices":[{"data":"Capacitor","floor":6.0,"key":"SMITH"},{"data":"Creative AI","floor":15.0,"key":"SMITH"}],"circlet_count":0,"master_deck":["AscendersBane","Strike_B","Strike_B","Strike_B","Defend_B","Defend_B","Defend_B","Defend_B","Zap","Dualcast","Consume","Darkness","Creative AI+1","Coolheaded","Consume","Coolheaded","Capacitor+1","Self Repair","Cold Snap","Darkness","Chaos","Storm","Flash of Steel","Reboot","Force Field","Force Field","Capacitor","Glacier"],"relics":["Cracked Core","InkBottle","Mummified Hand","The Courier","Shuriken","PreservedInsect","Coffee Dripper"],"acts_visited":["Exordium","TheCity"],"potions_floor_usage":[23],"damage_taken":[{"damage":0.0,"enemies":"2 Louse","floor":1.0,"turns":2.0},{"damage":2.0,"enemies":"Jaw Worm","floor":4.0,"turns":3.0},{"damage":2.0,"enemies":"Cultist","floor":5.0,"turns":4.0},{"damage":7.0,"enemies":"Lagavulin","floor":7.0,"turns":8.0},{"damage":19.0,"enemies":"Exordium Wildlife","floor":8.0,"turns":5.0},{"damage":0.0,"enemies":"Large Slime","floor":10.0,"turns":7.0},{"damage":4.0,"enemies":"3 Sentries","floor":11.0,"turns":8.0},{"damage":7.0,"enemies":"Blue Slaver","floor":12.0,"turns":4.0},{"damage":19.0,"enemies":"Exordium Thugs","floor":13.0,"turns":7.0},{"damage":14.0,"enemies":"Hexaghost","floor":16.0,"turns":7.0},{"damage":17.0,"enemies":"Shell Parasite","floor":18.0,"turns":5.0},{"damage":5.0,"enemies":"Chosen","floor":20.0,"turns":3.0},{"damage":34.0,"enemies":"Snake Plant","floor":21.0,"turns":6.0},{"damage":20.0,"enemies":"Sentry and Sphere","floor":22.0,"turns":5.0},{"damage":27,"enemies":"Gremlin Leader","floor":23,"turns":4}],"seed_played":"3312990750902510928","potions_obtained":[{"floor":1.0,"key":"FocusPotion"},{"floor":10.0,"key":"Swift Potion"},{"floor":11.0,"key":"BlessingOfTheForge"},{"floor":12.0,"key":"Regen Potion"},{"floor":13.0,"key":"ColorlessPotion"},{"floor":21.0,"key":"SteroidPotion"},{"floor":22.0,"key":"EssenceOfSteel"}],"is_trial":false,"path_per_floor":["M","?","?","M","M","R","E","M","T","M","E","M","M","$","R","B",null,"M","?","M","M","M","E"],"character_chosen":"DEFECT","items_purchased":["PreservedInsect","Flash of Steel"],"campfire_rested":0,"item_purchase_floors":[14,14],"current_hp_per_floor":[68,65,65,63,61,61,54,35,35,42,45,45,33,33,33,41,67,57,57,59,32,19,0,0],"gold":142,"neow_bonus":"THREE_CARDS","is_daily":false,"chose_seed":false,"campfire_upgraded":2,"win_rate":0.0,"timestamp":1613736857,"path_taken":["M","?","?","M","M","R","E","M","T","M","E","?","M","$","R","BOSS","M","?","M","M","M","E"],"items_purchased_type":["Relic","Card"],"build_version":"2020-12-22","purchased_purges":1,"victory":false,"max_hp_per_floor":[75,75,75,75,75,75,75,75,75,75,75,75,75,75,75,75,75,75,75,75,75,75,75,75],"card_choices":[{"not_picked":["Conserve Battery","Stack"],"picked":"Consume","floor":0.0},{"not_picked":["Go for the Eyes","Recycle"],"picked":"Darkness","floor":1.0},{"not_picked":["Hologram","Darkness"],"picked":"Coolheaded","floor":4.0},{"not_picked":["Rebound","Creative AI"],"picked":"Capacitor","floor":5.0},{"not_picked":["Tempest","Blizzard","Conserve Battery"],"picked":"SKIP","floor":7.0},{"not_picked":["Conserve Battery","Barrage"],"picked":"Self Repair","floor":8.0},{"not_picked":["Scrape","Gash"],"picked":"Cold Snap","floor":10.0},{"not_picked":["Turbo","Gash"],"picked":"Darkness","floor":11.0},{"not_picked":["All For One","Barrage"],"picked":"Chaos","floor":12.0},{"not_picked":["Genetic Algorithm","Glacier"],"picked":"Storm","floor":13.0},{"not_picked":["Meteor Strike","All For One"],"picked":"Reboot","floor":16.0},{"not_picked":["Conserve Battery","Go for the Eyes"],"picked":"Force Field","floor":18.0},{"not_picked":["Go for the Eyes","Chill"],"picked":"Force Field","floor":20.0},{"not_picked":["Beam Cell","Sunder"],"picked":"Capacitor","floor":21.0},{"not_picked":["Double Energy","Streamline"],"picked":"Glacier","floor":22.0}],"player_experience":727186,"relics_obtained":[{"floor":7.0,"key":"Mummified Hand"},{"floor":9.0,"key":"The Courier"},{"floor":11.0,"key":"Shuriken"}],"event_choices":[{"damage_healed":0.0,"max_hp_gain":0.0,"max_hp_loss":0.0,"gold_gain":0.0,"event_name":"Scrap Ooze","player_choice":"Success","floor":2.0,"gold_loss":0.0,"damage_taken":3.0,"relics_obtained":["InkBottle"]},{"damage_healed":0.0,"max_hp_gain":0.0,"max_hp_loss":0.0,"gold_gain":0.0,"event_name":"Match and Keep!","player_choice":"3 cards matched","floor":3.0,"gold_loss":0.0,"damage_taken":0.0,"cards_obtained":["Creative AI","Coolheaded","Consume"]},{"damage_healed":0.0,"max_hp_gain":0.0,"max_hp_loss":0.0,"gold_gain":0.0,"event_name":"Ghosts","player_choice":"Ignored","floor":19.0,"gold_loss":0.0,"damage_taken":0.0}],"is_beta":false,"boss_relics":[{"not_picked":["Calling Bell","Astrolabe"],"picked":"Coffee Dripper"}],"items_purged_floors":[14],"is_endless":false,"potions_floor_spawned":[1,10,11,12,13,21,22],"killed_by":"Gremlin Leader","ascension_level":13}}