{"host":"cvgfrai8nrtinf2y","time":1613741593,"event":{"mods":["A Magickal Journey","Act Like it!","BaseMod","Better Third Choice","Challenge The Spire","Colored Map","Downfall","Gensokyo","Googly Eyes","Hermit","Highlight Path","Hubris","Infinite Spire","Minty Spire (QoL Compilation)","Rare Cards Sparkle","Relic Sorter","Remilia??????","Spicy Shops","StSLib","The Disciple","The Hierophant","The Necromancer","The Runesmith"],"gold_per_floor":[99,144,180,249,81,126,126,177,207,237,270,321,381,48,87,381,390,290,290,372,411,444,498,523,562,664,721,721,770,770,803,848,1157,1157,1157],"floor_reached":34,"language":"ENG","playtime":915,"items_purged":["Shame"],"score":626,"play_id":"940f8000-e856-448d-a8c3-c70736ae37f8","local_time":"20210219143313","daily_mods":["SealedDeck","Vintage","Heirloom","Flight","Midas"],"is_ascension_mode":false,"campfire_choices":[{"floor":1,"key":"RECALL"},{"floor":18,"key":"REST"}],"circlet_count":0,"master_deck":["FTL","Ball Lightning","Conserve Battery+1","Steam","Ball Lightning","Conserve Battery+1","Conserve Battery","Ball Lightning","Ball Lightning","hubris:Ukulele","Glacier","Conserve Battery+1","CurseOfTheBell"],"relics":["Cracked Core","Du-Vu Doll","Toy Ornithopter","Oddly Smooth Stone","CeramicFish","hubris:BallOfYels","Smiling Mask","hubris:Metronome","Regal Pillow","Slimebound:PreparedRelic","infinitespire:PuzzleCube","Toxic Egg 2","The Courier","ClockworkSouvenir","MealTicket","Symbiotic Virus","Tiny Chest","Pen Nib","CaptainsWheel","Calling Bell","Dream Catcher","hexamod:CandleOfCauterizing","StoneCalendar","downfall:HeartBlessingRed","downfall:KnowingSkull","InkBottle","Shuriken","hubris:SoftwareUpdate","Orichalcum","ScarletDevilRocket","Slimebound:StickyStick","hubris:ToyBattleship","Blood Vial","Potion Belt","Boot","War Paint","hubris:VirtuousBlindfold"],"acts_visited":["Exordium","TheCity","TheBeyond"],"potions_floor_usage":[16],"damage_taken":[{"damage":0,"enemies":"Small Slimes","floor":2,"turns":2},{"damage":0,"enemies":"Jaw Worm","floor":3,"turns":2},{"damage":0,"enemies":"downfall:FleeingMerchant","floor":5,"turns":4},{"damage":0,"enemies":"Cultist","floor":6,"turns":3},{"damage":0,"enemies":"downfall:LooterAlt","floor":8,"turns":2},{"damage":0,"enemies":"Blue Slaver","floor":9,"turns":2},{"damage":5,"enemies":"Red Slaver","floor":10,"turns":2},{"damage":0,"enemies":"2 Fungi Beasts","floor":11,"turns":2},{"damage":0,"enemies":"Exordium Thugs","floor":12,"turns":3},{"damage":0,"enemies":"3 Louse","floor":13,"turns":1},{"damage":0,"enemies":"downfall:FleeingMerchant","floor":14,"turns":3},{"damage":0,"enemies":"downfall:LooterAlt","floor":15,"turns":1},{"damage":0,"enemies":"IC_STATUS_ARCHETYPE","floor":16,"turns":6},{"damage":3,"enemies":"Spheric Guardian","floor":20,"turns":1},{"damage":0,"enemies":"3 Byrds","floor":21,"turns":2},{"damage":0,"enemies":"Snake Plant","floor":22,"turns":2},{"damage":4,"enemies":"Shelled Parasite and Fungi","floor":23,"turns":2},{"damage":0,"enemies":"3 Cultists","floor":25,"turns":3},{"damage":0,"enemies":"Book of Stabbing","floor":26,"turns":2},{"damage":0,"enemies":"Snake Plant","floor":27,"turns":2},{"damage":7,"enemies":"Chosen and Byrds","floor":31,"turns":2},{"damage":0,"enemies":"Snecko","floor":32,"turns":2},{"damage":0,"enemies":"WA_ARCHETYPE_CALM","floor":33,"turns":4}],"seed_played":"2891693970471178994","potions_obtained":[{"floor":3,"key":"hexamod:SoulburnPotion"},{"floor":6,"key":"BlessingOfTheForge"},{"floor":10,"key":"PowerPotion"},{"floor":12,"key":"Fire Potion"},{"floor":16,"key":"Fruit Juice"},{"floor":20,"key":"bronze:BurnAndBuffPotion"},{"floor":26,"key":"SmokeBomb"},{"floor":27,"key":"infinitespire:BlackPotion"},{"floor":30,"key":"CultistPotion"}],"is_trial":true,"path_per_floor":["R","M","M","?","$","M","T","M","M","M","M","M","M","$","M","B",null,"R","?","M","M","M","M","T","M","E","M","?","T","?","M","M","B",null],"character_chosen":"DEFECT","items_purchased":["CeramicFish","ClockworkSouvenir","MealTicket","Symbiotic Virus","Tiny Chest","Pen Nib"],"campfire_rested":1,"item_purchase_floors":[5,14,14,14,14,14],"current_hp_per_floor":[75,75,75,75,75,75,75,75,75,70,70,70,70,70,70,80,80,80,76,73,73,73,69,69,69,69,69,69,69,69,64,66,68,80,80],"gold":1157,"neow_bonus":"","is_daily":false,"chose_seed":false,"campfire_upgraded":0,"win_rate":0.0,"timestamp":1613741593,"path_taken":["R","M","M","?","$","M","T","M","M","M","M","M","M","$","M","BOSS","R","?","M","M","M","?","T","M","E","M","?","?","?","M","M","BOSS"],"items_purchased_type":["Relic","Relic","Relic","Relic","Relic","Relic"],"build_version":"2020-12-22","purchased_purges":1,"victory":false,"max_hp_per_floor":[75,75,75,75,75,75,75,75,75,75,75,75,75,75,75,80,80,80,80,80,80,80,80,80,80,80,80,80,80,80,80,80,80,80,80],"card_choices":[{"not_picked":["Steam","Self Repair"],"picked":"Glacier","floor":5},{"not_picked":["Ball Lightning","Go for the Eyes"],"picked":"Conserve Battery+1","floor":14},{"not_picked":["Gash","Sunder","Stack+1"],"picked":"SKIP","floor":26}],"player_experience":1288784,"relics_obtained":[{"floor":2,"key":"Toy Ornithopter"},{"floor":3,"key":"Oddly Smooth Stone"},{"floor":6,"key":"hubris:BallOfYels"},{"floor":7,"key":"Smiling Mask"},{"floor":8,"key":"hubris:Metronome"},{"floor":9,"key":"Regal Pillow"},{"floor":10,"key":"Slimebound:PreparedRelic"},{"floor":11,"key":"infinitespire:PuzzleCube"},{"floor":12,"key":"Toxic Egg 2"},{"floor":13,"key":"The Courier"},{"floor":15,"key":"CaptainsWheel"},{"floor":17,"key":"Dream Catcher"},{"floor":17,"key":"hexamod:CandleOfCauterizing"},{"floor":17,"key":"StoneCalendar"},{"floor":20,"key":"InkBottle"},{"floor":21,"key":"Shuriken"},{"floor":22,"key":"hubris:SoftwareUpdate"},{"floor":23,"key":"Orichalcum"},{"floor":24,"key":"ScarletDevilRocket"},{"floor":25,"key":"Slimebound:StickyStick"},{"floor":26,"key":"hubris:ToyBattleship"},{"floor":27,"key":"Blood Vial"},{"floor":29,"key":"Potion Belt"},{"floor":31,"key":"Boot"},{"floor":32,"key":"War Paint"}],"event_choices":[{"damage_healed":0,"gold_gain":69,"player_choice":"Gained Gold","damage_taken":0,"max_hp_gain":0,"max_hp_loss":0,"event_name":"Golden Wing","floor":4,"gold_loss":0}],"is_beta":false,"boss_relics":[{"not_picked":["hubris:CrackedHourglass","hubris:HollowSoul"],"picked":"Calling Bell"},{"not_picked":["infinitespire:Cupcake","Velvet Choker"],"picked":"hubris:VirtuousBlindfold"}],"items_purged_floors":[14],"is_endless":false,"potions_floor_spawned":[3,6,10,12,15,16,20,21,23,26,27],"ascension_level":0}}