{"host":"sxnl403xm2xmiyj1","time":1613742032,"event":{"mods":["BaseMod","Colored Map","Keyboard Shortcuts","Koishi","Minty Spire (QoL Compilation)","Quick Restart","StSLib","SuperFastMode"],"gold_per_floor":[116,127,144,156,156,184,184,184,208,220,240,240,240,8,8,85,85,97,97,26,26,46,46,46,46],"floor_reached":24,"language":"KOR","playtime":667,"items_purged":[],"score":333,"play_id":"87f4cd8e-fff0-48eb-85fb-37475200b4f5","local_time":"20210219224032","is_ascension_mode":true,"campfire_choices":[{"data":"Koishi:VengefulSpirit","floor":8.0,"key":"SMITH"},{"floor":13.0,"key":"REST"},{"data":"Koishi:FidgetySnatcher","floor":15.0,"key":"SMITH"},{"data":"Koishi:Possession","floor":23,"key":"SMITH"}],"circlet_count":0,"master_deck":["AscendersBane","Koishi:BasicDefend","Koishi:BasicDefend","Koishi:BasicDefend","Koishi:BasicDefend","Koishi:Provoke","Koishi:HauntingSlash","Koishi:SpiritedAway","Koishi:UnansweredLove","Koishi:VengefulSpirit+1","Koishi:FidgetySnatcher+1","Koishi:Untouchable+1","Koishi:Possession+1","Koishi:EmbryosDream","Koishi:UnansweredLove","Koishi:Possession","Koishi:MindStellarRelief","Koishi:FleetingPhantom","Koishi:FidgetySnatcher+1","Koishi:Possession"],"relics":["Koishi:ImaginaryFriend","Dream Catcher","Smiling Mask","ClockworkSouvenir","Empty Cage"],"acts_visited":["Exordium","TheCity"],"potions_floor_usage":[24],"damage_taken":[{"damage":1.0,"enemies":"Cultist","floor":1.0,"turns":5.0},{"damage":0.0,"enemies":"Small Slimes","floor":2.0,"turns":3.0},{"damage":9.0,"enemies":"2 Louse","floor":3.0,"turns":4.0},{"damage":3.0,"enemies":"2 Fungi Beasts","floor":4.0,"turns":6.0},{"damage":31.0,"enemies":"3 Sentries","floor":6.0,"turns":11.0},{"damage":10.0,"enemies":"Gremlin Gang","floor":10.0,"turns":8.0},{"damage":6.0,"enemies":"Exordium Wildlife","floor":11.0,"turns":4.0},{"damage":8.0,"enemies":"Hexaghost","floor":16.0,"turns":10.0},{"damage":40.0,"enemies":"2 Thieves","floor":18.0,"turns":7.0},{"damage":8,"enemies":"Shell Parasite","floor":22,"turns":8},{"damage":33,"enemies":"Slavers","floor":24,"turns":2}],"seed_played":"-5073464516321751906","potions_obtained":[{"floor":1.0,"key":"Block Potion"},{"floor":2.0,"key":"LiquidMemories"},{"floor":10.0,"key":"EssenceOfSteel"},{"floor":22,"key":"Regen Potion"}],"is_trial":false,"path_per_floor":["M","M","M","M","?","E","?","R","T","M","M","?","R","$","R","B",null,"M","?","$","?","M","R","E"],"character_chosen":"KOISHI","items_purchased":["Koishi:Possession","ClockworkSouvenir","Koishi:FidgetySnatcher"],"campfire_rested":1,"item_purchase_floors":[14,14,20],"current_hp_per_floor":[58,59,51,50,43,15,15,15,15,7,2,2,20,20,20,14,50,12,12,12,12,22,22,0,0],"gold":46,"neow_bonus":"TEN_PERCENT_HP_BONUS","is_daily":false,"chose_seed":false,"campfire_upgraded":3,"win_rate":0.0,"timestamp":1613742032,"path_taken":["M","M","M","?","?","E","?","R","T","M","M","?","R","$","R","BOSS","M","?","?","?","M","R","E"],"items_purchased_type":["Card","Relic","Card"],"build_version":"2020-12-22","purchased_purges":0,"victory":false,"max_hp_per_floor":[62,62,62,62,62,62,62,62,62,62,62,62,62,62,62,62,62,62,62,62,62,62,62,62,62],"card_choices":[{"not_picked":["Koishi:Bloodlust","Koishi:EmbryosDream"],"picked":"Koishi:SpiritedAway","floor":1.0},{"not_picked":["Koishi:JumpScare","Koishi:SubconsciousSweep"],"picked":"Koishi:UnansweredLove","floor":2.0},{"not_picked":["Koishi:FleetingPhantom","Koishi:DreadfulBlow"],"picked":"Koishi:VengefulSpirit","floor":3.0},{"not_picked":["Koishi:ParalyzingFear","Koishi:Jaunt"],"picked":"Koishi:FidgetySnatcher","floor":4.0},{"not_picked":["Koishi:FourthEye","Koishi:Whimsy"],"picked":"Koishi:Untouchable","floor":6.0},{"not_picked":["Koishi:ReflexRadar","Koishi:RoseHell"],"picked":"Koishi:Possession","floor":10.0},{"not_picked":["Koishi:SubconsciousSweep","Koishi:BloodcurdlingScream"],"picked":"Koishi:EmbryosDream","floor":11.0},{"not_picked":["Koishi:SubterraneanRose","Koishi:CatchAndRose"],"picked":"Koishi:UnansweredLove","floor":13.0},{"not_picked":["Koishi:SuperEgo","Koishi:RollingInRichesHeart"],"picked":"Koishi:MindStellarRelief","floor":16.0},{"not_picked":["Koishi:SubconsciousSweep","Koishi:ParalyzingFear"],"picked":"Koishi:FleetingPhantom","floor":18.0},{"not_picked":["Koishi:DreadfulBlow+1","Koishi:DNAsFlaw"],"picked":"Koishi:Possession","floor":22}],"player_experience":270911,"relics_obtained":[{"floor":6.0,"key":"Dream Catcher"},{"floor":9.0,"key":"Smiling Mask"}],"event_choices":[{"cards_removed":["Koishi:BasicStrike"],"damage_healed":0.0,"max_hp_gain":0.0,"max_hp_loss":0.0,"gold_gain":0.0,"event_name":"Golden Wing","player_choice":"Card Removal","floor":5.0,"gold_loss":0.0,"damage_taken":7.0},{"damage_healed":0.0,"max_hp_gain":0.0,"max_hp_loss":0.0,"gold_gain":0.0,"event_name":"Living Wall","player_choice":"Grow","floor":7.0,"gold_loss":0.0,"damage_taken":0.0,"cards_upgraded":["Koishi:Untouchable"]},{"damage_healed":0.0,"max_hp_gain":0.0,"max_hp_loss":0.0,"gold_gain":0.0,"event_name":"Shining Light","player_choice":"Ignored","floor":12.0,"gold_loss":0.0,"damage_taken":0.0},{"cards_removed":["Koishi:BasicStrike"],"damage_healed":0.0,"max_hp_gain":0.0,"max_hp_loss":0.0,"gold_gain":0.0,"event_name":"Purifier","player_choice":"Purged","floor":19.0,"gold_loss":0.0,"damage_taken":0.0},{"damage_healed":0,"gold_gain":0,"player_choice":"Upgraded","damage_taken":0,"max_hp_gain":0,"max_hp_loss":0,"event_name":"Upgrade Shrine","floor":21,"gold_loss":0,"cards_upgraded":["Koishi:FidgetySnatcher"]}],"is_beta":false,"boss_relics":[{"not_picked":["Cursed Key","Fusion Hammer"],"picked":"Empty Cage"}],"items_purged_floors":[],"is_endless":false,"potions_floor_spawned":[1,2,10,22],"killed_by":"Slavers","ascension_level":14}}