{"host":"g3js2eermvvpeiqn","time":1613705482,"event":{"mods":["BaseMod","DeckTracker","Downfall","Minty Spire (QoL Compilation)","Quick Restart","StSLib"],"gold_per_floor":[115,127,140,160,160,160,160,173,173,98,248,248,281,138,138,215,215,233,252,46,61,75,75,88,88,115,115,40,40,73,108,108,183,183,199,30,30,252,271,271,284,313,336,181,181,194,194,204,204,204,204,204],"floor_reached":51,"language":"ENG","playtime":6626,"items_purged":["Strike_G","Doubt","Defend_G"],"score":1340,"play_id":"206a00b0-22b7-4216-9641-8131d5b12ff9","local_time":"20210218213122","is_ascension_mode":true,"campfire_choices":[{"floor":7.0,"key":"REST"},{"data":"Blade Dance","floor":12.0,"key":"SMITH"},{"data":"Well Laid Plans","floor":15.0,"key":"SMITH"},{"data":"Adrenaline","floor":23.0,"key":"SMITH"},{"data":"Accuracy","floor":25.0,"key":"SMITH"},{"floor":27.0,"key":"REST"},{"floor":32.0,"key":"REST"},{"floor":40.0,"key":"RECALL"},{"floor":47.0,"key":"REST"},{"floor":49.0,"key":"REST"}],"circlet_count":0,"master_deck":["AscendersBane","Strike_G","Strike_G","Defend_G","Defend_G","Survivor","Neutralize","Storm of Steel+1","Backflip","PiercingWail","Blade Dance+1","Backflip","Well Laid Plans+1","Adrenaline+1","Doppelganger+1","Leg Sweep+1","Riddle With Holes+1","Blade Dance+1","Terror","Accuracy+1","Expertise+1","Finisher","Envenom","Master of Strategy","Cloak And Dagger+1","Accuracy","Reflex+1","Cloak And Dagger+1"],"relics":["Ring of the Snake","Gambling Chip","Question Card","Pantograph","Astrolabe","Omamori","Bronze Scales","Red Mask","Fusion Hammer","Nunchaku","Eternal Feather"],"acts_visited":["Exordium","TheCity","TheBeyond"],"potions_floor_usage":[],"damage_taken":[{"damage":1.0,"enemies":"Small Slimes","floor":1.0,"turns":3.0},{"damage":12.0,"enemies":"Jaw Worm","floor":2.0,"turns":6.0},{"damage":5.0,"enemies":"2 Louse","floor":3.0,"turns":4.0},{"damage":3.0,"enemies":"2 Fungi Beasts","floor":4.0,"turns":4.0},{"damage":1.0,"enemies":"Blue Slaver","floor":8.0,"turns":5.0},{"damage":0.0,"enemies":"3 Sentries","floor":13.0,"turns":1.0},{"damage":30.0,"enemies":"Slime Boss","floor":16.0,"turns":10.0},{"damage":1.0,"enemies":"3 Byrds","floor":18.0,"turns":7.0},{"damage":1.0,"enemies":"Shell Parasite","floor":19.0,"turns":2.0},{"damage":11.0,"enemies":"Snake Plant","floor":21.0,"turns":4.0},{"damage":9.0,"enemies":"Centurion and Healer","floor":22.0,"turns":3.0},{"damage":6.0,"enemies":"Sentry and Sphere","floor":24.0,"turns":3.0},{"damage":2.0,"enemies":"Slavers","floor":30.0,"turns":2.0},{"damage":14.0,"enemies":"Masked Bandits","floor":31.0,"turns":3.0},{"damage":5.0,"enemies":"Champ","floor":33.0,"turns":5.0},{"damage":0.0,"enemies":"Orb Walker","floor":35.0,"turns":1.0},{"damage":7.0,"enemies":"3 Darklings","floor":39.0,"turns":3.0},{"damage":12.0,"enemies":"Maw","floor":41.0,"turns":4.0},{"damage":11.0,"enemies":"Reptomancer","floor":42.0,"turns":4.0},{"damage":9.0,"enemies":"Writhing Mass","floor":46.0,"turns":3.0},{"damage":30.0,"enemies":"Sphere and 2 Shapes","floor":48.0,"turns":3.0},{"damage":52.0,"enemies":"Donu and Deca","floor":50.0,"turns":6.0},{"damage":48,"enemies":"Awakened One","floor":51,"turns":3}],"seed_played":"-2221873629216548853","potions_obtained":[{"floor":1.0,"key":"EntropicBrew"},{"floor":13.0,"key":"Ancient Potion"},{"floor":16.0,"key":"CunningPotion"},{"floor":19.0,"key":"Dexterity Potion"},{"floor":42.0,"key":"DistilledChaos"}],"is_trial":false,"path_per_floor":["M","M","M","M","?","T","R","M","T","$","?","R","E","$","R","B",null,"M","M","$","M","M","R","M","R","T","R","?","?","E","?","R","B",null,"M","$","?","?","M","R","M","E","T","$","?","M","R","M","R","B","B"],"character_chosen":"THE_SILENT","items_purchased":["Well Laid Plans","Accuracy","Nunchaku","Accuracy","LiquidMemories"],"campfire_rested":5,"item_purchase_floors":[14,20,36,44,44],"current_hp_per_floor":[58,46,41,38,38,38,57,56,56,56,56,56,56,56,56,36,59,58,57,57,46,37,37,31,31,31,50,50,50,48,34,53,61,65,65,65,60,60,53,53,41,30,30,30,30,21,55,25,59,14,0,0],"gold":204,"neow_bonus":"ONE_RANDOM_RARE_CARD","is_daily":false,"chose_seed":false,"campfire_upgraded":4,"win_rate":0.0,"timestamp":1613705482,"path_taken":["M","M","M","M","?","?","R","M","T","$","?","R","E","$","R","BOSS","M","M","$","M","M","R","M","R","T","R","?","?","E","?","R","BOSS","M","$","?","?","M","R","M","E","T","$","?","M","R","?","R","BOSS","BOSS"],"items_purchased_type":["Card","Card","Relic","Card","Potion"],"build_version":"2020-12-22","purchased_purges":3,"victory":false,"max_hp_per_floor":[66,66,66,66,66,66,66,66,66,66,66,66,66,66,66,66,66,66,66,66,66,66,66,66,66,66,66,66,66,66,66,66,66,66,66,66,66,66,66,66,66,66,66,66,66,66,66,66,66,66,66,66],"card_choices":[{"not_picked":["Tactician","Slice"],"picked":"Backflip","floor":1.0},{"not_picked":["Dodge and Roll","Dagger Throw","Choke"],"picked":"SKIP","floor":2.0},{"not_picked":["Bane","Outmaneuver","Underhanded Strike"],"picked":"SKIP","floor":3.0},{"not_picked":["Underhanded Strike","Setup"],"picked":"PiercingWail","floor":4.0},{"not_picked":["PiercingWail","Backstab"],"picked":"Blade Dance","floor":8.0},{"not_picked":["Leg Sweep","PiercingWail","Choke"],"picked":"Backflip","floor":13.0},{"not_picked":["Unload","Tools of the Trade","Bullet Time"],"picked":"Adrenaline","floor":16.0},{"not_picked":["Choke","Bane","Deflect"],"picked":"Blade Dance+1","floor":18.0},{"not_picked":["Infinite Blades","Dash","Deadly Poison"],"picked":"Terror","floor":19.0},{"not_picked":["Underhanded Strike","Bane","Dash","Flying Knee"],"picked":"SKIP","floor":21.0},{"not_picked":["Underhanded Strike","Bane","Dash","Flying Knee"],"picked":"SKIP","floor":21.0},{"not_picked":["Concentrate","Quick Slash+1","Dagger Throw"],"picked":"Expertise+1","floor":22.0},{"not_picked":["Masterful Stab","All Out Attack","Underhanded Strike+1","Choke"],"picked":"SKIP","floor":24.0},{"not_picked":["Deadly Poison","Acrobatics","Prepared"],"picked":"Finisher","floor":30.0},{"not_picked":["Corpse Explosion","Glass Knife","Bullet Time"],"picked":"Envenom","floor":33.0},{"not_picked":["Prepared","Poisoned Stab","Skewer","Outmaneuver"],"picked":"SKIP","floor":35.0},{"not_picked":["Mind Blast","Magnetism","Forethought"],"picked":"Master of Strategy","floor":37.0},{"not_picked":["Outmaneuver","Deflect+1","Backflip","Caltrops"],"picked":"SKIP","floor":39.0},{"not_picked":["Leg Sweep+1","PiercingWail","Blur+1","Flying Knee"],"picked":"SKIP","floor":41.0},{"not_picked":["Underhanded Strike","Dagger Throw+1","Choke+1"],"picked":"Cloak And Dagger+1","floor":42.0},{"not_picked":["Deflect+1","Bouncing Flask","Dodge and Roll"],"picked":"Reflex+1","floor":46.0},{"not_picked":["Prepared","Riddle With Holes","Flying Knee"],"picked":"Cloak And Dagger+1","floor":48.0}],"player_experience":1506648,"relics_obtained":[{"floor":6.0,"key":"Gambling Chip"},{"floor":9.0,"key":"Question Card"},{"floor":13.0,"key":"Pantograph"},{"floor":26.0,"key":"Omamori"},{"floor":30.0,"key":"Bronze Scales"},{"floor":31.0,"key":"Red Mask"},{"floor":42.0,"key":"Eternal Feather"}],"event_choices":[{"damage_healed":0.0,"max_hp_gain":0.0,"max_hp_loss":0.0,"gold_gain":0.0,"event_name":"Living Wall","player_choice":"Grow","floor":5.0,"gold_loss":0.0,"damage_taken":0.0,"cards_upgraded":["Storm of Steel"]},{"damage_healed":0.0,"max_hp_gain":0.0,"max_hp_loss":0.0,"gold_gain":150.0,"event_name":"Liars Game","player_choice":"AGREE","floor":11.0,"gold_loss":0.0,"damage_taken":0.0,"cards_obtained":["Doubt"]},{"cards_removed":["Defend_G"],"damage_healed":0.0,"max_hp_gain":0.0,"max_hp_loss":0.0,"gold_gain":0.0,"event_name":"Beggar","player_choice":"Gave Gold","floor":28.0,"gold_loss":75.0,"damage_taken":0.0},{"damage_healed":0.0,"max_hp_gain":0.0,"max_hp_loss":0.0,"gold_gain":0.0,"event_name":"Ghosts","player_choice":"Ignored","floor":29.0,"gold_loss":0.0,"damage_taken":0.0},{"damage_healed":0.0,"max_hp_gain":0.0,"max_hp_loss":0.0,"gold_gain":0.0,"event_name":"Masked Bandits","player_choice":"Fought Bandits","floor":31.0,"gold_loss":0.0,"damage_taken":0.0},{"damage_healed":0.0,"max_hp_gain":0.0,"max_hp_loss":0.0,"gold_gain":0.0,"event_name":"SensoryStone","player_choice":"Memory 2","floor":37.0,"gold_loss":0.0,"damage_taken":5.0},{"damage_healed":0.0,"max_hp_gain":0.0,"max_hp_loss":0.0,"gold_gain":222.0,"event_name":"Tomb of Lord Red Mask","player_choice":"Wore Mask","floor":38.0,"gold_loss":0.0,"damage_taken":0.0},{"damage_healed":0.0,"max_hp_gain":0.0,"max_hp_loss":0.0,"gold_gain":0.0,"event_name":"The Moai Head","player_choice":"Ignored","floor":45.0,"gold_loss":0.0,"damage_taken":0.0}],"is_beta":false,"boss_relics":[{"not_picked":["Coffee Dripper","Calling Bell"],"picked":"Astrolabe"},{"not_picked":["Philosopher\u0027s Stone","Empty Cage"],"picked":"Fusion Hammer"}],"items_purged_floors":[10,14,20],"is_endless":false,"potions_floor_spawned":[1,8,13,16,19,24,30,41,42],"killed_by":"Awakened One","ascension_level":20}}