{"host":"a1eatafr7pisesky","time":1613703012,"event":{"mods":["AchievementEnabler","BaseMod","Colored Map","Keyboard Shortcuts","Minty Spire (QoL Compilation)","Say the Spire","StSLib","SuperFastMode","everything is the same but u backflip on backflip"],"gold_per_floor":[109,109,128,145,160,185,197,232,232,259,274,274,274,290,44,44,44,44,44],"floor_reached":18,"language":"KOR","playtime":300,"items_purged":["Strike_R"],"score":248,"play_id":"ad08593f-7e97-4c88-8f3f-614a334def99","local_time":"20210219115012","is_ascension_mode":true,"campfire_choices":[{"data":"Bash","floor":17.0,"key":"SMITH"}],"circlet_count":0,"master_deck":["AscendersBane","Strike_R","Strike_R","Strike_R","Defend_R","Defend_R","Defend_R","Defend_R","Bash+1","Bludgeon","True Grit","Sword Boomerang","Flex","Shrug It Off","Flame Barrier","Demon Form"],"relics":["Burning Blood","Anchor","Strawberry","Pen Nib","PreservedInsect"],"acts_visited":["Exordium"],"potions_floor_usage":[18,18,18,18,18,18],"damage_taken":[{"damage":2.0,"enemies":"Jaw Worm","floor":1.0,"turns":3.0},{"damage":6.0,"enemies":"Cultist","floor":3.0,"turns":3.0},{"damage":6.0,"enemies":"Small Slimes","floor":4.0,"turns":2.0},{"damage":11.0,"enemies":"Exordium Wildlife","floor":5.0,"turns":3.0},{"damage":8.0,"enemies":"Gremlin Nob","floor":6.0,"turns":3.0},{"damage":15.0,"enemies":"3 Louse","floor":7.0,"turns":4.0},{"damage":40.0,"enemies":"Lagavulin","floor":8.0,"turns":5.0},{"damage":15.0,"enemies":"2 Fungi Beasts","floor":11.0,"turns":3.0},{"damage":7.0,"enemies":"3 Louse","floor":14.0,"turns":6.0},{"damage":27,"enemies":"Slime Boss","floor":18,"turns":8}],"seed_played":"8903454748705743586","potions_obtained":[{"floor":3.0,"key":"SkillPotion"},{"floor":5.0,"key":"FearPotion"},{"floor":8.0,"key":"PowerPotion"},{"floor":11.0,"key":"Strength Potion"},{"floor":14.0,"key":"EntropicBrew"}],"is_trial":false,"path_per_floor":["M","?","M","M","M","E","M","E","E","T","M","M","?","M","$","?","R","B"],"character_chosen":"IRONCLAD","items_purchased":["PreservedInsect"],"campfire_rested":0,"item_purchase_floors":[15],"current_hp_per_floor":[68,68,68,68,63,61,52,25,25,25,16,16,41,40,40,40,40,13,13],"gold":44,"neow_bonus":"THREE_RARE_CARDS","is_daily":false,"chose_seed":false,"campfire_upgraded":1,"win_rate":0.0,"timestamp":1613703012,"path_taken":["M","?","M","?","M","E","M","E","E","T","M","M","?","M","$","?","R","BOSS"],"items_purchased_type":["Relic"],"build_version":"2020-12-22","purchased_purges":1,"victory":false,"max_hp_per_floor":[68,68,68,68,68,68,68,75,75,75,75,75,75,75,75,75,75,75,75],"card_choices":[{"not_picked":["Reaper","Juggernaut"],"picked":"Bludgeon","floor":0.0},{"not_picked":["Clash","Headbutt"],"picked":"True Grit","floor":1.0},{"not_picked":["Clothesline","Carnage"],"picked":"Sword Boomerang","floor":3.0},{"not_picked":["Pommel Strike","Armaments","Clothesline"],"picked":"SKIP","floor":4.0},{"not_picked":["Clothesline","Body Slam"],"picked":"Flex","floor":5.0},{"not_picked":["Clothesline","Headbutt","Clash"],"picked":"SKIP","floor":6.0},{"not_picked":["Infernal Blade","Feel No Pain"],"picked":"Shrug It Off","floor":7.0},{"not_picked":["Body Slam","Sentinel"],"picked":"Flame Barrier","floor":8.0},{"not_picked":["Sword Boomerang","Headbutt"],"picked":"Demon Form","floor":11.0},{"not_picked":["Warcry","True Grit","Perfected Strike"],"picked":"SKIP","floor":14.0}],"player_experience":470143,"relics_obtained":[{"floor":6.0,"key":"Anchor"},{"floor":8.0,"key":"Strawberry"},{"floor":10.0,"key":"Pen Nib"}],"event_choices":[{"damage_healed":0.0,"max_hp_gain":0.0,"max_hp_loss":0.0,"gold_gain":0.0,"event_name":"Match and Keep!","player_choice":"0 cards matched","floor":2.0,"gold_loss":0.0,"damage_taken":0.0,"cards_obtained":[]},{"damage_healed":25.0,"max_hp_gain":0.0,"max_hp_loss":0.0,"gold_gain":0.0,"event_name":"Big Fish","player_choice":"Banana","floor":13.0,"gold_loss":0.0,"damage_taken":0.0},{"cards_removed":["Strike_R"],"damage_healed":0.0,"max_hp_gain":0.0,"max_hp_loss":0.0,"gold_gain":0.0,"event_name":"Living Wall","player_choice":"Forget","floor":16.0,"gold_loss":0.0,"damage_taken":0.0}],"is_beta":false,"boss_relics":[],"items_purged_floors":[15],"is_endless":false,"potions_floor_spawned":[3,5,8,11,14],"killed_by":"Slime Boss","ascension_level":20}}