{"host":"tlbbab9afexrkdtf","time":1613768116,"event":{"mods":["2.2 Compatiblity","AchievementEnabler","BaseMod","Colored Map","Colored Powertips","Minty Spire (QoL Compilation)","Rare Cards Sparkle","StSLib"],"gold_per_floor":[113,113,63,24,42,70,70,102,102,68,126,136,136,181,181,277,277,289,289,289],"floor_reached":19,"language":"ENG","playtime":340,"items_purged":[],"score":248,"play_id":"484cf5bd-7bc9-4313-8a93-a18361fc1f27","local_time":"20210219155516","is_ascension_mode":true,"campfire_choices":[{"floor":7,"key":"RECALL"},{"floor":13,"key":"REST"},{"floor":15,"key":"REST"}],"circlet_count":0,"master_deck":["Strike_G","Strike_G","Strike_G","Defend_G","Defend_G","Defend_G","Defend_G","Defend_G","Survivor","Neutralize","Noxious Fumes","Noxious Fumes","Deadly Poison","Flying Knee","Catalyst","Bouncing Flask","Outmaneuver","Bouncing Flask","Venomology","CurseOfTheBell","Deadly Poison+1"],"relics":["Ring of the Snake","NeowsBlessing","Darkstone Periapt","Gremlin Horn","Kunai","Regal Pillow","Calling Bell","Vajra","Toxic Egg 2","Ginger"],"acts_visited":["Exordium","TheCity"],"potions_floor_usage":[11,16,18,19,19],"damage_taken":[{"damage":0,"enemies":"2 Louse","floor":1,"turns":1},{"damage":0,"enemies":"Jaw Worm","floor":5,"turns":1},{"damage":0,"enemies":"Lagavulin","floor":6,"turns":1},{"damage":11,"enemies":"Gremlin Nob","floor":8,"turns":4},{"damage":24,"enemies":"Lagavulin Event","floor":11,"turns":5},{"damage":15,"enemies":"Small Slimes","floor":12,"turns":4},{"damage":23,"enemies":"Hexaghost","floor":16,"turns":6},{"damage":49,"enemies":"2 Thieves","floor":18,"turns":5},{"damage":21,"enemies":"3 Byrds","floor":19,"turns":3}],"seed_played":"3431675602316615763","potions_obtained":[{"floor":1,"key":"Block Potion"},{"floor":12,"key":"AttackPotion"},{"floor":16,"key":"Explosive Potion"},{"floor":18,"key":"Explosive Potion"}],"is_trial":false,"path_per_floor":["M","?","?","$","M","E","R","E","T","$","?","M","R","T","R","B",null,"M","M"],"character_chosen":"THE_SILENT","items_purchased":["Noxious Fumes","Bouncing Flask"],"campfire_rested":2,"item_purchase_floors":[4,10],"current_hp_per_floor":[70,63,63,63,63,63,63,52,52,52,28,13,34,34,70,47,70,21,0,0],"gold":289,"neow_bonus":"THREE_ENEMY_KILL","is_daily":false,"chose_seed":false,"campfire_upgraded":0,"win_rate":0.0,"timestamp":1613768116,"path_taken":["M","?","?","$","M","E","R","E","T","$","?","M","R","?","R","BOSS","M","M"],"items_purchased_type":["Card","Card"],"build_version":"2020-12-22","purchased_purges":0,"victory":false,"max_hp_per_floor":[70,70,70,70,70,70,70,70,70,70,70,70,70,70,70,70,76,76,76,76],"card_choices":[{"not_picked":["Setup","Backflip"],"picked":"Noxious Fumes","floor":1},{"not_picked":["Eviscerate","Sucker Punch"],"picked":"Deadly Poison","floor":5},{"not_picked":["Underhanded Strike","Flechettes"],"picked":"Flying Knee","floor":6},{"not_picked":["Masterful Stab","Calculated Gamble"],"picked":"Catalyst","floor":8},{"not_picked":["Dodge and Roll","Escape Plan"],"picked":"Outmaneuver","floor":11},{"not_picked":["Reflex","Sucker Punch"],"picked":"Bouncing Flask","floor":12},{"not_picked":["Wraith Form v2","Tools of the Trade"],"picked":"Venomology","floor":16},{"not_picked":["Prepared+1","Finisher"],"picked":"Deadly Poison+1","floor":18}],"player_experience":334329,"relics_obtained":[{"floor":6,"key":"Darkstone Periapt"},{"floor":8,"key":"Gremlin Horn"},{"floor":11,"key":"Kunai"},{"floor":14,"key":"Regal Pillow"},{"floor":17,"key":"Vajra"},{"floor":17,"key":"Toxic Egg 2"},{"floor":17,"key":"Ginger"}],"event_choices":[{"cards_removed":["Strike_G"],"damage_healed":0,"gold_gain":0,"player_choice":"Card Removal","damage_taken":7,"max_hp_gain":0,"max_hp_loss":0,"event_name":"Golden Wing","floor":2,"gold_loss":0},{"cards_removed":["Strike_G"],"damage_healed":0,"gold_gain":0,"player_choice":"Card Removal","damage_taken":0,"max_hp_gain":0,"max_hp_loss":0,"event_name":"The Cleric","floor":3,"gold_loss":50},{"damage_healed":0,"gold_gain":0,"player_choice":"Searched \u00271\u0027 times","damage_taken":0,"max_hp_gain":0,"max_hp_loss":0,"event_name":"Dead Adventurer","floor":11,"gold_loss":0}],"is_beta":false,"boss_relics":[{"not_picked":["Astrolabe","Ectoplasm"],"picked":"Calling Bell"}],"items_purged_floors":[],"is_endless":false,"potions_floor_spawned":[1,12,16,18],"killed_by":"3 Byrds","ascension_level":5}}