{"host":"o1wkfo8ppvrprpet","time":1613729721,"event":{"mods":["Aspiration","Astrologer","BaseMod","CapriCore","Colored Powertips","Koishi","Minty Spire (QoL Compilation)","MostiFishMod","Reimu£¨²©ÀöÁéÃÎ£©","Replay The Spire","RumiaBox-Â¶Ã×æ«µÄÉñÃØºÐ×Ó","Spicy Shops","StSLib","The Administrix","The Gatherer","The Immortal","Waifu the Spire","Yakumo Yukari mod"],"gold_per_floor":[111,91,103,118,138,138,171,7,7,22,52,10,28,103,103,103,103],"floor_reached":16,"language":"ZHS","playtime":542,"items_purged":["Strike_R"],"score":218,"play_id":"5a9e90c6-30f3-4bc2-af75-448518358528","local_time":"20210219181521","is_ascension_mode":true,"campfire_choices":[{"data":"Armaments","floor":6,"key":"SMITH"},{"floor":15,"key":"REST"}],"circlet_count":0,"master_deck":["AscendersBane","Strike_R","Strike_R","Strike_R","Strike_R","Defend_R","Defend_R","Defend_R","Defend_R","Bash","Demonic Infusion","ReplayTheSpireMod:Limb From Limb","Seeing Red","Armaments+1","Headbutt","Clash","Dual Wield+1","Warcry+1","Sever Soul","ReplayTheSpireMod:Muscle Training+1"],"relics":["Burning Blood","DaveBox","SynthV:TestCard","Toxic Egg 2","aspiration:Lifesprig","GodSword5"],"acts_visited":["Exordium"],"potions_floor_usage":[10,11,16],"damage_taken":[{"damage":9.0,"enemies":"2 Louse","floor":1.0,"turns":2.0},{"damage":1.0,"enemies":"Cultist","floor":3.0,"turns":3.0},{"damage":7.0,"enemies":"Jaw Worm","floor":4.0,"turns":3.0},{"damage":9,"enemies":"2 Fungi Beasts","floor":5,"turns":4},{"damage":15,"enemies":"Lagavulin","floor":7,"turns":5},{"damage":8,"enemies":"Blue Slaver","floor":10,"turns":3},{"damage":26,"enemies":"Gremlin Nob","floor":11,"turns":4},{"damage":21,"enemies":"Exordium Wildlife","floor":13,"turns":6},{"damage":44,"enemies":"Slime Boss","floor":16,"turns":6}],"seed_played":"522101976854749544","potions_obtained":[{"floor":1.0,"key":"Adrenaline Potion"},{"floor":2.0,"key":"SpeedPotion"},{"floor":10,"key":"Weak Potion"},{"floor":11,"key":"ZuzhouPotion:ReiMu"}],"is_trial":false,"path_per_floor":["M","?","M","M","M","R","E","$","T","M","E","$","M","?","R","B"],"character_chosen":"IRONCLAD","items_purchased":["Dual Wield+1","Sever Soul"],"campfire_rested":1,"item_purchase_floors":[8,12],"current_hp_per_floor":[65,65,70,69,66,66,57,57,57,55,35,35,21,10,37,0,0],"gold":103,"neow_bonus":"ONE_RANDOM_RARE_CARD","is_daily":false,"chose_seed":false,"campfire_upgraded":1,"win_rate":0.0,"timestamp":1613729721,"path_taken":["M","?","?","M","M","R","E","$","T","M","E","$","M","?","R","BOSS"],"items_purchased_type":["Card","Card"],"build_version":"2020-12-22","purchased_purges":1,"victory":false,"max_hp_per_floor":[75,75,75,75,75,75,75,75,75,75,75,75,75,75,75,75,75],"card_choices":[{"not_picked":["Run Through","Shrug It Off"],"picked":"ReplayTheSpireMod:Limb From Limb","floor":1.0},{"not_picked":["Heavy Blade","Abandon","Body Slam","ReplayReversal"],"picked":"Seeing Red","floor":3.0},{"not_picked":["Cleave","ReplayTheSpireMod:LeadingStrike","Life Link","Twin Strike"],"picked":"Armaments","floor":4},{"not_picked":["Clash","Thunderclap","Heavy Blade","Replay:Undeath\u0027s Touch"],"picked":"Headbutt","floor":5},{"not_picked":["Disarm+1","Body Slam","Heavy Blade","Blood for Blood"],"picked":"Clash","floor":7},{"not_picked":["MostiFishMod:BrandingRite+1","Havoc+1","Heavy Blade","Clothesline","MostiFishMod:Mania"],"picked":"SKIP","floor":10},{"not_picked":["Pommel Strike","Rampage","Evolve","Cleave"],"picked":"Warcry+1","floor":11},{"not_picked":["Flame Barrier+1","Wild Strike","Run Through","Anger"],"picked":"ReplayTheSpireMod:Muscle Training+1","floor":13}],"player_experience":641531,"relics_obtained":[{"floor":1.0,"key":"SynthV:TestCard"},{"floor":7,"key":"Toxic Egg 2"},{"floor":9,"key":"aspiration:Lifesprig"},{"floor":11,"key":"GodSword5"}],"event_choices":[{"damage_healed":0.0,"max_hp_gain":0.0,"max_hp_loss":0.0,"gold_gain":0.0,"event_name":"The Woman in Blue","player_choice":"Bought 1 Potion","floor":2.0,"gold_loss":0.0,"damage_taken":0.0},{"damage_healed":0,"gold_gain":75,"player_choice":"Gather Gold","damage_taken":11,"max_hp_gain":0,"max_hp_loss":0,"event_name":"World of Goop","floor":14,"gold_loss":0}],"is_beta":false,"boss_relics":[],"items_purged_floors":[8],"is_endless":false,"potions_floor_spawned":[1,7,10,11],"killed_by":"Slime Boss","ascension_level":19}}