{"host":"blnmo1e2jbqugfxh","time":1613704263,"event":{"mods":["2.2 Compatiblity","AchievementEnabler","Astrologer","Bard","BaseMod","Beaked The Cultist","Colored Map","Colored Powertips","Conspire","Downfall","Friendly Minions","Googly Eyes","Hermit","Highlight Path","Hubris","Infinite Spire","Lobotomy","Marisa????????","Mimic Mod","Minty Spire (QoL Compilation)","Prisma Mod","Quick Restart","Rare Cards Sparkle","Replay The Spire","Shop Mod","StSLib","The Bug Knight","The Construct","The Cursed","The Disciple","The Exalted","The Hierophant","The Mystic","The Servant 0.9.4"],"gold_per_floor":[117,117,117,11,22,52,52,65,65,98,98,65,80,108,108,204,204,204,204],"floor_reached":18,"language":"ENG","playtime":800,"items_purged":[],"score":205,"play_id":"df9bbbcc-b0b5-475c-9d5e-1d2f7f193011","local_time":"20210218221103","is_ascension_mode":true,"campfire_choices":[{"floor":7,"key":"REST"},{"data":"Neutralize","floor":11,"key":"SMITH"},{"floor":15,"key":"REST"}],"circlet_count":0,"master_deck":["Strike_G","Strike_G","Strike_G","Strike_G","Strike_G","Defend_G","Defend_G","Defend_G","Defend_G","Defend_G","Survivor","Neutralize","PiercingWail","Neutralize+1","Sucker Punch","hubris:TrickCloak","Fluid Movement","Poisoned Stab","Poisoned Stab","Flying Knee","Hidden Blade","Finisher","Pot Of Greed","Pot Of Greed","Sucker Punch","Atom Bomb","Pot Of Greed"],"relics":["Ring of Chaos","ReplayTheSpireMod:Ring of Addiction","Chameleon Ring","Potion Belt","ReplayTheSpireMod:Ring of Challenge","Happy Flower","infinitespire:FocusingShard","ReplayTheSpireMod:Lightbulb","Grinning Jar","hubris:Backtick","MiniHakkero"],"acts_visited":["Exordium","TheCity"],"potions_floor_usage":[5,6,10,14,16,16],"damage_taken":[{"damage":3,"enemies":"Jaw Worm","floor":1,"turns":5},{"damage":6,"enemies":"Cultist","floor":5,"turns":5},{"damage":24,"enemies":"3 Sentries","floor":6,"turns":9},{"damage":0,"enemies":"conspire:RoseBush","floor":8,"turns":4},{"damage":18,"enemies":"Lagavulin","floor":10,"turns":7},{"damage":11,"enemies":"2 Fungi Beasts","floor":13,"turns":4},{"damage":2,"enemies":"3 Sentries","floor":14,"turns":5},{"damage":34,"enemies":"The Guardian","floor":16,"turns":11},{"damage":0,"enemies":"Spheric Guardian","floor":18,"turns":1}],"seed_played":"-4415080824181210837","potions_obtained":[{"floor":2,"key":"AttackPotion"},{"floor":2,"key":"Venom Potion"},{"floor":2,"key":"Swift Potion"},{"floor":5,"key":"AttackPotion"},{"floor":6,"key":"infinitespire:BlackPotion"},{"floor":8,"key":"hexamod:SoulburnPotion"},{"floor":10,"key":"FearPotion"}],"is_trial":false,"path_per_floor":["M","?","?","$","M","E","R","M","T","E","R","?","M","E","R","B",null,"M"],"character_chosen":"THE_SILENT","items_purchased":["hubris:TrickCloak","Fluid Movement"],"campfire_rested":2,"item_purchase_floors":[4,4],"current_hp_per_floor":[67,67,67,67,61,37,58,58,58,40,40,40,29,27,46,12,66,66,66],"gold":204,"neow_bonus":"BOSS_RELIC","is_daily":false,"chose_seed":false,"campfire_upgraded":1,"win_rate":0.0,"timestamp":1613704263,"path_taken":["M","?","?","$","?","E","R","?","T","E","R","?","M","E","R","BOSS","M"],"items_purchased_type":["Card","Card"],"build_version":"2020-12-22","purchased_purges":0,"victory":false,"max_hp_per_floor":[70,70,70,70,70,70,70,70,70,68,68,68,68,66,66,66,66,66,66],"card_choices":[{"not_picked":["Hidden Blade","Acrobatics"],"picked":"PiercingWail","floor":1},{"not_picked":["ReplayTheSpireMod:Shiv Toss","Noxious Fumes"],"picked":"Poisoned Stab","floor":5},{"not_picked":["Deflect","Bane"],"picked":"Poisoned Stab","floor":6},{"not_picked":["Acrobatics","Endless Agony"],"picked":"Flying Knee","floor":8},{"not_picked":["Malaise","Deflect"],"picked":"Hidden Blade","floor":10},{"not_picked":["Dash","Predator"],"picked":"Finisher","floor":13},{"not_picked":["Deflect","Hidden Blade"],"picked":"Sucker Punch","floor":14},{"not_picked":["Envenom","Bullet Time"],"picked":"Atom Bomb","floor":16}],"player_experience":64664,"relics_obtained":[{"floor":2,"key":"ReplayTheSpireMod:Ring of Addiction"},{"floor":2,"key":"Chameleon Ring"},{"floor":2,"key":"Potion Belt"},{"floor":2,"key":"ReplayTheSpireMod:Ring of Challenge"},{"floor":6,"key":"Happy Flower"},{"floor":9,"key":"infinitespire:FocusingShard"},{"floor":10,"key":"ReplayTheSpireMod:Lightbulb"},{"floor":14,"key":"Grinning Jar"}],"event_choices":[{"damage_healed":0,"gold_gain":0,"player_choice":"2 cards matched","damage_taken":0,"max_hp_gain":0,"max_hp_loss":0,"event_name":"Match and Keep!","floor":3,"gold_loss":0,"cards_obtained":["Neutralize","Sucker Punch"]},{"damage_healed":0,"gold_gain":0,"player_choice":"Left Gold","damage_taken":0,"max_hp_gain":0,"max_hp_loss":0,"event_name":"World of Goop","floor":12,"gold_loss":33}],"is_beta":false,"boss_relics":[{"not_picked":["Runic Pyramid","hubris:HollowSoul"],"picked":"hubris:Backtick"}],"items_purged_floors":[],"is_endless":false,"potions_floor_spawned":[5,6,8,10],"killed_by":"Spheric Guardian","ascension_level":3}}