{"host":"4lruzp1xu8o5tnk3","time":1613742501,"event":{"mods":["Act Like it!","BaseMod","Gensokyo","GifTheSpireLib","Hubris","Jedi Mod","Minty Spire (QoL Compilation)","Replay The Spire","StSLib","Stuff the Spire"],"gold_per_floor":[115,115,215,231,1,1,1,1,1,1,34,34,66,86,86,188,188,199,159,8,8,28,62,62,76,76,89,108,121,121,141,141,245,245,264,264,32,42,56,56,56,56,56,56,56,73,84,99,99,99],"floor_reached":51,"language":"ENG","playtime":1895,"items_purged":["Writhe"],"score":777,"play_id":"d35b5ad7-bfa9-4c33-b1fa-3016c17279df","local_time":"20210219164821","daily_mods":["SealedDeck","Heirloom","Lethality"],"is_ascension_mode":false,"campfire_choices":[{"data":"Doom and Gloom","floor":6.0,"key":"SMITH"},{"data":"Sweeping Beam","floor":8.0,"key":"SMITH"},{"floor":15.0,"key":"REST"},{"data":"Compile Driver","floor":24.0,"key":"SMITH"},{"floor":32.0,"key":"REST"},{"data":"Defragment","floor":40,"key":"SMITH"},{"data":"Biased Cognition","floor":42,"key":"SMITH"},{"data":"Cold Snap","floor":44,"key":"SMITH"},{"data":"StuffTheSpire:ForEach","floor":49,"key":"SMITH"}],"circlet_count":0,"master_deck":["jedi:blockon","Static Discharge","Compile Driver+1","Compile Driver+1","Leap","Rebound","BootSequence","Sweeping Beam+1","Turbo","Doom and Gloom+1","Conserve Battery+1","Conserve Battery+1","Gash","Ball Lightning+1","Biased Cognition+1","Conserve Battery+1","Chill+1","Reboot+1","AbeCurse","Cold Snap+1","Gensokyo:SevenSchoolMysteries","hubris:DuctTapeCard","StuffTheSpire:ForEach+1","Ball Lightning+1","Conserve Battery+1"],"relics":["StuffTheSpire:OccultApparatus","Replay:Kaleidoscope","hubris:Towel","ReplayTheSpireMod:CursedCoin","StuffTheSpire:Barrel","Bag of Preparation","Replay:Baseball","Blue Doll","Mango","Replay:Bottled Eggs","hubris:VirtuousBlindfold","Akabeko","DataDisk","Iron Hammer","Darkstone Periapt","Gensokyo:SongOfSouls","Abe\u0027s Treasure","War Paint","Eternal Feather","hubris:DuctTape"],"acts_visited":["Gensokyo:Gensokyo","Gensokyo:Gensokyoer","Gensokyo:Gensokyoest"],"potions_floor_usage":[50,50],"damage_taken":[{"damage":0.0,"enemies":"Gensokyo:2_Kodama","floor":1.0,"turns":2.0},{"damage":6.0,"enemies":"Gensokyo:Gryphon","floor":4.0,"turns":3.0},{"damage":0.0,"enemies":"Gensokyo:Cirno","floor":11.0,"turns":3.0},{"damage":21.0,"enemies":"Gensokyo:Mamizou","floor":13.0,"turns":4.0},{"damage":0.0,"enemies":"Gensokyo:Python","floor":14.0,"turns":2.0},{"damage":18.0,"enemies":"Gensokyo:Kokoro","floor":16.0,"turns":4.0},{"damage":7.0,"enemies":"Gensokyo:3_Dogs","floor":18.0,"turns":2.0},{"damage":5.0,"enemies":"Gensokyo:AngelMirror","floor":22.0,"turns":3.0},{"damage":15.0,"enemies":"Gensokyo:Tenshi","floor":23.0,"turns":3.0},{"damage":16.0,"enemies":"Gensokyo:Wraith","floor":25.0,"turns":3.0},{"damage":28.0,"enemies":"Gensokyo:Swordslinger","floor":27.0,"turns":2.0},{"damage":1.0,"enemies":"Gensokyo:Slime_Group","floor":28.0,"turns":3.0},{"damage":0.0,"enemies":"Gensokyo:Chomper_and_Gloop","floor":29.0,"turns":3.0},{"damage":0.0,"enemies":"Gensokyo:Monolith_and_Dog","floor":31.0,"turns":3.0},{"damage":18.0,"enemies":"Gensokyo:Eiki","floor":33.0,"turns":6.0},{"damage":0.0,"enemies":"Gensokyo:AncientGuardian","floor":35.0,"turns":2.0},{"damage":0,"enemies":"Gensokyo:3_Bats","floor":38,"turns":3},{"damage":21,"enemies":"Gensokyo:Sharpion","floor":39,"turns":5},{"damage":0,"enemies":"Gensokyo:Dusk_and_Dawn","floor":46,"turns":3},{"damage":0,"enemies":"Gensokyo:Sharpion","floor":47,"turns":4},{"damage":0,"enemies":"Gensokyo:4_Bats","floor":48,"turns":3},{"damage":35,"enemies":"Gensokyo:Shinki","floor":50,"turns":6}],"seed_played":"-4906352719948277711","potions_obtained":[{"floor":1.0,"key":"Fruit Juice"},{"floor":11.0,"key":"FearPotion"},{"floor":16.0,"key":"Ancient Potion"},{"floor":23.0,"key":"Languid Potion"},{"floor":27.0,"key":"Swift Potion"},{"floor":29.0,"key":"LiquidBronze"},{"floor":35.0,"key":"SteroidPotion"},{"floor":48,"key":"Strength Potion"}],"is_trial":true,"path_per_floor":["M","?","?","M","$","R","?","R","T","?","E","?","E","M","R","B",null,"M","?","$","?","M","E","R","M","T","M","M","M","?","M","R","B",null,"M","?","COS","M","M","R","?","R","T","R","M","M","M","M","R","B",null],"character_chosen":"DEFECT","items_purchased":["ReplayTheSpireMod:CursedCoin","StuffTheSpire:Barrel","Bag of Preparation","Akabeko"],"campfire_rested":2,"item_purchase_floors":[5,5,5,20],"current_hp_per_floor":[80,80,80,74,74,74,74,74,74,74,80,73,60,60,88,70,94,87,87,87,72,75,68,68,52,52,24,23,23,23,23,51,33,100,100,100,100,100,87,87,72,72,72,84,84,84,84,84,99,64],"gold":99,"neow_bonus":"","is_daily":false,"chose_seed":false,"campfire_upgraded":7,"win_rate":0.0,"timestamp":1613742501,"path_taken":["M","?","?","?","$","R","?","R","T","?","E","?","E","?","R","BOSS","M","?","?","?","M","E","R","M","T","M","M","?","?","M","R","BOSS","M","?","COS","M","M","R","?","R","T","R","M","M","M","?","R","BOSS"],"items_purchased_type":["Relic","Relic","Relic","Relic"],"build_version":"2020-12-22","purchased_purges":1,"victory":true,"max_hp_per_floor":[80,80,80,80,80,80,80,80,80,80,80,94,94,94,94,94,94,94,94,94,94,94,94,94,94,94,94,94,94,94,94,94,94,100,100,100,100,100,100,100,100,100,100,100,100,100,100,100,100,100],"card_choices":[{"not_picked":["Crystallizer","Self Repair"],"picked":"Conserve Battery","floor":1.0},{"not_picked":["StuffTheSpire:Plugnplay","StuffTheSpire:Coldhearted","ReplaySort"],"picked":"SKIP","floor":4.0},{"not_picked":["Fission","Rebound"],"picked":"Conserve Battery","floor":11.0},{"not_picked":["jedi:BurstFrost","StuffTheSpire:LoadUp"],"picked":"Gash","floor":13.0},{"not_picked":["BasicCrystalCard","Storm"],"picked":"Ball Lightning","floor":14.0},{"not_picked":["jedi:BurstDark","jedi:darknesscall"],"picked":"Biased Cognition","floor":16.0},{"not_picked":["Stack","Glacier","Redo"],"picked":"SKIP","floor":18.0},{"not_picked":["Rebound+1","jedi:BurstFrost","jedi:spotbugs"],"picked":"SKIP","floor":22.0},{"not_picked":["Barrage","Cold Snap"],"picked":"Conserve Battery+1","floor":23.0},{"not_picked":["Conserve Battery","jedi:blockon"],"picked":"Defragment+1","floor":25.0},{"not_picked":["StuffTheSpire:LoadUp+1","Rebound"],"picked":"Defragment","floor":27.0},{"not_picked":["Chaos","Lockon","Coolheaded"],"picked":"SKIP","floor":28.0},{"not_picked":["Consume+1","Sweeping Beam"],"picked":"Chill","floor":29.0},{"not_picked":["jedi:sharpshooter","Heatsinks","StuffTheSpire:ShieldGenerator"],"picked":"SKIP","floor":31.0},{"not_picked":["jedi:darknesscall","Rainbow"],"picked":"Reboot","floor":33.0},{"not_picked":["Reinforced Body+1","Auto Shields"],"picked":"Cold Snap","floor":35.0},{"not_picked":["Reinforced Body+1","Hello World+1","BasicCrystalCard"],"picked":"SKIP","floor":38},{"not_picked":["Leap","Ball Lightning","Scrape+1"],"picked":"SKIP","floor":39},{"not_picked":["Scrape","Cold Snap+1"],"picked":"StuffTheSpire:ForEach","floor":46},{"not_picked":["Hologram","Steam"],"picked":"Ball Lightning+1","floor":47},{"not_picked":["Force Field+1","Turbo"],"picked":"Conserve Battery+1","floor":48}],"player_experience":1055511,"relics_obtained":[{"floor":9.0,"key":"Replay:Baseball"},{"floor":11.0,"key":"Blue Doll"},{"floor":13.0,"key":"Replay:Bottled Eggs"},{"floor":23.0,"key":"Iron Hammer"},{"floor":26.0,"key":"Darkstone Periapt"},{"floor":43,"key":"Eternal Feather"}],"event_choices":[],"is_beta":false,"boss_relics":[{"not_picked":["StuffTheSpire:RunicHypercube","Calling Bell"],"picked":"hubris:VirtuousBlindfold"},{"not_picked":["Cursed Key","Kintsugi"],"picked":"Abe\u0027s Treasure"}],"items_purged_floors":[5],"is_endless":false,"potions_floor_spawned":[1,11,16,23,27,28,29,31,35,48],"ascension_level":0}}