{"host":"3qkmyeoym75lj4wn","time":1613696079,"event":{"mods":["2.2 Compatiblity","Act Like it!","BaseMod","Bestiary","Block Reminder","Colored Powertips","Highlight Path","Minty Spire (QoL Compilation)","Permanent Neow","Rare Cards Sparkle","Relic Stats","StSLib"],"gold_per_floor":[113,128,71,87,100,128,128,147,171,185,185,211,361,361,361,442,442,452,452,461,218,218,218,262,281,281,306,35,79,91,124,136,233,245,277,298,326,338,370,382,427,183,183,183,183],"floor_reached":44,"language":"ENG","playtime":1156,"items_purged":["Doubt","Writhe"],"score":972,"play_id":"13ade92f-d37c-42bc-9c85-0355f9811e2b","local_time":"20210219005439","is_ascension_mode":true,"campfire_choices":[{"data":"Zap","floor":7.0,"key":"SMITH"},{"data":"Go for the Eyes","floor":11.0,"key":"SMITH"},{"data":"Doom and Gloom","floor":15.0,"key":"SMITH"},{"data":"Sunder","floor":23.0,"key":"SMITH"},{"data":"Conclude","floor":30.0,"key":"SMITH"},{"data":"Darkness","floor":32.0,"key":"SMITH"},{"data":"Biased Cognition","floor":40.0,"key":"SMITH"}],"circlet_count":0,"master_deck":["AscendersBane","Strike_B+1","Strike_B+1","Strike_B+1","Defend_B+1","Defend_B+1","Defend_B+1","Defend_B+1","Zap+1","Dualcast","Ball Lightning","Ball Lightning","Cold Snap","Sunder+1","Go for the Eyes+1","Darkness+1","Gash","Doom and Gloom+1","Electrodynamics","Flash of Steel","Backstab","Conclude+1","Bandage Up","Biased Cognition+1","Consecrate","Gash"],"relics":["Cracked Core","Ancient Tea Set","Meat on the Bone","Bag of Preparation","Blood Vial","CeramicFish","Philosopher\u0027s Stone","Omamori","PrismaticShard","Pantograph","Gambling Chip","Medical Kit","MawBank","Coffee Dripper","Happy Flower","Juzu Bracelet"],"acts_visited":["Exordium","TheCity","TheBeyond"],"potions_floor_usage":[],"damage_taken":[{"damage":1.0,"enemies":"2 Louse","floor":1.0,"turns":2.0},{"damage":3.0,"enemies":"Small Slimes","floor":2.0,"turns":3.0},{"damage":0.0,"enemies":"Cultist","floor":4.0,"turns":3.0},{"damage":0.0,"enemies":"Large Slime","floor":5.0,"turns":3.0},{"damage":32.0,"enemies":"Gremlin Nob","floor":6.0,"turns":4.0},{"damage":14.0,"enemies":"Exordium Thugs","floor":8.0,"turns":3.0},{"damage":0.0,"enemies":"Red Slaver","floor":10.0,"turns":3.0},{"damage":14.0,"enemies":"3 Sentries","floor":12.0,"turns":5.0},{"damage":7.0,"enemies":"Slime Boss","floor":16.0,"turns":5.0},{"damage":13.0,"enemies":"Chosen","floor":18.0,"turns":3.0},{"damage":10.0,"enemies":"Slavers","floor":24.0,"turns":4.0},{"damage":0.0,"enemies":"3 Byrds","floor":25.0,"turns":2.0},{"damage":0.0,"enemies":"3 Cultists","floor":27.0,"turns":3.0},{"damage":20.0,"enemies":"Book of Stabbing","floor":29.0,"turns":3.0},{"damage":3.0,"enemies":"Centurion and Healer","floor":31.0,"turns":6.0},{"damage":107.0,"enemies":"Collector","floor":33.0,"turns":9.0},{"damage":5.0,"enemies":"Orb Walker","floor":35.0,"turns":3.0},{"damage":34.0,"enemies":"3 Darklings","floor":37.0,"turns":3.0},{"damage":0.0,"enemies":"Sphere and 2 Shapes","floor":39.0,"turns":3.0},{"damage":48.0,"enemies":"Giant Head","floor":41.0,"turns":6.0},{"damage":26,"enemies":"Transient","floor":44,"turns":5}],"seed_played":"1640661471631365315","potions_obtained":[{"floor":2.0,"key":"Block Potion"},{"floor":8.0,"key":"PotionOfCapacity"},{"floor":12.0,"key":"DuplicationPotion"},{"floor":25.0,"key":"FairyPotion"},{"floor":27.0,"key":"DuplicationPotion"},{"floor":31.0,"key":"EssenceOfSteel"},{"floor":35.0,"key":"FearPotion"},{"floor":38.0,"key":"LiquidBronze"},{"floor":39.0,"key":"PowerPotion"}],"is_trial":false,"path_per_floor":["M","M","$","M","M","E","R","M","T","M","R","E","?","?","R","B",null,"M","?","?","$","?","R","E","M","T","M","$","E","R","M","R","B",null,"M","?","M","?","M","R","E","$","T","M"],"character_chosen":"DEFECT","items_purchased":["Cold Snap","PrismaticShard","Medical Kit","Juzu Bracelet","DuplicationPotion"],"campfire_rested":0,"item_purchase_floors":[3,21,28,42,42],"current_hp_per_floor":[63,60,60,60,60,28,28,26,26,38,38,36,36,36,36,43,64,53,53,53,53,53,53,45,47,47,49,49,43,43,42,42,33,62,63,63,47,47,49,49,19,19,19,0,0],"gold":183,"neow_bonus":"RANDOM_COMMON_RELIC","is_daily":false,"chose_seed":false,"campfire_upgraded":7,"win_rate":0.0,"timestamp":1613696079,"path_taken":["M","M","$","M","M","E","R","M","T","M","R","E","?","?","R","BOSS","M","?","?","$","?","R","E","M","T","M","$","E","R","M","R","BOSS","M","?","?","?","M","R","E","?","T","M"],"items_purchased_type":["Card","Relic","Relic","Relic","Potion"],"build_version":"2020-12-22","purchased_purges":2,"victory":false,"max_hp_per_floor":[71,71,71,71,71,71,71,71,71,71,71,71,71,71,71,71,71,71,71,71,71,71,71,71,71,71,71,71,71,71,71,71,71,71,71,71,71,71,71,71,71,71,71,71,71],"relic_stats":{"Blood Vial":26,"Happy Flower":[1],"counters":[21,81],"CeramicFish":81,"Pantograph":25,"Gambling Chip":[17],"Bag of Preparation":[30],"Juzu Bracelet":0,"Medical Kit":[0],"MawBank":156,"obtain_stats":[{"Happy Flower":41,"CeramicFish":14,"Bag of Preparation":9,"Omamori":20,"Juzu Bracelet":42,"Ancient Tea Set":0,"PrismaticShard":21,"Medical Kit":28,"MawBank":29,"Blood Vial":12,"Pantograph":24,"Gambling Chip":26,"Philosopher\u0027s Stone":17,"Coffee Dripper":34,"Cracked Core":0,"Meat on the Bone":6},{"Happy Flower":20,"CeramicFish":8,"Bag of Preparation":6,"Omamori":10,"Juzu Bracelet":20,"Ancient Tea Set":0,"PrismaticShard":10,"Medical Kit":13,"MawBank":14,"Blood Vial":8,"Pantograph":11,"Gambling Chip":12,"Philosopher\u0027s Stone":9,"Coffee Dripper":16,"Cracked Core":0,"Meat on the Bone":5},{"Happy Flower":76,"CeramicFish":26,"Bag of Preparation":18,"Omamori":34,"Juzu Bracelet":76,"Ancient Tea Set":0,"PrismaticShard":34,"Medical Kit":43,"MawBank":46,"Blood Vial":26,"Pantograph":38,"Gambling Chip":40,"Philosopher\u0027s Stone":31,"Coffee Dripper":61,"Cracked Core":0,"Meat on the Bone":15}],"Meat on the Bone":96},"card_choices":[{"not_picked":["Steam","Consume"],"picked":"Ball Lightning","floor":1.0},{"not_picked":["Steam","Gash"],"picked":"Ball Lightning","floor":2.0},{"not_picked":["Turbo","Force Field"],"picked":"Sunder","floor":4.0},{"not_picked":["Leap","Sweeping Beam"],"picked":"Go for the Eyes","floor":5.0},{"not_picked":["Multi-Cast","Blizzard"],"picked":"Darkness","floor":6.0},{"not_picked":["Compile Driver","Turbo","Reprogram"],"picked":"SKIP","floor":8.0},{"not_picked":["Rebound","Double Energy"],"picked":"Gash","floor":10.0},{"not_picked":["Barrage","Stack"],"picked":"Doom and Gloom","floor":12.0},{"not_picked":["Hyperbeam","Multi-Cast"],"picked":"Electrodynamics","floor":16.0},{"not_picked":["Go for the Eyes","Streamline","Hologram"],"picked":"SKIP","floor":18.0},{"not_picked":["Stack","Meditate"],"picked":"Flash of Steel","floor":24.0},{"not_picked":["Quick Slash","Steam","Skewer"],"picked":"SKIP","floor":25.0},{"not_picked":["Redo","EmptyBody"],"picked":"Backstab","floor":27.0},{"not_picked":["Melter","Quick Slash"],"picked":"Conclude","floor":29.0},{"not_picked":["Consecrate","Reinforced Body"],"picked":"Bandage Up","floor":31.0},{"not_picked":["Alpha","Creative AI"],"picked":"Biased Cognition","floor":33.0},{"not_picked":["FollowUp","Iron Wave+1"],"picked":"Consecrate","floor":35.0},{"not_picked":["SignatureMove","Blade Dance","Wallop"],"picked":"SKIP","floor":37.0},{"not_picked":["Meditate","Halt","Wild Strike+1"],"picked":"SKIP","floor":39.0},{"not_picked":["Halt+1","Evaluate","Heavy Blade"],"picked":"SKIP","floor":41.0}],"player_experience":1765904,"relics_obtained":[{"floor":6.0,"key":"Meat on the Bone"},{"floor":9.0,"key":"Bag of Preparation"},{"floor":12.0,"key":"Blood Vial"},{"floor":24.0,"key":"Pantograph"},{"floor":26.0,"key":"Gambling Chip"},{"floor":29.0,"key":"MawBank"},{"floor":41.0,"key":"Happy Flower"}],"event_choices":[{"damage_healed":0.0,"max_hp_gain":0.0,"max_hp_loss":0.0,"gold_gain":150.0,"event_name":"Liars Game","player_choice":"AGREE","floor":13.0,"gold_loss":0.0,"damage_taken":0.0,"cards_obtained":["Doubt"]},{"damage_healed":0.0,"max_hp_gain":0.0,"max_hp_loss":0.0,"gold_gain":0.0,"event_name":"Dead Adventurer","player_choice":"Searched \u00272\u0027 times","floor":14.0,"gold_loss":0.0,"damage_taken":0.0,"relics_obtained":["CeramicFish"]},{"damage_healed":0.0,"max_hp_gain":0.0,"max_hp_loss":0.0,"gold_gain":0.0,"event_name":"Back to Basics","player_choice":"Simplicity","floor":19.0,"gold_loss":0.0,"damage_taken":0.0,"cards_upgraded":["Strike_B","Strike_B","Strike_B","Strike_B","Defend_B","Defend_B","Defend_B","Defend_B"]},{"damage_healed":0.0,"max_hp_gain":0.0,"max_hp_loss":0.0,"gold_gain":0.0,"event_name":"The Mausoleum","player_choice":"Opened","floor":20.0,"gold_loss":0.0,"damage_taken":0.0,"relics_obtained":["Omamori"],"cards_obtained":["Writhe"]},{"damage_healed":0.0,"max_hp_gain":0.0,"max_hp_loss":0.0,"gold_gain":0.0,"event_name":"Ghosts","player_choice":"Ignored","floor":22.0,"gold_loss":0.0,"damage_taken":0.0},{"damage_healed":0.0,"max_hp_gain":0.0,"max_hp_loss":0.0,"gold_gain":0.0,"cards_transformed":["Strike_B"],"event_name":"Transmorgrifier","player_choice":"Transformed","floor":36.0,"gold_loss":0.0,"damage_taken":0.0,"cards_obtained":["Gash"]},{"damage_healed":0.0,"max_hp_gain":0.0,"max_hp_loss":0.0,"gold_gain":0.0,"event_name":"Lab","player_choice":"Got Potions","floor":38.0,"gold_loss":0.0,"damage_taken":0.0}],"is_beta":false,"boss_relics":[{"not_picked":["Empty Cage","Velvet Choker"],"picked":"Philosopher\u0027s Stone"},{"not_picked":["Pandora\u0027s Box","Runic Dome"],"picked":"Coffee Dripper"}],"items_purged_floors":[21,28],"is_endless":false,"potions_floor_spawned":[2,8,10,12,25,27,31,35,39],"killed_by":"Transient","ascension_level":20}}