{"host":"ryfs09562e7ibkuk","time":1613777011,"event":{"mods":["BaseMod","Colored Powertips","Marisa£®ÏF”Í°°ƒß¿Ì…≥£©","Minty Spire (QoL Compilation)","Quick Restart","StSLib","The Bug Knight","Youmu£®ªÍ∆«—˝√Œ£©"],"gold_per_floor":[119,132,132,57,74,100,120,151,176,207,218,235,235,255,255,359,359,373,406,8,8,18,51,51,81,81,91,91,106,126,126,126],"floor_reached":31,"language":"ZHS","playtime":1778,"items_purged":["HollowMod:QuickDashStart","HollowMod:NailStrikeStart"],"score":299,"play_id":"7f6816be-7914-43f0-ac3b-eb045b367992","local_time":"20210220072331","is_ascension_mode":false,"campfire_choices":[{"floor":13,"key":"REST"},{"data":"HollowMod:MawleksShell","floor":15,"key":"SMITH"},{"floor":28,"key":"REST"}],"circlet_count":0,"master_deck":["HollowMod:QuickDashStart","HollowMod:QuickDashStart","HollowMod:FocusHealStart","HollowMod:PogoStrike","HollowMod:SoulStrike","HollowMod:BaldurShell","HollowMod:GreatSlash","HollowMod:MantisMark","HollowMod:ZotesMagnificence","HollowMod:MawleksShell+1","HollowMod:HowlingWraiths","HollowMod:ZotesMagnificence","HollowMod:Weaversong","HollowMod:SharpenedNail+1","HollowMod:ChannelNail","HollowMod:NewJinnsSoul+1","HollowMod:CornifersMapStart+1","HollowMod:HornetsHelp","HollowMod:CloakDash"],"relics":["HollowMod:VesselMask","Blood Vial","HollowMod:PaleOreRelic","Omamori","Dream Catcher","Busted Crown","Red Mask","Sling","Bag of Marbles","Tiny Chest","Lantern","Bag of Preparation"],"acts_visited":["Exordium","TheCity"],"potions_floor_usage":[7,10,16,25,25,25,27],"damage_taken":[{"damage":0,"enemies":"Small Slimes","floor":1,"turns":3},{"damage":1,"enemies":"Cultist","floor":2,"turns":4},{"damage":0,"enemies":"2 Louse","floor":5,"turns":2},{"damage":32,"enemies":"Gremlin Nob","floor":6,"turns":4},{"damage":4,"enemies":"2 Fungi Beasts","floor":7,"turns":4},{"damage":35,"enemies":"3 Sentries","floor":8,"turns":9},{"damage":14,"enemies":"Gremlin Nob","floor":10,"turns":3},{"damage":4,"enemies":"Gremlin Gang","floor":11,"turns":3},{"damage":21,"enemies":"Exordium Thugs","floor":12,"turns":6},{"damage":13,"enemies":"Red Slaver","floor":14,"turns":2},{"damage":28,"enemies":"Slime Boss","floor":16,"turns":7},{"damage":10,"enemies":"Spheric Guardian","floor":18,"turns":3},{"damage":9,"enemies":"Masked Bandits","floor":19,"turns":3},{"damage":9,"enemies":"2 Thieves","floor":22,"turns":2},{"damage":40,"enemies":"Gremlin Leader","floor":23,"turns":6},{"damage":18,"enemies":"Book of Stabbing","floor":25,"turns":3},{"damage":0,"enemies":"Snake Plant","floor":27,"turns":1},{"damage":8,"enemies":"Centurion and Healer","floor":29,"turns":3},{"damage":13,"enemies":"Shelled Parasite and Fungi","floor":30,"turns":3},{"damage":13,"enemies":"Snecko","floor":31,"turns":2}],"seed_played":"-7621812711732261014","potions_obtained":[{"floor":6,"key":"Regen Potion"},{"floor":7,"key":"Swift Potion"},{"floor":10,"key":"Strength Potion"},{"floor":14,"key":"PowerPotion"},{"floor":16,"key":"EssenceOfSteel"},{"floor":22,"key":"FearPotion"},{"floor":23,"key":"ColorlessPotion"},{"floor":25,"key":"Swift Potion"},{"floor":29,"key":"LiquidMemories"}],"is_trial":false,"path_per_floor":["M","M","?","$","M","E","M","E","T","E","M","M","R","M","R","B",null,"M","?","$","?","M","E","$","E","T","M","R","M","M","M"],"character_chosen":"THE_BUGKNIGHT","items_purchased":["Sling","Bag of Marbles"],"campfire_rested":2,"item_purchase_floors":[20,20],"current_hp_per_floor":[54,59,59,59,65,39,59,38,38,32,36,23,45,34,34,8,75,65,64,64,64,57,19,19,3,3,5,27,21,10,0,0],"gold":126,"neow_bonus":"REMOVE_TWO","is_daily":false,"chose_seed":false,"campfire_upgraded":1,"win_rate":0.0,"timestamp":1613777011,"path_taken":["M","M","?","$","M","E","M","E","T","E","M","?","R","M","R","BOSS","M","?","$","?","?","E","?","E","T","M","R","?","M","M"],"items_purchased_type":["Relic","Relic"],"build_version":"2020-12-22","purchased_purges":2,"victory":false,"max_hp_per_floor":[75,75,75,75,75,75,75,75,75,75,75,75,75,75,75,75,75,75,75,75,75,75,75,75,75,75,75,75,75,75,75,75],"card_choices":[{"not_picked":["HollowMod:HeavyBlow","HollowMod:GrimmsGift"],"picked":"HollowMod:SoulStrike","floor":1},{"not_picked":["HollowMod:FastStrike","HollowMod:DoubleDash","HollowMod:GrimmsGift"],"picked":"SKIP","floor":2},{"not_picked":["HollowMod:DesolateDive","HollowMod:SharpenedNail"],"picked":"HollowMod:BaldurShell","floor":5},{"not_picked":["HollowMod:SharpenedNail","HollowMod:InfectedAttack"],"picked":"HollowMod:GreatSlash","floor":6},{"not_picked":["HollowMod:MawleksShell","HollowMod:SoulShaman","HollowMod:ChannelNail"],"picked":"SKIP","floor":7},{"not_picked":["HollowMod:HuntersJournal","HollowMod:QuirrelsAssistance"],"picked":"HollowMod:MantisMark","floor":8},{"not_picked":["HollowMod:DungDefenderAura","HollowMod:GoodIntentions"],"picked":"HollowMod:ZotesMagnificence","floor":10},{"not_picked":["HollowMod:SoulStrike","HollowMod:NewJinnsSoul"],"picked":"HollowMod:MawleksShell","floor":11},{"not_picked":["HollowMod:ShadowDash","HollowMod:LifebloodCocoon","HollowMod:CornifersMapStart"],"picked":"SKIP","floor":12},{"not_picked":["HollowMod:NewJinnsSoul","HollowMod:PureNailStrike"],"picked":"HollowMod:HowlingWraiths","floor":13},{"not_picked":["HollowMod:ShadowDash","HollowMod:LifebloodCocoon"],"picked":"HollowMod:ZotesMagnificence","floor":14},{"not_picked":["HollowMod:MidwifesHunger","HollowMod:VoidDash"],"picked":"HollowMod:Weaversong","floor":16},{"not_picked":["HollowMod:DescendingDark"],"picked":"SKIP","floor":18},{"not_picked":[],"picked":"HollowMod:SharpenedNail+1","floor":19},{"not_picked":[],"picked":"HollowMod:ChannelNail","floor":22},{"not_picked":[],"picked":"HollowMod:NewJinnsSoul+1","floor":23},{"not_picked":[],"picked":"HollowMod:CornifersMapStart+1","floor":25},{"not_picked":["HollowMod:CrystalDash"],"picked":"SKIP","floor":27},{"not_picked":[],"picked":"HollowMod:HornetsHelp","floor":28},{"not_picked":[],"picked":"HollowMod:CloakDash","floor":29},{"not_picked":["HollowMod:CycloneSlash"],"picked":"SKIP","floor":30}],"player_experience":173193,"relics_obtained":[{"floor":6,"key":"Blood Vial"},{"floor":8,"key":"HollowMod:PaleOreRelic"},{"floor":9,"key":"Omamori"},{"floor":10,"key":"Dream Catcher"},{"floor":19,"key":"Red Mask"},{"floor":23,"key":"Tiny Chest"},{"floor":25,"key":"Lantern"},{"floor":26,"key":"Bag of Preparation"}],"event_choices":[{"cards_removed":["HollowMod:NailStrikeStart"],"damage_healed":0,"gold_gain":0,"player_choice":"Purged","damage_taken":0,"max_hp_gain":0,"max_hp_loss":0,"event_name":"Purifier","floor":3,"gold_loss":0},{"damage_healed":0,"gold_gain":0,"player_choice":"Fought Bandits","damage_taken":0,"max_hp_gain":0,"max_hp_loss":0,"event_name":"Masked Bandits","floor":19,"gold_loss":0},{"cards_removed":["HollowMod:NailStrikeStart"],"damage_healed":0,"gold_gain":0,"player_choice":"Purged","damage_taken":0,"max_hp_gain":0,"max_hp_loss":0,"event_name":"Purifier","floor":21,"gold_loss":0}],"is_beta":false,"boss_relics":[{"not_picked":["Velvet Choker","Fusion Hammer"],"picked":"Busted Crown"}],"items_purged_floors":[4,20],"is_endless":false,"potions_floor_spawned":[6,7,10,14,16,22,23,25,29],"killed_by":"Snecko","ascension_level":0}}