{"host":"2s8oz9a7vy9poayr","time":1613713786,"event":{"mods":["Bartender","BaseMod","ChefMod","Dio Mod","Downfall","Hermit","Jedi Mod","Jorbs\u0027s Wanderer Trilogy","Koishi","Melee Mod","Mimic Mod","Minty Spire (QoL Compilation)","Nova Terra(??·??)","Potionbrewer","Robot Space Explorer","Somnambulant","StSLib","The Blackbeard","The Clintock","The Cursed","The Dragon Tamer","The Exalted","The Florist","The Forsaken","The Hierophant","The Juggle","The Kombatant","The Saiyan","The Senshi","The Trickster","TheBandit","TheHero","TheSwordswoman","TheVacant","TheWitcher"],"gold_per_floor":[117,292,292,302,317,317,332,332,383,394,413,168,200,200,200,304,304,323,342,68,68,68,68,79,79,110,138,150,160,160,209,209,312,312,324,344,117,127,127,127,127,52,83,101,130,130,142,158,158,158,158,158],"floor_reached":50,"language":"ENG","playtime":1772,"items_purged":["Regret"],"score":618,"play_id":"9fbc6e2e-ed73-45c0-ab43-8bfc79dd282d","local_time":"20210219004946","is_ascension_mode":false,"metric_token":2259,"campfire_choices":[{"data":"DTMod:QuickFly","floor":6,"key":"SMITH"},{"data":"DTMod:ForkedFire","floor":8,"key":"SMITH"},{"data":"DTMod:Inferno","floor":15,"key":"SMITH"},{"floor":23,"key":"REST"},{"floor":30,"key":"REST"},{"data":"DTMod:SwitchingTactic","floor":32,"key":"SMITH"},{"floor":40,"key":"REST"},{"floor":46,"key":"REST"},{"floor":49,"key":"REST"}],"dtmod_dragon_data":[0,50,1,1,8,9],"circlet_count":0,"master_deck":["DTMod:Strike","DTMod:Strike","DTMod:Strike","DTMod:Strike","DTMod:DoubleHit","DTMod:TargetDefense+1","DTMod:TargetDefense","DTMod:TargetDefense","DTMod:TargetDefense","DTMod:SwitchingTactic+1","DTMod:QuickFly+1","DTMod:Feint","DTMod:LowKick","DTMod:ForkedFire+1","DTMod:FlameSlash","DTMod:MagiciansMark","DTMod:Inferno+1","DTMod:Outburst","DTMod:QuickFly","DTMod:BizarreTactic","DTMod:Observe+1","DTMod:FlameSlash","theForsaken:PlagueCurse","DTMod:BurningEnergy+1","DTMod:FlameSlash","DTMod:Hide","DTMod:HeatWave","DTMod:BurningForce+1","DTMod:Prediction","DTMod:Threaten+1","DTMod:BurningEnergy","DTMod:InvisibleFlame","DTMod:BlazingStrike","DTMod:Astonish+1","Writhe","DTMod:Observe+1","DTMod:BreakAttack+1","DTMod:Weaken+1","DTMod:MagicField","DTMod:ForkedFire+1"],"relics":["DTMod:PactStone","NeowsBlessing","Spirit Poop","Pantograph","jedi:shrinkray","Bag of Marbles","Sozu","DTMod:SwitchButton","Enchiridion","theForsaken:PlagueMask","DTMod:AncientBone","Strawberry","Bromod:ArcaneMomentum","bronze:MakeshiftBattery","War Paint","Bromod:ArcaneAvenger","SnafuTest:CatRelic"],"acts_visited":["Exordium","TheCity","TheBeyond"],"potions_floor_usage":[27,27,38],"damage_taken":[{"damage":0,"enemies":"2 Louse","floor":1,"turns":2},{"damage":0,"enemies":"Small Slimes","floor":4,"turns":1},{"damage":0,"enemies":"Cultist","floor":5,"turns":1},{"damage":0,"enemies":"Looter","floor":7,"turns":2},{"damage":0,"enemies":"Large Slime","floor":10,"turns":4},{"damage":0,"enemies":"3 Louse","floor":11,"turns":1},{"damage":0,"enemies":"3 Sentries","floor":13,"turns":4},{"damage":1,"enemies":"Slime Boss","floor":16,"turns":6},{"damage":0,"enemies":"Spheric Guardian","floor":18,"turns":3},{"damage":5,"enemies":"3 Byrds","floor":19,"turns":4},{"damage":0,"enemies":"3 Cultists","floor":24,"turns":1},{"damage":0,"enemies":"Chosen and Byrds","floor":26,"turns":6},{"damage":3,"enemies":"Book of Stabbing","floor":27,"turns":4},{"damage":5,"enemies":"Chosen and Byrds","floor":28,"turns":5},{"damage":0,"enemies":"Snake Plant","floor":29,"turns":2},{"damage":36,"enemies":"Collector","floor":33,"turns":8},{"damage":0,"enemies":"Orb Walker","floor":35,"turns":1},{"damage":0,"enemies":"3 Shapes","floor":36,"turns":2},{"damage":42,"enemies":"Transient","floor":38,"turns":5},{"damage":6,"enemies":"Sphere and 2 Shapes","floor":43,"turns":9},{"damage":0,"enemies":"Sphere and 2 Shapes","floor":44,"turns":1},{"damage":24,"enemies":"Giant Head","floor":45,"turns":6},{"damage":0,"enemies":"Spire Growth","floor":47,"turns":3},{"damage":0,"enemies":"4 Shapes","floor":48,"turns":2},{"damage":52,"enemies":"Donu and Deca","floor":50,"turns":6}],"seed_played":"-8682372194618747280","potions_obtained":[{"floor":1,"key":"Block Potion"},{"floor":5,"key":"LiquidMemories"},{"floor":11,"key":"Regen Potion"}],"is_trial":false,"path_per_floor":["M","?","?","M","M","R","M","R","T","M","M","$","E","?","R","B",null,"M","M","$","?","?","R","M","?","MIM","E","M","M","R","T","R","B",null,"M","M","$","M","?","R","?","$","MIM","M","E","R","M","M","R","B"],"character_chosen":"THE_DT","items_purchased":["Pantograph","DTMod:SwitchButton","DTMod:Observe","DTMod:FlameSlash","War Paint","DTMod:InvisibleFlame","DTMod:BlazingStrike"],"campfire_rested":5,"item_purchase_floors":[12,20,20,20,37,37,37],"current_hp_per_floor":[45,45,45,45,45,45,45,45,45,45,45,45,45,45,45,44,45,45,40,40,24,24,37,37,37,37,41,36,36,51,51,51,16,52,52,52,52,10,10,25,38,38,32,32,8,23,23,23,38,0,0,0],"gold":158,"neow_bonus":"THREE_ENEMY_KILL","is_daily":false,"chose_seed":false,"campfire_upgraded":4,"win_rate":0.0,"timestamp":1613713786,"path_taken":["M","?","?","M","M","R","?","R","T","M","M","$","E","?","R","BOSS","M","M","$","?","?","R","M","?","MIM","E","?","M","R","?","R","BOSS","M","M","$","M","?","R","?","$","MIM","?","E","R","M","M","R","BOSS"],"items_purchased_type":["Relic","Relic","Card","Card","Relic","Card","Card"],"build_version":"2020-12-22","purchased_purges":1,"victory":false,"max_hp_per_floor":[45,45,45,45,45,45,45,45,45,45,45,45,45,45,45,45,45,45,45,45,45,45,45,45,45,45,52,52,52,52,52,52,52,52,52,52,52,52,52,52,52,52,52,52,52,52,52,52,52,52,52,52],"card_choices":[{"not_picked":["DTMod:TauntingStrike","DTMod:Feint"],"picked":"DTMod:QuickFly","floor":1},{"not_picked":["DTMod:BuildUp","DTMod:Punisher"],"picked":"DTMod:Feint","floor":4},{"not_picked":["DTMod:DarkBreath","DTMod:CleansingStrike"],"picked":"DTMod:LowKick","floor":5},{"not_picked":["DTMod:HeatWave","DTMod:SneakAttack"],"picked":"DTMod:ForkedFire","floor":7},{"not_picked":["DTMod:BlazingStrike","DTMod:GhostSkin"],"picked":"DTMod:FlameSlash","floor":10},{"not_picked":["DTMod:BlueScale","DTMod:RunningTactic"],"picked":"DTMod:MagiciansMark","floor":11},{"not_picked":["DTMod:FlameSlash","DTMod:Dissolve"],"picked":"DTMod:Inferno","floor":13},{"not_picked":["DTMod:EchoTactic","DTMod:Harmonize"],"picked":"DTMod:Outburst","floor":16},{"not_picked":["DTMod:Punisher","DTMod:Adaptation"],"picked":"DTMod:QuickFly","floor":18},{"not_picked":["DTMod:Feint","DTMod:PurifyingFlame"],"picked":"DTMod:BizarreTactic","floor":19},{"not_picked":["DTMod:DeepFocus+1","DTMod:BreakAttack"],"picked":"DTMod:BurningEnergy+1","floor":24},{"not_picked":["DTMod:MaximumCharge","DTMod:MagicField"],"picked":"DTMod:FlameSlash","floor":26},{"not_picked":["DTMod:RecklessFlurry+1","DTMod:ComboAttack"],"picked":"DTMod:Hide","floor":27},{"not_picked":["DTMod:LowKick","DTMod:Dissolve+1"],"picked":"DTMod:HeatWave","floor":28},{"not_picked":["DTMod:Training","DTMod:EchoTactic"],"picked":"DTMod:BurningForce+1","floor":29},{"not_picked":["DTMod:ResonanceForm","DTMod:EchoTactic"],"picked":"DTMod:Prediction","floor":33},{"not_picked":["DTMod:BizarreTactic+1","DTMod:CalculatedDefense"],"picked":"DTMod:Threaten+1","floor":35},{"not_picked":["DTMod:BreakAttack","DTMod:Observe"],"picked":"DTMod:BurningEnergy","floor":36},{"not_picked":["DTMod:Hide","DTMod:BizarreTactic"],"picked":"DTMod:Astonish+1","floor":38},{"not_picked":["DTMod:BreakAttack+1","DTMod:RecklessFlurry+1"],"picked":"DTMod:Observe+1","floor":43},{"not_picked":["DTMod:CalculatedDefense","DTMod:Feint+1"],"picked":"DTMod:BreakAttack+1","floor":44},{"not_picked":["DTMod:BurningEnergy+1","DTMod:ExcessFootwork"],"picked":"DTMod:Weaken+1","floor":45},{"not_picked":["DTMod:Feint","DTMod:BizarreTactic"],"picked":"DTMod:MagicField","floor":47},{"not_picked":["DTMod:WarmUp","DTMod:HeatWave+1"],"picked":"DTMod:ForkedFire+1","floor":48}],"player_experience":176046,"relics_obtained":[{"floor":13,"key":"jedi:shrinkray"},{"floor":21,"key":"Enchiridion"},{"floor":26,"key":"DTMod:AncientBone"},{"floor":27,"key":"Strawberry"},{"floor":31,"key":"Bromod:ArcaneMomentum"},{"floor":43,"key":"Bromod:ArcaneAvenger"},{"floor":45,"key":"SnafuTest:CatRelic"}],"event_choices":[{"damage_healed":0,"gold_gain":175,"player_choice":"AGREE","damage_taken":0,"max_hp_gain":0,"max_hp_loss":0,"event_name":"Liars Game","floor":2,"gold_loss":0,"cards_obtained":["Doubt"]},{"cards_removed":["Doubt"],"damage_healed":0,"gold_gain":0,"player_choice":"Offered Curse","damage_taken":0,"relics_obtained":["Spirit Poop"],"max_hp_gain":0,"max_hp_loss":0,"event_name":"Bonfire Elementals","floor":3,"gold_loss":0},{"damage_healed":0,"gold_gain":0,"player_choice":"Box","damage_taken":0,"relics_obtained":["Bag of Marbles"],"max_hp_gain":0,"max_hp_loss":0,"event_name":"Big Fish","floor":14,"gold_loss":0,"cards_obtained":["Regret"]},{"damage_healed":0,"gold_gain":0,"player_choice":"Obtained Book","damage_taken":16,"max_hp_gain":0,"max_hp_loss":0,"event_name":"Cursed Tome","floor":21,"gold_loss":0},{"damage_healed":0,"gold_gain":0,"player_choice":"Obtain Plague Curse","damage_taken":0,"max_hp_gain":0,"max_hp_loss":0,"event_name":"Plague Doctor","floor":22,"gold_loss":0,"cards_obtained":["theForsaken:PlagueCurse"]},{"damage_healed":0,"gold_gain":0,"player_choice":"Ignored","damage_taken":0,"max_hp_gain":0,"max_hp_loss":0,"event_name":"NoteForYourself","floor":25,"gold_loss":0},{"damage_healed":13,"gold_gain":0,"player_choice":"Writhe","damage_taken":0,"max_hp_gain":0,"max_hp_loss":0,"event_name":"Winding Halls","floor":41,"gold_loss":0,"cards_obtained":["Writhe"]}],"is_beta":false,"boss_relics":[{"not_picked":["Tiny House","Bromod:ArcaneBarrier"],"picked":"Sozu"},{"not_picked":["jedi:battlestandard","theForsaken:PaleLantern"],"picked":"bronze:MakeshiftBattery"}],"items_purged_floors":[42],"is_endless":false,"potions_floor_spawned":[1,5,11,18,24,33,35,36,44,47],"killed_by":"Donu and Deca","ascension_level":0}}