{"host":"dcj2yvrgcvh5dl2s","time":1613705997,"event":{"mods":["BaseMod","Bestiary","Better Note","Block Reminder","Colored Powertips","Curses Come First","DeckTracker","Displayed Cursed Tome","Minty Spire (QoL Compilation)","Quick Restart","Rare Cards Sparkle","Relic Stats","StSLib"],"gold_per_floor":[117,117,26,37,37,37,72,89,89,89,120,133,156,172,172,250,250,269,78,128,138,138,138],"floor_reached":22,"language":"ENG","playtime":7374,"items_purged":["Strike_R"],"score":438,"play_id":"b2de3e26-4c6a-4332-b667-f0e5eb18423f","local_time":"20210219133957","is_ascension_mode":true,"campfire_choices":[{"data":"Body Slam","floor":6,"key":"SMITH"},{"data":"Body Slam","floor":10,"key":"SMITH"},{"floor":15,"key":"REST"}],"circlet_count":0,"master_deck":["AscendersBane","Strike_R","Strike_R","Strike_R","Strike_R","Defend_R","Defend_R","Defend_R","Defend_R","Bash+1","Cleave","Flex","Feel No Pain","Body Slam+1","Body Slam+1","Sword Boomerang","Heavy Blade","Disarm","Body Slam","Offering","Inflame+1","Dropkick","True Grit"],"relics":["Burning Blood","NeowsBlessing","Frozen Egg 2","Du-Vu Doll","Pantograph","Pen Nib","Coffee Dripper"],"acts_visited":["Exordium","TheCity"],"potions_floor_usage":[12,21],"damage_taken":[{"damage":0,"enemies":"Cultist","floor":1,"turns":1},{"damage":0,"enemies":"Small Slimes","floor":4,"turns":1},{"damage":0,"enemies":"Gremlin Nob","floor":7,"turns":1},{"damage":7,"enemies":"Jaw Worm","floor":8,"turns":3},{"damage":35,"enemies":"Lagavulin","floor":11,"turns":6},{"damage":15,"enemies":"Large Slime","floor":12,"turns":5},{"damage":6,"enemies":"Lots of Slimes","floor":14,"turns":3},{"damage":63,"enemies":"The Guardian","floor":16,"turns":12},{"damage":33,"enemies":"3 Byrds","floor":18,"turns":6},{"damage":23,"enemies":"2 Thieves","floor":21,"turns":3},{"damage":20,"enemies":"3 Cultists","floor":22,"turns":3}],"seed_played":"3190770619339412491","potions_obtained":[{"floor":1,"key":"Weak Potion"},{"floor":5,"key":"GamblersBrew"},{"floor":11,"key":"AttackPotion"}],"is_trial":false,"path_per_floor":["M","?","$","M","?","R","E","M","T","R","E","M","T","M","R","B",null,"M","$","?","M","M"],"character_chosen":"IRONCLAD","items_purchased":["Flex","Feel No Pain","Dropkick","True Grit"],"campfire_rested":1,"item_purchase_floors":[3,3,19,19],"current_hp_per_floor":[74,74,74,75,75,75,75,74,74,74,45,36,36,36,58,18,61,34,34,34,17,0,0],"gold":138,"neow_bonus":"THREE_ENEMY_KILL","is_daily":false,"chose_seed":false,"campfire_upgraded":2,"win_rate":0.0,"timestamp":1613705997,"path_taken":["M","?","$","?","?","R","E","M","T","R","E","?","?","M","R","BOSS","M","$","?","M","M"],"items_purchased_type":["Card","Card","Card","Card"],"build_version":"2020-12-22","purchased_purges":1,"victory":false,"max_hp_per_floor":[75,75,75,75,75,75,75,75,75,75,75,75,75,75,75,75,75,75,75,75,75,75,75],"relic_stats":{"counters":[11,44],"Pantograph":17,"Pen Nib":[6],"obtain_stats":[{"Du-Vu Doll":9,"NeowsBlessing":0,"Pantograph":11,"Pen Nib":13,"Coffee Dripper":17,"Frozen Egg 2":7,"Burning Blood":0},{"Du-Vu Doll":4,"NeowsBlessing":0,"Pantograph":5,"Pen Nib":6,"Coffee Dripper":8,"Frozen Egg 2":3,"Burning Blood":0},{"Du-Vu Doll":6,"NeowsBlessing":0,"Pantograph":12,"Pen Nib":17,"Coffee Dripper":32,"Frozen Egg 2":3,"Burning Blood":0}],"Burning Blood":49},"card_choices":[{"not_picked":["Reckless Charge","Sever Soul"],"picked":"Cleave","floor":1},{"not_picked":["Warcry","Headbutt"],"picked":"Body Slam","floor":4},{"not_picked":["Shockwave","Headbutt"],"picked":"Body Slam","floor":7},{"not_picked":["Anger","Twin Strike"],"picked":"Sword Boomerang","floor":8},{"not_picked":["Demon Form+1","Clothesline"],"picked":"Heavy Blade","floor":11},{"not_picked":["Spot Weakness","Iron Wave"],"picked":"Disarm","floor":12},{"not_picked":["Seeing Red","Shrug It Off"],"picked":"Body Slam","floor":14},{"not_picked":["Berserk+1","Exhume"],"picked":"Offering","floor":16},{"not_picked":["Iron Wave","Fire Breathing+1"],"picked":"Inflame+1","floor":18},{"not_picked":["Iron Wave","Second Wind+1","Armaments"],"picked":"SKIP","floor":21}],"player_experience":2437575,"relics_obtained":[{"floor":7,"key":"Frozen Egg 2"},{"floor":9,"key":"Du-Vu Doll"},{"floor":11,"key":"Pantograph"},{"floor":13,"key":"Pen Nib"}],"event_choices":[{"damage_healed":0,"gold_gain":0,"player_choice":"Upgraded","damage_taken":0,"max_hp_gain":0,"max_hp_loss":0,"event_name":"Upgrade Shrine","floor":2,"gold_loss":0,"cards_upgraded":["Bash"]},{"damage_healed":0,"gold_gain":0,"player_choice":"Got Potions","damage_taken":0,"max_hp_gain":0,"max_hp_loss":0,"event_name":"Lab","floor":5,"gold_loss":0},{"damage_healed":0,"gold_gain":50,"player_choice":"Pray","damage_taken":0,"max_hp_gain":0,"max_hp_loss":0,"event_name":"Golden Shrine","floor":20,"gold_loss":0}],"is_beta":false,"boss_relics":[{"not_picked":["Fusion Hammer","SacredBark"],"picked":"Coffee Dripper"}],"items_purged_floors":[19],"is_endless":false,"potions_floor_spawned":[1,8,11],"killed_by":"3 Cultists","ascension_level":20}}