{"host":"dlqyscxstsnu98l1","time":1613714319,"event":{"mods":["AchievementEnabler","BaseMod","Colored Map","Colored Powertips","GifTheSpireLib","Highlight Path","Minty Spire (QoL Compilation)","Random Character Button","SacredBarkPlus","StSLib","everything is the same but u backflip on backflip"],"gold_per_floor":[119,42,117,117,117,152,152,188,188,209,159,159,159,190,190,321,321,335,355,374,220,245,245,31,31,31,31,31,31,31,31,31,31,31],"floor_reached":33,"language":"ENG","playtime":1888,"items_purged":["Strike_P","Eruption"],"score":446,"play_id":"62c3fdd1-fcae-47b6-84ec-5b4c335738b6","local_time":"20210218235839","is_ascension_mode":true,"campfire_choices":[{"data":"PathToVictory","floor":7,"key":"SMITH"},{"data":"LikeWater","floor":13,"key":"SMITH"},{"data":"Nirvana","floor":15,"key":"SMITH"},{"floor":23,"key":"REST"},{"data":"Scrawl","floor":25,"key":"SMITH"},{"floor":30,"key":"REST"},{"data":"Study","floor":32,"key":"SMITH"}],"circlet_count":0,"master_deck":["Strike_P+1","Defend_P+1","Defend_P+1","Defend_P+1","Defend_P+1","Vigilance","Prostrate","PathToVictory+1","Protect","EmptyFist","Wireheading","LikeWater+1","ThirdEye","Nirvana+1","Scrawl+1","Weave+1","Study+1","Meditate","Wireheading","Sanctity"],"relics":["PureWater","NeowsBlessing","Bloody Idol","FossilizedHelix","Bronze Scales","WingedGreaves","Potion Belt","Empty Cage"],"acts_visited":["Exordium","TheCity"],"potions_floor_usage":[33,33],"damage_taken":[{"damage":0,"enemies":"2 Louse","floor":1,"turns":1},{"damage":0,"enemies":"Lagavulin","floor":6,"turns":1},{"damage":0,"enemies":"3 Sentries","floor":8,"turns":2},{"damage":0,"enemies":"Small Slimes","floor":10,"turns":2},{"damage":1,"enemies":"Lagavulin","floor":14,"turns":10},{"damage":0,"enemies":"The Guardian","floor":16,"turns":15},{"damage":0,"enemies":"Spheric Guardian","floor":18,"turns":12},{"damage":7,"enemies":"Shell Parasite","floor":19,"turns":4},{"damage":11,"enemies":"Centurion and Healer","floor":20,"turns":9},{"damage":26,"enemies":"Snake Plant","floor":22,"turns":5},{"damage":26,"enemies":"Colosseum Slavers","floor":27,"turns":6},{"damage":46,"enemies":"Champ","floor":33,"turns":12}],"seed_played":"-5980926606709732803","potions_obtained":[{"floor":1,"key":"Dexterity Potion"},{"floor":6,"key":"Strength Potion"},{"floor":14,"key":"Fire Potion"},{"floor":18,"key":"Ancient Potion"},{"floor":22,"key":"Block Potion"}],"is_trial":false,"path_per_floor":["M","$","?","?","?","E","R","E","T","M","$","?","R","E","R","B",null,"M","M","M","$","M","R","$","R","T","?","?","$","R","?","R","B"],"character_chosen":"WATCHER","items_purchased":["PathToVictory","Protect","ThirdEye","Study","Wireheading","Sanctity"],"campfire_rested":2,"item_purchase_floors":[2,2,11,21,24,24],"current_hp_per_floor":[72,72,61,61,66,66,66,66,66,66,66,66,66,65,65,65,70,70,63,52,52,26,47,47,47,47,21,21,21,42,42,42,0,0],"gold":31,"neow_bonus":"THREE_ENEMY_KILL","is_daily":false,"chose_seed":false,"campfire_upgraded":5,"win_rate":0.0,"timestamp":1613714319,"path_taken":["M","$","?","?","?","E","R","E","T","M","$","?","R","E","R","BOSS","M","M","M","$","M","R","$","R","T","?","?","$","R","?","R","BOSS"],"items_purchased_type":["Card","Card","Card","Card","Card","Card"],"build_version":"2020-12-22","purchased_purges":2,"victory":false,"max_hp_per_floor":[72,72,72,67,72,72,72,72,72,72,72,72,72,72,72,72,72,72,72,72,72,72,72,72,72,72,72,72,72,72,72,72,72,72],"card_choices":[{"not_picked":["MentalFortress","WreathOfFlame"],"picked":"Prostrate","floor":1},{"not_picked":["CutThroughFate","Tantrum"],"picked":"EmptyFist","floor":6},{"not_picked":["CutThroughFate","WaveOfTheHand"],"picked":"Wireheading","floor":8},{"not_picked":["EmptyBody","WreathOfFlame"],"picked":"LikeWater","floor":10},{"not_picked":["SpiritShield","Wallop"],"picked":"Nirvana","floor":14},{"not_picked":["Ragnarok","Brilliance"],"picked":"Scrawl","floor":16},{"not_picked":["FlurryOfBlows","ThirdEye"],"picked":"Weave+1","floor":18},{"not_picked":["JustLucky","FearNoEvil","FlurryOfBlows+1"],"picked":"SKIP","floor":19},{"not_picked":["Swivel","CutThroughFate","Indignation"],"picked":"SKIP","floor":20},{"not_picked":["FlurryOfBlows+1","DeusExMachina"],"picked":"Meditate","floor":22}],"player_experience":232434,"relics_obtained":[{"floor":6,"key":"FossilizedHelix"},{"floor":8,"key":"Bronze Scales"},{"floor":9,"key":"WingedGreaves"},{"floor":14,"key":"Potion Belt"}],"event_choices":[{"damage_healed":0,"gold_gain":75,"player_choice":"Gather Gold","damage_taken":11,"max_hp_gain":0,"max_hp_loss":0,"event_name":"World of Goop","floor":3,"gold_loss":0},{"damage_healed":0,"gold_gain":0,"player_choice":"Lose Max HP","damage_taken":0,"relics_obtained":["Golden Idol"],"max_hp_gain":0,"max_hp_loss":5,"event_name":"Golden Idol","floor":4,"gold_loss":0},{"damage_healed":0,"gold_gain":0,"player_choice":"Donut","damage_taken":0,"max_hp_gain":5,"max_hp_loss":0,"event_name":"Big Fish","floor":5,"gold_loss":0},{"damage_healed":0,"gold_gain":0,"player_choice":"Ignored","damage_taken":0,"max_hp_gain":0,"max_hp_loss":0,"event_name":"Liars Game","floor":12,"gold_loss":0},{"damage_healed":0,"gold_gain":0,"player_choice":"Fight","damage_taken":0,"max_hp_gain":0,"max_hp_loss":0,"event_name":"Colosseum","floor":27,"gold_loss":0},{"damage_healed":0,"gold_gain":0,"player_choice":"Fled From Nobs","damage_taken":0,"max_hp_gain":0,"max_hp_loss":0,"event_name":"Colosseum","floor":27,"gold_loss":0},{"damage_healed":0,"gold_gain":0,"player_choice":"Simplicity","damage_taken":0,"max_hp_gain":0,"max_hp_loss":0,"event_name":"Back to Basics","floor":28,"gold_loss":0,"cards_upgraded":["Strike_P","Defend_P","Defend_P","Defend_P","Defend_P"]},{"damage_healed":0,"gold_gain":0,"player_choice":"Gave Idol","damage_taken":0,"relics_obtained":["Bloody Idol"],"max_hp_gain":0,"max_hp_loss":0,"event_name":"Forgotten Altar","floor":31,"relics_lost":["Golden Idol"],"gold_loss":0}],"is_beta":false,"boss_relics":[{"not_picked":["HolyWater","Calling Bell"],"picked":"Empty Cage"}],"items_purged_floors":[21,24],"is_endless":false,"potions_floor_spawned":[1,6,14,18,22],"killed_by":"Champ","ascension_level":5}}