{"host":"wshey5htrz8rni6u","time":1613736489,"event":{"mods":["2.2 Compatiblity","BaseMod","Block Reminder","Colored Map","Colored Powertips","Current Relic Mod","Curses Come First","Dark Map","Key Reminder","Keyboard Shortcuts","Minty Spire (QoL Compilation)","Potion Indicator Mod","Quick Restart","Random Character Button","Relic Sorter","Relic Stats","StSLib","SuperFastMode","Unceasing Turn Reminder","UnlockEverythingMod","Weighted Paths"],"gold_per_floor":[109,109,128,154,171,171,200,11,62,62,81,106,117,127,127,228,228,243,243,45,45,45],"floor_reached":21,"language":"ENG","playtime":775,"items_purged":["Strike_B","Strike_B"],"score":263,"play_id":"98844895-e639-4f58-a7cf-28677d1dcd79","local_time":"20210219040809","is_ascension_mode":true,"campfire_choices":[{"data":"Buffer","floor":6,"key":"SMITH"},{"floor":10,"key":"REST"},{"data":"Hologram","floor":15,"key":"SMITH"}],"circlet_count":0,"master_deck":["Strike_B","Strike_B","Defend_B","Defend_B","Defend_B","Defend_B","Zap","Dualcast","Loop","Hologram+1","Buffer+1","Streamline","Self Repair","Rip and Tear","Self Repair","Core Surge","Force Field","Defragment","Amplify","Leap"],"relics":["SacredBark","Juzu Bracelet","Darkstone Periapt","DataDisk","Bird Faced Urn","Coffee Dripper","Enchiridion","Membership Card"],"acts_visited":["Exordium","TheCity"],"potions_floor_usage":[5,12,18,21],"damage_taken":[{"damage":3,"enemies":"Jaw Worm","floor":1,"turns":5},{"damage":1,"enemies":"Cultist","floor":3,"turns":4},{"damage":0,"enemies":"Small Slimes","floor":5,"turns":1},{"damage":54,"enemies":"Gremlin Nob","floor":7,"turns":7},{"damage":0,"enemies":"3 Louse","floor":11,"turns":3},{"damage":17,"enemies":"3 Sentries","floor":12,"turns":5},{"damage":7,"enemies":"2 Fungi Beasts","floor":13,"turns":6},{"damage":12,"enemies":"Looter","floor":14,"turns":5},{"damage":0,"enemies":"Slime Boss","floor":16,"turns":10},{"damage":11,"enemies":"Shell Parasite","floor":18,"turns":6},{"damage":76,"enemies":"3 Byrds","floor":21,"turns":5}],"seed_played":"2414093863910555390","potions_obtained":[{"floor":3,"key":"Fire Potion"},{"floor":11,"key":"Explosive Potion"},{"floor":13,"key":"Energy Potion"},{"floor":16,"key":"SkillPotion"}],"is_trial":false,"path_per_floor":["M","?","M","T","M","R","E","$","T","R","M","E","M","M","R","B",null,"M","?","$","M"],"character_chosen":"DEFECT","items_purchased":["Self Repair","Rip and Tear","Membership Card"],"campfire_rested":1,"item_purchase_floors":[8,8,20],"current_hp_per_floor":[72,72,71,71,71,71,17,17,17,39,46,43,58,68,68,75,75,75,59,59,0,0],"gold":45,"neow_bonus":"BOSS_RELIC","is_daily":false,"chose_seed":false,"campfire_upgraded":2,"win_rate":0.0,"timestamp":1613736489,"path_taken":["M","?","?","?","M","R","E","$","T","R","M","E","M","M","R","BOSS","M","?","$","M"],"items_purchased_type":["Card","Card","Relic"],"build_version":"2020-12-13","purchased_purges":2,"victory":false,"max_hp_per_floor":[75,75,75,75,75,75,75,75,75,75,75,75,75,75,75,75,75,75,75,75,75,75],"relic_stats":{"Darkstone Periapt":0,"counters":[11,57],"Bird Faced Urn":[47],"Juzu Bracelet":0,"obtain_stats":[{"Darkstone Periapt":7,"DataDisk":9,"SacredBark":0,"Bird Faced Urn":12,"Enchiridion":19,"Juzu Bracelet":4,"Coffee Dripper":17,"Membership Card":20,"Cracked Core":0},{"Darkstone Periapt":4,"DataDisk":4,"SacredBark":0,"Bird Faced Urn":6,"Enchiridion":10,"Juzu Bracelet":2,"Coffee Dripper":9,"Membership Card":10,"Cracked Core":0},{"Darkstone Periapt":17,"DataDisk":17,"SacredBark":0,"Bird Faced Urn":25,"Enchiridion":52,"Juzu Bracelet":9,"Coffee Dripper":46,"Membership Card":52,"Cracked Core":0}]},"card_choices":[{"not_picked":["Gash","Redo"],"picked":"Loop","floor":1},{"not_picked":["Conserve Battery","Leap"],"picked":"Hologram","floor":3},{"not_picked":["Conserve Battery","Gash"],"picked":"Buffer","floor":5},{"not_picked":["Gash","Hologram"],"picked":"Streamline","floor":7},{"not_picked":["Sunder","Rebound"],"picked":"Self Repair","floor":11},{"not_picked":["Leap","Ball Lightning"],"picked":"Core Surge","floor":12},{"not_picked":["Turbo","Go for the Eyes"],"picked":"Force Field","floor":13},{"not_picked":["Beam Cell","Melter"],"picked":"Defragment","floor":14},{"not_picked":["Machine Learning","Seek"],"picked":"Amplify","floor":16},{"not_picked":["Chaos","Static Discharge"],"picked":"Leap","floor":18}],"player_experience":130785,"relics_obtained":[{"floor":4,"key":"Juzu Bracelet"},{"floor":7,"key":"Darkstone Periapt"},{"floor":9,"key":"DataDisk"},{"floor":12,"key":"Bird Faced Urn"},{"floor":19,"key":"Enchiridion"}],"event_choices":[{"damage_healed":0,"gold_gain":0,"player_choice":"Ignored","damage_taken":0,"max_hp_gain":0,"max_hp_loss":0,"event_name":"NoteForYourself","floor":2,"gold_loss":0},{"damage_healed":0,"gold_gain":0,"player_choice":"Obtained Book","damage_taken":16,"max_hp_gain":0,"max_hp_loss":0,"event_name":"Cursed Tome","floor":19,"gold_loss":0}],"is_beta":false,"boss_relics":[{"not_picked":["Inserter","Pandora\u0027s Box"],"picked":"Coffee Dripper"}],"items_purged_floors":[8,20],"is_endless":false,"potions_floor_spawned":[3,11,13,16],"killed_by":"3 Byrds","ascension_level":2}}