{"host":"lly094a91h6n5nv5","time":1613717913,"event":{"mods":["AchievementEnabler","BaseMod","Block Reminder","Colored Map","Minty Spire (QoL Compilation)","Permanent Neow"],"gold_per_floor":[116,135,145,145,116,116,116,116],"floor_reached":7,"language":"ENG","playtime":444,"items_purged":[],"score":69,"play_id":"f5135df9-a3a3-4036-852e-63e75c09e388","local_time":"20210219005833","is_ascension_mode":true,"campfire_choices":[{"data":"Noxious Fumes","floor":6,"key":"SMITH"}],"circlet_count":0,"master_deck":["AscendersBane","Strike_G","Strike_G","Strike_G","Strike_G","Strike_G","Defend_G","Defend_G","Defend_G","Defend_G","Defend_G","Survivor","Neutralize","Bullet Time","Backflip","Leg Sweep","Noxious Fumes","Noxious Fumes+1"],"relics":["Ring of the Snake"],"acts_visited":["Exordium"],"potions_floor_usage":[5,7],"damage_taken":[{"damage":0,"enemies":"Small Slimes","floor":1,"turns":4},{"damage":10,"enemies":"Cultist","floor":2,"turns":4},{"damage":3,"enemies":"Jaw Worm","floor":3,"turns":10},{"damage":9,"enemies":"Exordium Thugs","floor":5,"turns":7},{"damage":30,"enemies":"Gremlin Nob","floor":7,"turns":4}],"seed_played":"1771668476647109341","potions_obtained":[{"floor":3,"key":"SpeedPotion"},{"floor":5,"key":"DistilledChaos"}],"is_trial":false,"path_per_floor":["M","M","M","?","M","R","E"],"character_chosen":"THE_SILENT","items_purchased":[],"campfire_rested":0,"item_purchase_floors":[],"current_hp_per_floor":[45,35,32,32,23,23,0,0],"gold":116,"neow_bonus":"THREE_RARE_CARDS","is_daily":false,"chose_seed":false,"campfire_upgraded":1,"win_rate":0.0,"timestamp":1613717913,"path_taken":["M","M","M","?","?","R","E"],"items_purchased_type":[],"build_version":"2020-12-22","purchased_purges":0,"victory":false,"max_hp_per_floor":[70,70,70,70,70,70,70,70],"card_choices":[{"not_picked":["Burst","Storm of Steel"],"picked":"Bullet Time","floor":0},{"not_picked":["Accuracy","Bane"],"picked":"Backflip","floor":1},{"not_picked":["Bane","Quick Slash"],"picked":"Leg Sweep","floor":2},{"not_picked":["Reflex","Dodge and Roll"],"picked":"Noxious Fumes","floor":3},{"not_picked":["Dagger Spray","Dagger Throw"],"picked":"Noxious Fumes","floor":5}],"player_experience":265555,"relics_obtained":[],"event_choices":[{"damage_healed":0,"gold_gain":0,"player_choice":"Bought 0 Potions","damage_taken":0,"max_hp_gain":0,"max_hp_loss":0,"event_name":"The Woman in Blue","floor":4,"gold_loss":0}],"is_beta":false,"boss_relics":[],"items_purged_floors":[],"is_endless":false,"potions_floor_spawned":[3,5],"killed_by":"Gremlin Nob","ascension_level":12}}