{"host":"7ap89n2sm7vm35bt","time":1613724302,"event":{"mods":["AchievementEnabler","Aspiration","BaseMod","Minty Spire (QoL Compilation)","StSLib","[IsaacMod]ÒÔÈö¼âËþ"],"gold_per_floor":[119,194,194,213,230,230,244,257,283,283,298,223,240,240,240,338,338,357,371,371,371],"floor_reached":20,"language":"ZHS","playtime":522,"items_purged":["Strike_B"],"score":168,"play_id":"00d63657-c322-4df7-ab6b-e20bef52456e","local_time":"20210219164502","is_ascension_mode":false,"campfire_choices":[{"data":"Zap","floor":6.0,"key":"SMITH"},{"data":"Defragment","floor":10.0,"key":"SMITH"},{"data":"Streamline","floor":15,"key":"SMITH"}],"circlet_count":0,"master_deck":["Strike_B","Strike_B","Strike_B","Defend_B","Defend_B","Defend_B","Defend_B","Zap+1","Dualcast","Sweeping Beam","Cold Snap","Defragment+1","Streamline+1","Melter","Leap+1"],"relics":["Cracked Core","HushsDoor","NeowsBlessing","GuppysPaw","aspiration:BabyByrd","Black Star","GuppysHead"],"acts_visited":["Exordium","TheCity"],"potions_floor_usage":[16],"damage_taken":[{"damage":0.0,"enemies":"2 Louse","floor":1.0,"turns":1.0},{"damage":0.0,"enemies":"Jaw Worm","floor":4.0,"turns":1.0},{"damage":0.0,"enemies":"Cultist","floor":5.0,"turns":1.0},{"damage":16.0,"enemies":"Lots of Slimes","floor":7.0,"turns":3.0},{"damage":0.0,"enemies":"2 Fungi Beasts","floor":8.0,"turns":2.0},{"damage":2,"enemies":"Large Slime","floor":11,"turns":4},{"damage":5,"enemies":"Blue Slaver","floor":13,"turns":3},{"damage":8,"enemies":"The Guardian","floor":16,"turns":8},{"damage":21,"enemies":"3 Byrds","floor":18,"turns":4},{"damage":26,"enemies":"2 Thieves","floor":19,"turns":4},{"damage":23,"enemies":"Snecko","floor":20,"turns":5}],"seed_played":"-3216211955687312265","potions_obtained":[{"floor":4.0,"key":"Ancient Potion"},{"floor":8.0,"key":"DuplicationPotion"},{"floor":11,"key":"Swift Potion"},{"floor":19,"key":"FearPotion"}],"is_trial":false,"path_per_floor":["M","?","?","M","M","R","M","M","T","R","M","$","M","?","R","B",null,"M","M","M"],"character_chosen":"DEFECT","items_purchased":["GuppysHead"],"campfire_rested":0,"item_purchase_floors":[17],"current_hp_per_floor":[75,64,69,69,69,69,53,53,53,53,51,51,46,46,46,38,70,49,23,0,0],"gold":371,"neow_bonus":"THREE_ENEMY_KILL","is_daily":false,"chose_seed":false,"campfire_upgraded":3,"win_rate":0.0,"timestamp":1613724302,"path_taken":["M","?","?","M","?","R","M","M","T","R","?","$","M","?","R","BOSS","M","M","M"],"items_purchased_type":["Relic"],"build_version":"2020-12-22","purchased_purges":1,"victory":false,"max_hp_per_floor":[75,75,80,80,80,80,80,80,80,80,80,80,80,80,80,80,70,70,70,70,70],"card_choices":[{"not_picked":["Gash","Bomb"],"picked":"Sweeping Beam","floor":1.0},{"not_picked":["Genetic Algorithm","Beam Cell","Steam"],"picked":"SKIP","floor":4.0},{"not_picked":["Barrage","Bomb"],"picked":"Cold Snap","floor":5.0},{"not_picked":["Distribution","Blizzard"],"picked":"Defragment","floor":7.0},{"not_picked":["Rebound","Heatsinks","Buffer"],"picked":"SKIP","floor":8.0},{"not_picked":["Beam Cell","Fan","Hello World"],"picked":"SKIP","floor":11},{"not_picked":["Fan","Stack"],"picked":"Streamline","floor":13},{"not_picked":["Beam Cell","Conserve Battery"],"picked":"Melter","floor":18},{"not_picked":["Hologram+1","Go for the Eyes"],"picked":"Leap+1","floor":19}],"player_experience":266090,"relics_obtained":[],"event_choices":[{"damage_healed":0.0,"max_hp_gain":0.0,"max_hp_loss":0.0,"gold_gain":75.0,"event_name":"World of Goop","player_choice":"Gather Gold","floor":2.0,"gold_loss":0.0,"damage_taken":11.0},{"damage_healed":0.0,"max_hp_gain":5.0,"max_hp_loss":0.0,"gold_gain":0.0,"event_name":"Big Fish","player_choice":"Donut","floor":3.0,"gold_loss":0.0,"damage_taken":0.0}],"is_beta":false,"boss_relics":[{"not_picked":["aspiration:FutureDiary","aspiration:SecretTechniqueScroll"],"picked":"Black Star"},{"not_picked":[]}],"items_purged_floors":[12],"is_endless":false,"potions_floor_spawned":[4,8,11,13,19],"killed_by":"Snecko","ascension_level":0}}