{"host":"w11d5xug8ost5klq","time":1613766888,"event":{"mods":["100% Spire Juice","2.2 Compatiblity","BaseMod","Better Third Choice","Emptier Cage","Highlight Path","KinomotoSakuraMod(????)","Minty Spire (QoL Compilation)","Quick Restart","Reliquary","Shapeshifter Mod","Spicy Shops","StSLib","The Alterego","WarShipGirlsR/????R mod"],"gold_per_floor":[117,136,110,125,142,177,196,196,196,196,210,226,190,203,203,203,203],"floor_reached":16,"language":"ENG","playtime":971,"items_purged":[],"score":106,"play_id":"c73d7476-2c98-4b0d-84ce-9e25f0a4e420","local_time":"20210219143448","is_ascension_mode":false,"campfire_choices":[{"data":"ClowCardTheShot","floor":8,"key":"SMITH"},{"data":"ClowCardTheFirey","floor":10,"key":"SMITH"},{"floor":15,"key":"REST"}],"circlet_count":0,"master_deck":["SakuraCardTheShot+","ClowCardTheSword","ClowCardTheSword","ClowCardTheSword","ClowCardTheSword","ClowCardTheShield","ClowCardTheShield","ClowCardTheShield","ClowCardTheShield","SpellCardSeal","SpellCardRelease","ClowCardTheBig","ClowCardTheBig","ClowCardTheFirey+1","ClowCardTheChange","ClowCardTheGlow","ClowCardThePower"],"relics":["KSMOD_SealedBook","KSMOD_SealedWand","NeowsBlessing","reliquary:GummyVitamins","White Beast Statue"],"acts_visited":["Exordium"],"potions_floor_usage":[5,14],"damage_taken":[{"damage":0,"enemies":"2 Louse","floor":1,"turns":1},{"damage":0,"enemies":"Small Slimes","floor":2,"turns":1},{"damage":0,"enemies":"Cultist","floor":4,"turns":1},{"damage":5,"enemies":"Looter","floor":5,"turns":4},{"damage":22,"enemies":"Lagavulin","floor":6,"turns":5},{"damage":8,"enemies":"3 Louse","floor":7,"turns":4},{"damage":11,"enemies":"Large Slime","floor":11,"turns":2},{"damage":20,"enemies":"Gremlin Gang","floor":12,"turns":4},{"damage":19,"enemies":"Exordium Thugs","floor":14,"turns":4},{"damage":35,"enemies":"Slime Boss","floor":16,"turns":3}],"seed_played":"3987374862642774456","potions_obtained":[{"floor":2,"key":"SkillPotion"},{"floor":4,"key":"FairyPotion"},{"floor":11,"key":"BlessingOfTheForge"},{"floor":12,"key":"Fire Potion"},{"floor":14,"key":"Ancient Potion"}],"is_trial":false,"path_per_floor":["M","M","$","M","M","E","M","R","T","R","M","M","?","M","R","B"],"character_chosen":"KINOMOTOSAKURA","items_purchased":["ClowCardTheShot"],"campfire_rested":1,"item_purchase_floors":[3],"current_hp_per_floor":[70,70,70,70,65,43,35,35,35,35,24,4,4,13,34,0,0],"gold":203,"neow_bonus":"THREE_ENEMY_KILL","is_daily":false,"chose_seed":false,"campfire_upgraded":2,"win_rate":0.0,"timestamp":1613766888,"path_taken":["M","M","$","M","M","E","M","R","T","R","M","M","?","M","R","BOSS"],"items_purchased_type":["Card"],"build_version":"2020-12-22","purchased_purges":0,"victory":false,"max_hp_per_floor":[70,70,70,70,70,70,70,70,70,70,70,70,70,70,70,70,70],"card_choices":[{"not_picked":["ClowCardTheMist","ClowCardTheSilent"],"picked":"ClowCardTheBig","floor":1},{"not_picked":["ClowCardTheSleep","ClowCardTheWindy"],"picked":"ClowCardTheBig","floor":2},{"not_picked":["ClowCardTheShadow","ClowCardTheSilent","ClowCardTheMaze"],"picked":"SKIP","floor":4},{"not_picked":["ClowCardTheLoop","ClowCardTheIllusion"],"picked":"ClowCardTheFirey","floor":5},{"not_picked":["ClowCardTheStorm","ClowCardTheCloud","ClowCardTheBig"],"picked":"SKIP","floor":6},{"not_picked":["ClowCardTheArrow","ClowCardTheShot"],"picked":"ClowCardTheChange","floor":7},{"not_picked":["ClowCardTheThrough","ClowCardTheShadow"],"picked":"ClowCardTheGlow","floor":11},{"not_picked":["ClowCardTheLock","ClowCardTheVoice"],"picked":"ClowCardThePower","floor":12},{"not_picked":["ClowCardTheWood","ClowCardTheLibra","ClowCardThePower"],"picked":"SKIP","floor":14}],"player_experience":118462,"relics_obtained":[{"floor":6,"key":"reliquary:GummyVitamins"},{"floor":9,"key":"White Beast Statue"}],"event_choices":[{"damage_healed":0,"gold_gain":0,"player_choice":"Left","damage_taken":0,"max_hp_gain":0,"max_hp_loss":0,"event_name":"betterThird:BetterGoop","floor":13,"gold_loss":36}],"is_beta":false,"boss_relics":[],"items_purged_floors":[],"is_endless":false,"potions_floor_spawned":[2,4,11,12,14],"killed_by":"Slime Boss","ascension_level":0}}