{"host":"fwdkxxz7291ipt0p","time":1613731972,"event":{"mods":["AchievementEnabler","Act Like it!","BaseMod","Minty Spire (QoL Compilation)","MostiFishMod","Relic Filter Mod","StSLib"],"gold_per_floor":[110,35,35,49,62,62,93,108,108,120,138,138,38,48,48,146,146,156,167,167,180,55,55,68,96,147,157,7,7,27,27,27,122,122,139,187,206,31,48,48,66,66,89,100,115,130,130,141,141,141,141,141,95,130,130],"floor_reached":56,"language":"ZHS","playtime":2810,"items_purged":["Strike_G","Defend_G","Defend_G+1","Strike_G+1","Defend_G+1"],"score":1252,"play_id":"631439ae-7d00-4842-ae4a-34919ac2896b","local_time":"20210219185252","is_ascension_mode":false,"campfire_choices":[{"data":"Concentrate","floor":6.0,"key":"SMITH"},{"data":"Cloak And Dagger","floor":12.0,"key":"SMITH"},{"data":"MostiFishMod:Dislodge","floor":15.0,"key":"SMITH"},{"data":"Accuracy","floor":23.0,"key":"SMITH"},{"floor":29.0,"key":"REST"},{"floor":32.0,"key":"RECALL"},{"floor":40.0,"key":"REST"},{"floor":42.0,"key":"REST"},{"floor":49,"key":"REST"},{"floor":52,"key":"REST"}],"circlet_count":0,"master_deck":["Survivor+1","Neutralize+1","Concentrate+1","Calculated Gamble+1","MostiFishMod:Dislodge+1","Cloak And Dagger+1","Acrobatics+1","MostiFishMod:GrandStart+1","Acrobatics+1","Blade Dance+1","Terror+1","Accuracy+1","MostiFishMod:LethalBlade+1","Acrobatics+1","Tactician+1","Caltrops+1","Accuracy+1","Slice+1"],"relics":["Ring of the Snake","DaveBox","DSteel32","SynthV:TestCard","ImprovedEquipment","Ninja Scroll","Empty Cage","White Beast Statue","Centennial Puzzle","RhineSuit","SentryEyes","Mummified Hand"],"acts_visited":["Exordium","TheCity","TheBeyond","TheEnding"],"potions_floor_usage":[50,50,55],"damage_taken":[{"damage":0.0,"enemies":"2 Louse","floor":1.0,"turns":3.0},{"damage":3.0,"enemies":"Jaw Worm","floor":4.0,"turns":4.0},{"damage":0.0,"enemies":"Cultist","floor":5.0,"turns":4.0},{"damage":15.0,"enemies":"3 Sentries","floor":7.0,"turns":14.0},{"damage":6.0,"enemies":"Large Slime","floor":8.0,"turns":7.0},{"damage":0.0,"enemies":"Exordium Thugs","floor":10.0,"turns":5.0},{"damage":0.0,"enemies":"Gremlin Gang","floor":11.0,"turns":4.0},{"damage":0.0,"enemies":"Red Slaver","floor":14.0,"turns":2.0},{"damage":28.0,"enemies":"Hexaghost","floor":16.0,"turns":15.0},{"damage":0.0,"enemies":"3 Byrds","floor":18.0,"turns":2.0},{"damage":0.0,"enemies":"Chosen","floor":19.0,"turns":1.0},{"damage":0.0,"enemies":"Centurion and Healer","floor":21.0,"turns":1.0},{"damage":0.0,"enemies":"3 Cultists","floor":24.0,"turns":1.0},{"damage":0.0,"enemies":"Gremlin Leader","floor":25.0,"turns":2.0},{"damage":0.0,"enemies":"Shelled Parasite and Fungi","floor":27.0,"turns":1.0},{"damage":0.0,"enemies":"Snake Plant","floor":30.0,"turns":1.0},{"damage":6.0,"enemies":"Champ","floor":33.0,"turns":2.0},{"damage":0.0,"enemies":"3 Shapes","floor":35.0,"turns":1.0},{"damage":0.0,"enemies":"2 Orb Walkers","floor":36.0,"turns":1.0},{"damage":0.0,"enemies":"Orb Walker","floor":37.0,"turns":1.0},{"damage":0.0,"enemies":"Sphere and 2 Shapes","floor":39.0,"turns":1.0},{"damage":0.0,"enemies":"3 Darklings","floor":41.0,"turns":1.0},{"damage":0,"enemies":"Writhing Mass","floor":44,"turns":1},{"damage":0,"enemies":"Jaw Worm Horde","floor":45,"turns":1},{"damage":0,"enemies":"Sphere and 2 Shapes","floor":46,"turns":1},{"damage":0,"enemies":"4 Shapes","floor":48,"turns":1},{"damage":0,"enemies":"Donu and Deca","floor":50,"turns":1},{"damage":0,"enemies":"Shield and Spear","floor":54,"turns":1},{"damage":48,"enemies":"The Heart","floor":55,"turns":3}],"seed_played":"-1164187979362471695","potions_obtained":[{"floor":5.0,"key":"PowerPotion"},{"floor":8.0,"key":"BlessingOfTheForge"},{"floor":10.0,"key":"Strength Potion"},{"floor":16.0,"key":"SkillPotion"},{"floor":25.0,"key":"CunningPotion"},{"floor":33.0,"key":"DistilledChaos"},{"floor":36.0,"key":"SteroidPotion"},{"floor":54,"key":"EssenceOfSteel"}],"is_trial":false,"path_per_floor":["M","$","?","M","M","R","E","M","T","M","M","R","$","M","R","B",null,"M","M","?","M","$","R","M","E","T","M","$","R","M","?","R","B",null,"M","?","M","$","M","R","M","R","T","M","M","M","?","M","R","B",null,"R","$","E","B",null],"character_chosen":"THE_SILENT","items_purchased":["Slice"],"campfire_rested":5,"item_purchase_floors":[53],"current_hp_per_floor":[77,77,82,79,79,79,64,58,58,58,58,58,58,58,58,30,82,82,82,82,82,82,82,82,82,82,82,82,82,82,82,82,76,82,82,82,82,82,82,82,82,82,82,82,82,82,82,82,82,82,82,82,82,82,34],"gold":130,"neow_bonus":"TEN_PERCENT_HP_BONUS","is_daily":false,"chose_seed":false,"campfire_upgraded":4,"win_rate":0.0,"timestamp":1613731972,"path_taken":["M","$","?","M","M","R","E","M","T","M","M","R","$","M","R","BOSS","M","M","?","M","$","R","M","E","T","M","$","R","M","?","R","BOSS","M","?","M","$","M","R","M","R","T","M","M","M","?","M","R","BOSS","R","$","E","BOSS"],"items_purchased_type":["Card"],"build_version":"2020-12-22","purchased_purges":5,"victory":true,"max_hp_per_floor":[77,77,82,82,82,82,82,82,82,82,82,82,82,82,82,82,82,82,82,82,82,82,82,82,82,82,82,82,82,82,82,82,82,82,82,82,82,82,82,82,82,82,82,82,82,82,82,82,82,82,82,82,82,82,82],"card_choices":[{"not_picked":["Outmaneuver","Heel Hook","Dagger Throw"],"picked":"SKIP","floor":1.0},{"not_picked":["MostiFishMod:PreservedThorns","Backflip","Masterful Stab","Predator"],"picked":"Concentrate","floor":4.0},{"not_picked":["Deflect","Flying Knee","Dash","Terror"],"picked":"Calculated Gamble","floor":5.0},{"not_picked":["Dagger Spray","Outmaneuver","Leg Sweep","Predator","Dodge and Roll"],"picked":"SKIP","floor":7.0},{"not_picked":["Bouncing Flask","Slice","Concentrate","MostiFishMod:PerfectParry"],"picked":"MostiFishMod:Dislodge","floor":8.0},{"not_picked":["Backflip","Backstab","Slice","Dagger Spray"],"picked":"Cloak And Dagger","floor":10.0},{"not_picked":["Dodge and Roll","Tactician","Eviscerate","Quick Slash"],"picked":"Acrobatics","floor":11.0},{"not_picked":["MostiFishMod:PerfectParry","Noxious Fumes","Backflip","Dodge and Roll","Expertise"],"picked":"SKIP","floor":14.0},{"not_picked":["Grand Finale","Envenom","Bullet Time","Wraith Form v2"],"picked":"MostiFishMod:GrandStart","floor":16.0},{"not_picked":["Underhanded Strike","MostiFishMod:PerfectParry","Outmaneuver","Deflect"],"picked":"Acrobatics","floor":18.0},{"not_picked":["Prepared","Footwork","Setup+1","MostiFishMod:ShivMaster"],"picked":"Blade Dance+1","floor":19.0},{"not_picked":["MostiFishMod:PerfectParry+1","Dagger Throw","Dodge and Roll","Blade Dance","Backflip"],"picked":"SKIP","floor":21.0},{"not_picked":["Dagger Throw+1","MostiFishMod:FrostNova","Blade Dance","Crippling Poison","Concentrate"],"picked":"SKIP","floor":24.0},{"not_picked":["Underhanded Strike","MostiFishMod:FrostNova","Backflip+1","Leg Sweep","Riddle With Holes"],"picked":"SKIP","floor":25.0},{"not_picked":["Masterful Stab","Well Laid Plans","Leg Sweep","Backflip","Expertise"],"picked":"SKIP","floor":27.0},{"not_picked":["Backflip","Flying Knee","Dagger Throw+1","Setup","MostiFishMod:InvigoratingSolution"],"picked":"SKIP","floor":30.0},{"not_picked":["Die Die Die","Bullet Time","MostiFishMod:ShivMaster","After Image"],"picked":"MostiFishMod:LethalBlade","floor":33.0},{"not_picked":["Outmaneuver+1","Dash","Choke+1","Underhanded Strike+1","Poisoned Stab"],"picked":"SKIP","floor":35.0},{"not_picked":["Sucker Punch+1","PiercingWail","Deflect+1","Blade Dance","MostiFishMod:VineMother"],"picked":"SKIP","floor":37.0},{"not_picked":["Underhanded Strike+1","Poisoned Stab","Deadly Poison+1","Bane"],"picked":"Acrobatics+1","floor":39.0},{"not_picked":["MostiFishMod:Confrontation","Underhanded Strike+1","Slice+1","Dodge and Roll","Dagger Throw+1"],"picked":"SKIP","floor":41.0},{"not_picked":["Predator","Cloak And Dagger+1","MostiFishMod:PerfectParry","Backflip+1","Backstab+1"],"picked":"SKIP","floor":44},{"not_picked":["MostiFishMod:ThornCasing","Heel Hook+1","Deflect","Burst","Masterful Stab+1"],"picked":"SKIP","floor":45},{"not_picked":["Acrobatics","Backstab+1","Bouncing Flask","MostiFishMod:FrostNova"],"picked":"Tactician+1","floor":46},{"not_picked":["Blade Dance+1","Cloak And Dagger","PiercingWail+1","Deflect+1"],"picked":"Accuracy+1","floor":48},{"not_picked":["Dagger Throw","Predator","All Out Attack+1","Bullet Time","Poisoned Stab+1"],"picked":"SKIP","floor":54}],"player_experience":484223,"relics_obtained":[{"floor":1.0,"key":"SynthV:TestCard"},{"floor":7.0,"key":"ImprovedEquipment"},{"floor":9.0,"key":"Ninja Scroll"},{"floor":25.0,"key":"White Beast Statue"},{"floor":26.0,"key":"Centennial Puzzle"},{"floor":36.0,"key":"SentryEyes"},{"floor":54,"key":"Mummified Hand"}],"event_choices":[{"damage_healed":0.0,"max_hp_gain":5.0,"max_hp_loss":0.0,"gold_gain":0.0,"event_name":"Big Fish","player_choice":"Donut","floor":3.0,"gold_loss":0.0,"damage_taken":0.0},{"damage_healed":0.0,"max_hp_gain":0.0,"max_hp_loss":0.0,"gold_gain":0.0,"cards_transformed":["Strike_G","Defend_G"],"event_name":"Drug Dealer","player_choice":"Became Test Subject","floor":20.0,"gold_loss":0.0,"damage_taken":0.0,"cards_obtained":["Terror","Accuracy"]},{"damage_healed":0.0,"max_hp_gain":0.0,"max_hp_loss":0.0,"gold_gain":0.0,"event_name":"Ghosts","player_choice":"Ignored","floor":31.0,"gold_loss":0.0,"damage_taken":0.0},{"damage_healed":0.0,"max_hp_gain":0.0,"max_hp_loss":0.0,"gold_gain":0.0,"event_name":"Mysterious Sphere","player_choice":"Fight","floor":36.0,"gold_loss":0.0,"damage_taken":0.0},{"damage_healed":0,"gold_gain":0,"cards_transformed":["Strike_G"],"player_choice":"Transformed","damage_taken":0,"max_hp_gain":0,"max_hp_loss":0,"event_name":"Transmorgrifier","floor":47,"gold_loss":0,"cards_obtained":["Caltrops"]}],"is_beta":false,"boss_relics":[{"not_picked":["RhineFirstAidKit","SlaversCollar"],"picked":"Empty Cage"},{"not_picked":["FeatherPendant","ChiXiaoBlade"],"picked":"RhineSuit"}],"items_purged_floors":[2,13,22,28,38],"is_endless":false,"potions_floor_spawned":[5,8,10,11,16,19,25,27,30,33,35,36,37,39,41,44,45,46,48,54],"ascension_level":0}}