{"host":"rantoq7h0pygex6x","time":1613761640,"event":{"mods":["AchievementEnabler","BaseMod","BetterRewards","Minty Spire (QoL Compilation)","SuperFastMode"],"gold_per_floor":[119,18,37,57,57,57,57,57,108,133,151,151,151,181,181,255,255,269,191,191,204,74,105,105,105,105],"floor_reached":25,"language":"ENG","playtime":598,"items_purged":["Strike_R","Strike_R"],"score":654,"play_id":"90117a4d-c460-4785-a4a0-9dadb6efc1df","local_time":"20210220030720","is_ascension_mode":true,"campfire_choices":[{"data":"Sword Boomerang","floor":6.0,"key":"SMITH"},{"data":"Juggernaut","floor":12.0,"key":"SMITH"},{"floor":15,"key":"REST"},{"data":"Flame Barrier","floor":24,"key":"SMITH"}],"circlet_count":0,"master_deck":["AscendersBane","Strike_R","Strike_R","Defend_R","Defend_R","Defend_R","Defend_R","Bash","Rage","Twin Strike+1","Sword Boomerang+1","Bandage Up","Iron Wave","Battle Trance","Juggernaut+1","Pummel","Armaments","Immolate","Shrug It Off","Flame Barrier+1","Body Slam+1","Anger","Iron Wave"],"relics":["Burning Blood","MealTicket","Happy Flower","Bag of Marbles","Empty Cage","Gremlin Horn"],"acts_visited":["Exordium","TheCity"],"potions_floor_usage":[16,18],"damage_taken":[{"damage":10.0,"enemies":"2 Louse","floor":1.0,"turns":3.0},{"damage":9.0,"enemies":"Jaw Worm","floor":3.0,"turns":4.0},{"damage":4.0,"enemies":"Cultist","floor":4.0,"turns":4.0},{"damage":57.0,"enemies":"3 Sentries","floor":10.0,"turns":10.0},{"damage":14.0,"enemies":"Gremlin Gang","floor":11.0,"turns":5.0},{"damage":14,"enemies":"Lagavulin","floor":14,"turns":6},{"damage":30,"enemies":"Slime Boss","floor":16,"turns":9},{"damage":19,"enemies":"Spheric Guardian","floor":18,"turns":4},{"damage":19,"enemies":"3 Byrds","floor":21,"turns":4},{"damage":18,"enemies":"Gremlin Leader","floor":23,"turns":6},{"damage":56,"enemies":"Book of Stabbing","floor":25,"turns":5}],"seed_played":"824010438359689790","potions_obtained":[{"floor":3.0,"key":"BloodPotion"},{"floor":10.0,"key":"AttackPotion"},{"floor":16,"key":"Energy Potion"},{"floor":23,"key":"Strength Potion"}],"is_trial":false,"path_per_floor":["M","$","M","M","?","R","$","?","T","E","M","R","?","E","R","B",null,"M","$","?","M","$","E","R","E"],"character_chosen":"IRONCLAD","items_purchased":["Rage","Twin Strike","Rupture","Bandage Up","Flame Barrier","Anger"],"campfire_rested":1,"item_purchase_floors":[0,0,0,2,19,22],"current_hp_per_floor":[56,56,57,63,63,63,63,63,63,31,27,27,27,23,45,25,63,56,71,50,41,56,48,48,0,0],"gold":105,"neow_bonus":"","is_daily":false,"chose_seed":false,"campfire_upgraded":3,"win_rate":0.0,"timestamp":1613761640,"path_taken":["M","$","M","M","?","R","$","?","T","E","M","R","?","E","R","BOSS","M","$","?","M","$","E","R","E"],"items_purchased_type":["Card","Card","Card","Card","Card","Card"],"build_version":"2020-12-22","purchased_purges":2,"victory":false,"max_hp_per_floor":[75,75,75,75,75,75,75,75,75,75,75,75,75,75,75,75,75,75,75,80,80,80,80,80,80,80],"card_choices":[{"not_picked":["Twin Strike","Thunderclap"],"picked":"Sword Boomerang","floor":1.0},{"not_picked":["Thunderclap","Clothesline"],"picked":"Iron Wave","floor":3.0},{"not_picked":["Perfected Strike","Clothesline"],"picked":"Battle Trance","floor":4.0},{"not_picked":["Iron Wave","Sword Boomerang"],"picked":"Juggernaut","floor":10.0},{"not_picked":["Infernal Blade","Thunderclap"],"picked":"Pummel","floor":11.0},{"not_picked":["True Grit","Rupture"],"picked":"Armaments","floor":14},{"not_picked":["Offering","Double Tap"],"picked":"Immolate","floor":16},{"not_picked":["Anger","Twin Strike"],"picked":"Shrug It Off","floor":18},{"not_picked":["Shrug It Off","Ghostly Armor"],"picked":"Body Slam+1","floor":21},{"not_picked":["Carnage+1","Cleave"],"picked":"Iron Wave","floor":23}],"player_experience":1004864,"relics_obtained":[{"floor":9.0,"key":"MealTicket"},{"floor":10.0,"key":"Happy Flower"},{"floor":14,"key":"Bag of Marbles"},{"floor":23,"key":"Gremlin Horn"}],"event_choices":[{"damage_healed":0.0,"max_hp_gain":0.0,"max_hp_loss":0.0,"gold_gain":0.0,"event_name":"The Cleric","player_choice":"Leave","floor":5.0,"gold_loss":0.0,"damage_taken":0.0},{"damage_healed":0.0,"max_hp_gain":0.0,"max_hp_loss":0.0,"gold_gain":0.0,"event_name":"Living Wall","player_choice":"Grow","floor":8.0,"gold_loss":0.0,"damage_taken":0.0,"cards_upgraded":["Twin Strike"]},{"damage_healed":0,"gold_gain":0,"player_choice":"Fled","damage_taken":0,"max_hp_gain":0,"max_hp_loss":0,"event_name":"Scrap Ooze","floor":13,"gold_loss":0},{"damage_healed":0,"gold_gain":0,"player_choice":"Shed Blood","damage_taken":26,"max_hp_gain":5,"max_hp_loss":0,"event_name":"Forgotten Altar","floor":20,"gold_loss":0}],"is_beta":false,"boss_relics":[{"not_picked":["Mark of Pain","Pandora\u0027s Box"],"picked":"Empty Cage"}],"items_purged_floors":[0,22],"is_endless":false,"potions_floor_spawned":[3,10,16,23],"killed_by":"Book of Stabbing","ascension_level":20}}