{"host":"txkfiivlze3i6jrn","time":1613764587,"event":{"mods":["100% Spire Juice","Act Like it!","Ascension Reborn","BaseMod","BetterRewards","Block Reminder","Colored Map","Gensokyo","Hallownest","Hermit","Hubris","Mimic Mod","Minty Spire (QoL Compilation)","StSLib","SuperFastMode","TheHero","Treasure Hunter"],"gold_per_floor":[119,4,4,4,4,35,35,52,75,154,184,199,217,234,234,336,336,336,336,336,191,191,191,191,191,191,191,191,191,191,191,191,191,191,191,191,140,27,27,27,27,27,27,27,27,27,27,27,27,27,27,27,27,27],"floor_reached":56,"language":"ENG","playtime":3146,"items_purged":[],"score":1306,"play_id":"4f3c07ee-f2b5-40e2-81ad-75b310d035dd","local_time":"20210219145627","is_ascension_mode":true,"campfire_choices":[{"data":"animeID:EraserHead","floor":7,"key":"SMITH"},{"data":"animeID:Deku","floor":15,"key":"SMITH"},{"data":"animeID:Shigaraki","floor":23,"key":"SMITH"},{"data":"animeID:MirioTogata","floor":32,"key":"SMITH"},{"data":"animeID:ShootStyle","floor":40,"key":"SMITH"},{"floor":49,"key":"RECALL"},{"data":"animeID:Dabi","floor":52,"key":"SMITH"}],"circlet_count":0,"master_deck":["animeID:Deku+1","animeID:Bakugo","animeID:Smash+1","animeID:Smash","animeID:Smash+1","animeID:Smash","animeID:DefendMH","animeID:DefendMH","animeID:DefendMH","animeID:DefendMH","animeID:EraserHead+1","Hallownest:curseDreamersLament","animeID:Bakugo","animeID:Thirteen+1","animeID:Stain","animeID:GranTorino+1","animeID:GranTorino+1","animeID:Bakugo","animeID:Shigaraki+1","animeID:Cementoss+1","animeID:Himiko+1","animeID:GentleCriminal","TH:TreasureMap","TH:CopperCoins","animeID:ShootStyle+1","animeID:ShootStyle+1","animeID:Deku+1","animeID:Iida+1","animeID:MirioTogata+1","TH:DeckOfManyThings","animeID:PlusUltra+1","animeID:Iida+1","animeID:Stain+1","animeID:Cementoss+1","animeID:Dabi+1","animeID:Iida+1","animeID:Tomura+1","Hallownest:curseDreamersLament","TH:TreasureMap","animeID:Dabi+1","TH:CursedSword","animeID:Tamaki+1"],"relics":["animeID:HeroCostume","NeowsBlessing","Odd Mushroom","Toxic Egg 2","Pear","Mercury Hourglass","Ectoplasm","Strawberry","TH:Strongbox","Molten Egg 2","MealTicket","hubris:TerracottaHorce","hubris:Teleporter","Hallownest:BlackEggRelic","Happy Flower","Whetstone"],"acts_visited":["Exordium","TheCity","TheCity","TheEnding"],"potions_floor_usage":[13,16,33,33,55,55],"damage_taken":[{"damage":0,"enemies":"Hallownest:monsterHuskGuard","floor":1,"turns":1},{"damage":1,"enemies":"Hallownest:eliteMossKnight","floor":6,"turns":1},{"damage":1,"enemies":"2_ Uuma","floor":8,"turns":1},{"damage":12,"enemies":"Hallownest:eliteVengeflyKing","floor":11,"turns":5},{"damage":1,"enemies":"Hallownest:2_MossCreeps","floor":12,"turns":1},{"damage":43,"enemies":"Hallownest:Guard_and_Warrior","floor":13,"turns":5},{"damage":1,"enemies":"Hallownest:2_Tiktiks_1_Baldur_1_Crawlid","floor":14,"turns":2},{"damage":28,"enemies":"Hallownest:BossFalseKnight","floor":16,"turns":8},{"damage":0,"enemies":"Spheric Guardian","floor":18,"turns":2},{"damage":13,"enemies":"Shell Parasite","floor":19,"turns":5},{"damage":29,"enemies":"Snake Plant","floor":20,"turns":5},{"damage":5,"enemies":"Snecko","floor":22,"turns":3},{"damage":28,"enemies":"Gremlin Leader","floor":24,"turns":4},{"damage":41,"enemies":"Book of Stabbing","floor":27,"turns":4},{"damage":21,"enemies":"Centurion and Healer","floor":28,"turns":4},{"damage":17,"enemies":"Shelled Parasite and Fungi","floor":29,"turns":4},{"damage":4,"enemies":"Snecko","floor":30,"turns":3},{"damage":10,"enemies":"Cultist and Chosen","floor":31,"turns":3},{"damage":4,"enemies":"Champ","floor":33,"turns":4},{"damage":10,"enemies":"Hallownest:3_Siblings","floor":35,"turns":3},{"damage":30,"enemies":"Hallownest:Shield_Heavy","floor":36,"turns":3},{"damage":16,"enemies":"Hallownest:2_Great","floor":41,"turns":5},{"damage":11,"enemies":"Hallownest:monsterPrimalAspid","floor":42,"turns":4},{"damage":10,"enemies":"Hallownest:Slobbering_and_Violent","floor":43,"turns":5},{"damage":2,"enemies":"Hallownest:StalkingDevout","floor":46,"turns":4},{"damage":15,"enemies":"Hallownest:Slobbering_and_Violent","floor":47,"turns":3},{"damage":28,"enemies":"Hallownest:BossGreyPrinceZote","floor":50,"turns":6},{"damage":9,"enemies":"Shield and Spear","floor":54,"turns":4},{"damage":39,"enemies":"The Heart","floor":55,"turns":6}],"seed_played":"-7858489817966820792","potions_obtained":[{"floor":11,"key":"Fire Potion"},{"floor":12,"key":"LiquidMemories"},{"floor":13,"key":"BlessingOfTheForge"},{"floor":18,"key":"DistilledChaos"},{"floor":33,"key":"DuplicationPotion"},{"floor":35,"key":"ColorlessPotion"}],"is_trial":false,"path_per_floor":["M","?","?","$","$","E","R","M","T","T","E","M","M","M","R","B",null,"M","M","M","$","M","R","E","?","T","E","M","M","M","M","R","B",null,"M","M","$","$","?","R","M","M","MIM","?","E","M","$","R","B",null,"R","$","E","B",null],"character_chosen":"THE_HERO","items_purchased":["Strawberry","PowerPotion","animeID:Stain+1","animeID:Cementoss+1"],"campfire_rested":0,"item_purchase_floors":[21,37,38,38],"current_hp_per_floor":[75,75,75,75,75,74,74,73,73,83,75,74,45,44,44,42,85,85,85,69,76,73,73,59,89,89,73,56,53,61,85,85,85,92,84,58,73,88,88,88,78,73,92,92,90,90,92,92,92,92,92,92,85,72],"gold":27,"neow_bonus":"THREE_ENEMY_KILL","is_daily":false,"chose_seed":false,"campfire_upgraded":6,"win_rate":0.0,"timestamp":1613764587,"path_taken":["M","?","?","?","$","E","R","M","T","?","E","M","?","?","R","BOSS","M","M","?","$","M","R","E","?","T","E","M","M","?","M","R","BOSS","M","M","?","$","?","R","M","M","MIM","?","E","M","?","R","BOSS","R","$","E","BOSS"],"items_purchased_type":["Relic","Potion","Card","Card"],"build_version":"2020-12-22","purchased_purges":0,"victory":true,"max_hp_per_floor":[75,75,75,75,75,75,75,75,75,85,85,85,85,85,85,85,85,85,85,85,92,92,92,92,92,92,92,92,92,92,92,92,92,92,92,92,92,92,92,92,92,92,92,92,92,92,92,92,92,92,92,92,92,92],"card_choices":[{"not_picked":["animeID:Tomura","animeID:Mina"],"picked":"animeID:EraserHead","floor":1},{"not_picked":["animeID:ToruHagakure+1","animeID:Aoyama"],"picked":"animeID:Bakugo","floor":6},{"not_picked":["TH:DeckOfManyThings","TH:ArmorSpikes"],"picked":"SKIP","floor":6},{"not_picked":["animeID:Rei","animeID:Kirishima"],"picked":"animeID:Thirteen+1","floor":8},{"not_picked":["TH:TreasureMap","TH:CopperCoins"],"picked":"SKIP","floor":9},{"not_picked":["TH:ElvenBoots","TH:DeckOfManyThings"],"picked":"SKIP","floor":10},{"not_picked":["animeID:DetroitSmash","animeID:RedRiot"],"picked":"animeID:Stain","floor":11},{"not_picked":["TH:BikiniMail","TH:Mimic"],"picked":"SKIP","floor":11},{"not_picked":["animeID:Rappa","animeID:Kirishima"],"picked":"animeID:GranTorino+1","floor":12},{"not_picked":["animeID:Ojiro","animeID:Kirishima"],"picked":"animeID:GranTorino+1","floor":13},{"not_picked":["animeID:HighFive+1","animeID:DelawareSmash"],"picked":"animeID:Bakugo","floor":14},{"not_picked":["animeID:Chisaki","animeID:Endeavor+1"],"picked":"animeID:Shigaraki","floor":16},{"not_picked":["animeID:Tengai+1","animeID:FatGum+1"],"picked":"animeID:Cementoss+1","floor":18},{"not_picked":["animeID:Uraraka+1","animeID:Aoyama","animeID:Stain"],"picked":"SKIP","floor":19},{"not_picked":["animeID:Mineta+1","animeID:Uraraka+1"],"picked":"animeID:Himiko+1","floor":20},{"not_picked":["animeID:Bakugo+1","animeID:Kirishima+1"],"picked":"animeID:GentleCriminal","floor":22},{"not_picked":["TH:PixieDust"],"picked":"TH:TreasureMap","floor":24},{"not_picked":["animeID:Tsuyu+1","animeID:Mineta+1","animeID:SkinnyGum+1"],"picked":"SKIP","floor":24},{"not_picked":["TH:BikiniMail","TH:DeckOfManyThings"],"picked":"SKIP","floor":26},{"not_picked":["TH:Mimic"],"picked":"TH:CopperCoins","floor":27},{"not_picked":["animeID:Kurono+1","animeID:Aoyama+1"],"picked":"animeID:ShootStyle","floor":27},{"not_picked":["animeID:DetroitDelaware+1","animeID:Muscular+1"],"picked":"animeID:ShootStyle","floor":28},{"not_picked":["animeID:Momo","animeID:Aoyama+1"],"picked":"animeID:Deku+1","floor":29},{"not_picked":["animeID:Mina+1","animeID:Momo"],"picked":"animeID:Iida+1","floor":30},{"not_picked":["animeID:Mineta+1","animeID:TodorokiShoto+1"],"picked":"animeID:MirioTogata","floor":31},{"not_picked":["TH:CopperCoins"],"picked":"TH:DeckOfManyThings","floor":33},{"not_picked":["animeID:Endeavor+1","animeID:USA_Smash+1"],"picked":"animeID:PlusUltra+1","floor":33},{"not_picked":["animeID:Kirishima+1","animeID:Ojiro+1","animeID:TodorokiShoto+1"],"picked":"SKIP","floor":35},{"not_picked":["animeID:Aoyama+1","animeID:ToruHagakure+1"],"picked":"animeID:Iida+1","floor":36},{"not_picked":["animeID:DetroitSmash+1","animeID:Tengai+1"],"picked":"animeID:Dabi+1","floor":41},{"not_picked":["animeID:DelawareSmash+1","animeID:Tamaki+1"],"picked":"animeID:Iida+1","floor":42},{"not_picked":["animeID:DetroitSmash+1","animeID:TetsuTetsu+1"],"picked":"animeID:Tomura+1","floor":43},{"not_picked":["TH:ArmorSpikes"],"picked":"TH:TreasureMap","floor":46},{"not_picked":["animeID:ShootStyle","animeID:TodorokiShoto+1"],"picked":"animeID:Dabi","floor":46},{"not_picked":["animeID:Kirishima+1","animeID:Mezo+1","animeID:ToruHagakure+1"],"picked":"SKIP","floor":47},{"not_picked":["TH:CopperCoins"],"picked":"TH:CursedSword","floor":54},{"not_picked":["animeID:TetsuTetsu+1","animeID:GentleCriminal"],"picked":"animeID:Tamaki+1","floor":54}],"player_experience":143965,"relics_obtained":[{"floor":6,"key":"Toxic Egg 2"},{"floor":10,"key":"Pear"},{"floor":11,"key":"Mercury Hourglass"},{"floor":24,"key":"TH:Strongbox"},{"floor":26,"key":"Molten Egg 2"},{"floor":27,"key":"MealTicket"},{"floor":43,"key":"hubris:Teleporter"},{"floor":46,"key":"Happy Flower"},{"floor":54,"key":"Whetstone"}],"event_choices":[{"damage_healed":30,"gold_gain":0,"player_choice":"Heal","damage_taken":0,"max_hp_gain":0,"max_hp_loss":0,"event_name":"The Library","floor":25,"gold_loss":0}],"is_beta":false,"boss_relics":[{"not_picked":["hubris:Stopwatch","Velvet Choker"],"picked":"Ectoplasm"},{"not_picked":["hubris:HollowSoul","hubris:RunicObelisk"],"picked":"hubris:TerracottaHorce"}],"items_purged_floors":[],"is_endless":false,"potions_floor_spawned":[11,12,13,18,20,24,28,31,33,35,36,46,47,54],"ascension_level":0}}