{"host":"vx488ommchhibo3k","time":1613719283,"event":{"mods":["BaseMod","BetterRewards","Minty Spire (QoL Compilation)","Shop Mod","StSLib"],"gold_per_floor":[116,132,132,152,162,162,179,179,256,256,266,294,308,325,325,426,426,443,300,300],"floor_reached":19,"language":"JPN","playtime":1304,"items_purged":[],"score":273,"play_id":"b5f7bd49-b747-4596-8d0d-f48954b2130a","local_time":"20210219162123","is_ascension_mode":false,"campfire_choices":[{"floor":6,"key":"RECALL"},{"data":"Offering","floor":8,"key":"SMITH"},{"floor":15,"key":"REST"}],"circlet_count":0,"master_deck":["Strike_R","Strike_R","Strike_R","Strike_R","Defend_R","Defend_R","Defend_R","Defend_R","Bash","Rampage","Offering+1","Inflame","Headbutt","Flex","Offering+1","Armaments","Pommel Strike","Heavy Blade","Power Through","Burning Pact","Seeing Red","Brutality","Whirlwind+1","Warcry","Impervious","Armaments","Immolate","Flex+1"],"relics":["Burning Blood","CaptainsWheel","Dead Branch","SacredBark","Orrery"],"acts_visited":["Exordium","TheCity"],"potions_floor_usage":[7,18],"damage_taken":[{"damage":3,"enemies":"Jaw Worm","floor":1,"turns":4},{"damage":2,"enemies":"Small Slimes","floor":2,"turns":3},{"damage":6,"enemies":"Cultist","floor":4,"turns":1},{"damage":6,"enemies":"Large Slime","floor":5,"turns":4},{"damage":11,"enemies":"Gremlin Gang","floor":7,"turns":4},{"damage":15,"enemies":"3 Louse","floor":11,"turns":4},{"damage":23,"enemies":"Gremlin Nob","floor":12,"turns":3},{"damage":6,"enemies":"Large Slime","floor":13,"turns":4},{"damage":5,"enemies":"Looter","floor":14,"turns":2},{"damage":17,"enemies":"Slime Boss","floor":16,"turns":7},{"damage":26,"enemies":"3 Byrds","floor":18,"turns":4}],"seed_played":"8193717540352523153","potions_obtained":[{"floor":4,"key":"CultistPotion"},{"floor":5,"key":"Explosive Potion"},{"floor":11,"key":"BlessingOfTheForge"},{"floor":13,"key":"PowerPotion"},{"floor":18,"key":"AttackPotion"}],"is_trial":false,"path_per_floor":["M","M","?","M","M","R","M","R","T","?","M","E","M","M","R","B",null,"M","$"],"character_chosen":"IRONCLAD","items_purchased":["Offering","Inflame","Orrery"],"campfire_rested":1,"item_purchase_floors":[0,0,19],"current_hp_per_floor":[57,61,61,61,61,61,56,56,56,56,47,30,30,31,55,44,80,60,60,60],"gold":300,"neow_bonus":"","is_daily":false,"chose_seed":false,"campfire_upgraded":1,"win_rate":0.0,"timestamp":1613719283,"path_taken":["M","M","?","M","M","R","M","R","T","?","M","E","M","?","R","BOSS","M","$"],"items_purchased_type":["Card","Card","Relic"],"build_version":"2020-12-22","purchased_purges":0,"victory":false,"max_hp_per_floor":[80,80,80,80,80,80,80,80,80,80,80,80,80,80,80,80,80,80,80,80],"card_choices":[{"not_picked":["Warcry","Shrug It Off"],"picked":"Headbutt","floor":1},{"not_picked":["Disarm","Heavy Blade"],"picked":"Flex","floor":2},{"not_picked":["Clothesline","Rampage"],"picked":"Offering","floor":4},{"not_picked":["Combust","Second Wind"],"picked":"Armaments","floor":5},{"not_picked":["Feel No Pain","Rampage"],"picked":"Pommel Strike","floor":7},{"not_picked":["Thunderclap","Sword Boomerang"],"picked":"Heavy Blade","floor":11},{"not_picked":["Corruption","Clothesline"],"picked":"Power Through","floor":12},{"not_picked":["Iron Wave","Headbutt"],"picked":"Burning Pact","floor":13},{"not_picked":["Entrench","Rampage"],"picked":"Seeing Red","floor":14},{"not_picked":["Demon Form","Feed"],"picked":"Brutality","floor":16},{"not_picked":["Iron Wave","Body Slam"],"picked":"Whirlwind+1","floor":18},{"not_picked":["True Grit","Body Slam"],"picked":"Warcry","floor":19},{"not_picked":["Anger+1","Demon Form"],"picked":"Impervious","floor":19},{"not_picked":["True Grit","Entrench"],"picked":"Armaments","floor":19},{"not_picked":["Flame Barrier","True Grit+1"],"picked":"Immolate","floor":19},{"not_picked":["True Grit","Body Slam"],"picked":"Flex+1","floor":19}],"player_experience":115677,"relics_obtained":[{"floor":12,"key":"Dead Branch"}],"event_choices":[{"damage_healed":0,"gold_gain":0,"player_choice":"Grow","damage_taken":0,"max_hp_gain":0,"max_hp_loss":0,"event_name":"Living Wall","floor":3,"gold_loss":0,"cards_upgraded":["Offering"]},{"cards_removed":["Strike_R"],"damage_healed":0,"gold_gain":0,"player_choice":"Card Removal","damage_taken":0,"max_hp_gain":0,"max_hp_loss":0,"event_name":"Wheel of Change","floor":10,"gold_loss":0}],"is_beta":false,"boss_relics":[{"not_picked":["Ectoplasm","Coffee Dripper"],"picked":"SacredBark"}],"items_purged_floors":[],"is_endless":false,"potions_floor_spawned":[4,5,11,13,18],"ascension_level":0}}