{"host":"jrtaucq9moweewpn","time":1613711873,"event":{"mods":["BaseMod","Better Third Choice","Colored Map","Downfall","GifTheSpireLib","Infinite Spire","Minty Spire (QoL Compilation)","Replay The Spire","Shade Mod","StSLib","The Cursed"],"gold_per_floor":[114,125,141,141,153,184,211,211,211],"floor_reached":8,"language":"ENG","playtime":376,"items_purged":[],"score":118,"play_id":"076dab58-1847-42b4-9b1d-c68a1a45c83a","local_time":"20210218231753","daily_mods":["Heirloom","Time Dilation","Flight","DeadlyEvents"],"is_ascension_mode":false,"campfire_choices":[],"circlet_count":0,"master_deck":["Strike_G","Strike_G","Strike_G","Strike_G","Strike_G","Defend_G","Defend_G","Defend_G","Defend_G","Defend_G","Survivor","Neutralize","Poisoned Stab","Caltrops","Catalyst","Deflect"],"relics":["Ring of the Snake","Incense Burner","NeowsBlessing","Blue Doll","Pear"],"acts_visited":["Exordium"],"potions_floor_usage":[8,8],"damage_taken":[{"damage":4,"enemies":"Cultist","floor":1,"turns":3},{"damage":8,"enemies":"2 Louse","floor":2,"turns":3},{"damage":3,"enemies":"Jaw Worm","floor":3,"turns":3},{"damage":0,"enemies":"Red Slaver","floor":5,"turns":1},{"damage":0,"enemies":"3 Sentries","floor":6,"turns":1},{"damage":0,"enemies":"Replay:BlueRogue","floor":7,"turns":1},{"damage":17,"enemies":"Lagavulin","floor":8,"turns":5}],"seed_played":"2401625953095870879","potions_obtained":[{"floor":3,"key":"Weak Potion"},{"floor":6,"key":"Ancient Potion"}],"is_trial":true,"path_per_floor":["M","M","M","WH","M","E","E","E"],"character_chosen":"THE_SILENT","items_purchased":[],"campfire_rested":0,"item_purchase_floors":[],"current_hp_per_floor":[66,58,55,55,55,55,65,48,48],"gold":211,"neow_bonus":"THREE_ENEMY_KILL","is_daily":false,"chose_seed":false,"campfire_upgraded":0,"win_rate":0.0,"timestamp":1613711873,"path_taken":["M","M","M","WH","M","E","E","E"],"items_purchased_type":[],"build_version":"2020-12-22","purchased_purges":0,"victory":false,"max_hp_per_floor":[70,70,70,70,70,70,80,80,80],"card_choices":[{"not_picked":["Deflect","Infinite Blades"],"picked":"Poisoned Stab","floor":1},{"not_picked":["Hidden Blade","Flying Knee","Dagger Spray"],"picked":"SKIP","floor":2},{"not_picked":["Outmaneuver","Flying Knee","Dagger Spray"],"picked":"SKIP","floor":3},{"not_picked":["Dagger Throw","Blade Dance"],"picked":"Caltrops","floor":5},{"not_picked":["Poisoned Stab","Leg Sweep"],"picked":"Catalyst","floor":6},{"not_picked":["Dagger Spray","Setup"],"picked":"Deflect","floor":7}],"player_experience":544868,"relics_obtained":[{"floor":6,"key":"Blue Doll"},{"floor":7,"key":"Pear"}],"event_choices":[],"is_beta":false,"boss_relics":[],"items_purged_floors":[],"is_endless":false,"potions_floor_spawned":[3,6],"killed_by":"Lagavulin","ascension_level":0}}