{"host":"1v3mnj67s3trvm6y","time":1613754662,"event":{"mods":["BaseMod","Challenge The Spire","Minty Spire (QoL Compilation)","StSLib","The Cursed"],"gold_per_floor":[109,122,122,297,236,277,289,330,342,354,382,45,61,87,87,191,191,177,227,240,252,266,266,41,41,41,66,66,66,66,66,66,171,171,185,195,195,215,235,235,261,271,271,283,310,324,324,324,324,324,324],"floor_reached":50,"language":"ENG","playtime":2774,"items_purged":["TheCursedMod:Defend_TheCursed"],"score":640,"play_id":"fadc1f6a-df34-4f48-aa31-e06358e817cc","local_time":"20210220021102","is_ascension_mode":false,"campfire_choices":[{"floor":7,"key":"REST"},{"floor":10,"key":"REST"},{"floor":15,"key":"REST"},{"data":"TheCursedMod:CollectTribute","floor":23,"key":"SMITH"},{"floor":25,"key":"RECALL"},{"floor":32,"key":"REST"},{"data":"TheCursedMod:Torture","floor":40,"key":"SMITH"},{"data":"TheCursedMod:Hemoplague","floor":47,"key":"SMITH"},{"floor":49,"key":"REST"}],"circlet_count":0,"master_deck":["TheCursedMod:Strike_TheCursed","TheCursedMod:Strike_TheCursed","TheCursedMod:Strike_TheCursed","TheCursedMod:Defend_TheCursed","TheCursedMod:Defend_TheCursed","TheCursedMod:Defend_TheCursed+1","TheCursedMod:CleanUpWorkshop","TheCursedMod:Dregs","TheCursedMod:SaltUponWound+1","TheCursedMod:RapidMovement","TheCursedMod:CursedShiv","Doubt","TheCursedMod:HellsGateOpen","TheCursedMod:Hemoplague+1","TheCursedMod:SpitefulPlan","TheCursedMod:SpitefulPlan","TheCursedMod:WearCloak","TheCursedMod:CursedShiv+1","TheCursedMod:CollectTribute+1","TheCursedMod:CursedArmor+1","TheCursedMod:RapidMovement","TheCursedMod:LuckyCharm","Necronomicurse","TheCursedMod:ShockAndAwe+1","TheCursedMod:Evocation","TheCursedMod:Obscuration+1","Purity","TheCursedMod:SpitefulPlan","TheCursedMod:Torture+1","TheCursedMod:Stigma+1","TheCursedMod:Dregs","TheCursedMod:Torture","TheCursedMod:Grudge+1"],"relics":["TheCursedMod:BlackMagic101","MawBank","Bag of Preparation","Bronze Scales","InkBottle","Molten Egg 2","Matryoshka","Busted Crown","Regal Pillow","Potion Belt","Shuriken","Singing Bowl","Necronomicon","Blood Vial","Gremlin Horn","Cursed Key","Calipers","Du-Vu Doll"],"acts_visited":["Exordium","TheCity","TheBeyond"],"potions_floor_usage":[14,18,41,42],"damage_taken":[{"damage":0,"enemies":"Small Slimes","floor":1,"turns":3},{"damage":0,"enemies":"2 Louse","floor":2,"turns":4},{"damage":34,"enemies":"Gremlin Nob","floor":6,"turns":4},{"damage":19,"enemies":"3 Sentries","floor":8,"turns":12},{"damage":0,"enemies":"Cultist","floor":11,"turns":3},{"damage":6,"enemies":"Lots of Slimes","floor":13,"turns":5},{"damage":23,"enemies":"Gremlin Nob","floor":14,"turns":4},{"damage":30,"enemies":"Slime Boss","floor":16,"turns":8},{"damage":1,"enemies":"2 Thieves","floor":18,"turns":4},{"damage":11,"enemies":"3 Byrds","floor":20,"turns":2},{"damage":15,"enemies":"Sentry and Sphere","floor":21,"turns":5},{"damage":0,"enemies":"Snake Plant","floor":22,"turns":3},{"damage":1,"enemies":"Book of Stabbing","floor":27,"turns":5},{"damage":0,"enemies":"Automaton","floor":33,"turns":8},{"damage":0,"enemies":"3 Shapes","floor":35,"turns":4},{"damage":12,"enemies":"3 Darklings","floor":36,"turns":4},{"damage":4,"enemies":"Maw","floor":38,"turns":6},{"damage":8,"enemies":"Jaw Worm Horde","floor":39,"turns":5},{"damage":4,"enemies":"Reptomancer","floor":41,"turns":6},{"damage":0,"enemies":"3 Darklings","floor":42,"turns":4},{"damage":13,"enemies":"Spire Growth","floor":44,"turns":5},{"damage":5,"enemies":"Giant Head","floor":45,"turns":7},{"damage":0,"enemies":"Jaw Worm Horde","floor":46,"turns":3},{"damage":120,"enemies":"Awakened One","floor":50,"turns":9}],"seed_played":"-966410781209496764","potions_obtained":[{"floor":6,"key":"Dexterity Potion"},{"floor":8,"key":"Fire Potion"},{"floor":11,"key":"CultistPotion"},{"floor":14,"key":"Block Potion"},{"floor":20,"key":"SteroidPotion"},{"floor":22,"key":"BlessingOfTheForge"},{"floor":33,"key":"LiquidMemories"},{"floor":35,"key":"PowerPotion"},{"floor":41,"key":"GamblersBrew"},{"floor":42,"key":"Fruit Juice"}],"is_trial":false,"path_per_floor":["M","M","?","?","?","E","R","E","T","R","M","$","M","E","R","B",null,"M","?","M","M","M","R","$","R","T","E","$","?","?","T","R","B",null,"M","M","?","M","M","R","E","M","T","M","E","M","R","?","R","B"],"character_chosen":"THE_CURSED","items_purchased":["Molten Egg 2","TheCursedMod:SpitefulPlan","TheCursedMod:LuckyCharm","Regal Pillow"],"campfire_rested":5,"item_purchase_floors":[12,12,24,24],"current_hp_per_floor":[75,75,60,60,60,26,48,29,29,51,51,51,45,22,44,14,75,74,74,63,48,48,48,48,48,48,49,49,49,33,33,71,73,77,77,65,65,63,59,59,59,66,66,57,54,56,56,56,88,0,0],"gold":324,"neow_bonus":"TRANSFORM_CARD","is_daily":false,"chose_seed":false,"campfire_upgraded":3,"win_rate":0.0,"timestamp":1613754662,"path_taken":["M","M","?","?","?","E","R","E","T","R","?","?","M","E","R","BOSS","M","?","M","M","M","R","$","R","T","E","?","?","?","?","R","BOSS","M","M","?","M","M","R","E","M","T","M","E","?","R","?","R","BOSS"],"items_purchased_type":["Relic","Card","Card","Relic"],"build_version":"2020-12-22","purchased_purges":1,"victory":false,"max_hp_per_floor":[75,75,75,75,75,75,75,75,75,75,75,75,75,75,75,75,75,75,75,75,75,75,75,75,75,75,77,77,77,77,77,77,77,77,77,77,77,77,79,79,81,86,86,88,88,88,88,88,88,88,88],"card_choices":[{"not_picked":["TheCursedMod:Wield","TheCursedMod:DoubleShield"],"picked":"TheCursedMod:RapidMovement","floor":1},{"not_picked":["TheCursedMod:Obscuration","TheCursedMod:DoubleShield"],"picked":"TheCursedMod:CursedShiv","floor":2},{"not_picked":["TheCursedMod:RapidMovement","TheCursedMod:TacticalStrike"],"picked":"TheCursedMod:HellsGateOpen","floor":6},{"not_picked":["TheCursedMod:CursedMace","TheCursedMod:SmokeScreen"],"picked":"TheCursedMod:Hemoplague","floor":8},{"not_picked":["TheCursedMod:PrepareRite","TheCursedMod:TacticalStrike"],"picked":"TheCursedMod:SpitefulPlan","floor":11},{"not_picked":["TheCursedMod:PrepareRite","TheCursedMod:Stretching"],"picked":"TheCursedMod:WearCloak","floor":13},{"not_picked":["TheCursedMod:CircleOfCorruption","TheCursedMod:CircleOfFlame"],"picked":"TheCursedMod:CursedShiv+1","floor":14},{"not_picked":["TheCursedMod:StunningStrike+1","TheCursedMod:ForbiddenAlchemy"],"picked":"TheCursedMod:CollectTribute","floor":16},{"not_picked":[],"picked":"TheCursedMod:CursedArmor+1","floor":18},{"not_picked":["TheCursedMod:WearCloak"],"picked":"SKIP","floor":20},{"not_picked":["TheCursedMod:RavingStaff+1"],"picked":"SKIP","floor":21},{"not_picked":[],"picked":"TheCursedMod:RapidMovement","floor":22},{"not_picked":["TheCursedMod:AbyssShockwave+1"],"picked":"Singing Bowl","floor":27},{"not_picked":[],"picked":"TheCursedMod:ShockAndAwe+1","floor":33},{"not_picked":[],"picked":"TheCursedMod:Evocation","floor":35},{"not_picked":[],"picked":"TheCursedMod:Obscuration+1","floor":36},{"not_picked":[],"picked":"TheCursedMod:Torture","floor":38},{"not_picked":["TheCursedMod:SmokeScreen"],"picked":"Singing Bowl","floor":39},{"not_picked":["TheCursedMod:CircleOfAmplification"],"picked":"Singing Bowl","floor":41},{"not_picked":[],"picked":"TheCursedMod:Stigma+1","floor":42},{"not_picked":["TheCursedMod:FleshFromBone+1"],"picked":"Singing Bowl","floor":44},{"not_picked":[],"picked":"TheCursedMod:Torture","floor":45},{"not_picked":[],"picked":"TheCursedMod:Grudge+1","floor":46}],"player_experience":1560396,"relics_obtained":[{"floor":6,"key":"Bag of Preparation"},{"floor":8,"key":"Bronze Scales"},{"floor":9,"key":"InkBottle"},{"floor":14,"key":"Matryoshka"},{"floor":26,"key":"Potion Belt"},{"floor":26,"key":"Shuriken"},{"floor":27,"key":"Singing Bowl"},{"floor":30,"key":"Necronomicon"},{"floor":31,"key":"Blood Vial"},{"floor":31,"key":"Gremlin Horn"},{"floor":41,"key":"Calipers"},{"floor":45,"key":"Du-Vu Doll"}],"event_choices":[{"damage_healed":0,"gold_gain":0,"player_choice":"Entered Light","damage_taken":15,"max_hp_gain":0,"max_hp_loss":0,"event_name":"Shining Light","floor":3,"gold_loss":0,"cards_upgraded":["TheCursedMod:SaltUponWound","TheCursedMod:Defend_TheCursed"]},{"damage_healed":0,"gold_gain":175,"player_choice":"AGREE","damage_taken":0,"max_hp_gain":0,"max_hp_loss":0,"event_name":"Liars Game","floor":4,"gold_loss":0,"cards_obtained":["Doubt"]},{"damage_healed":0,"gold_gain":0,"player_choice":"Paid Gold","damage_taken":0,"relics_obtained":["MawBank"],"max_hp_gain":0,"max_hp_loss":0,"event_name":"WeMeetAgain","floor":5,"gold_loss":61},{"damage_healed":0,"gold_gain":100,"player_choice":"Bet on Murderer","damage_taken":0,"max_hp_gain":0,"max_hp_loss":0,"event_name":"The Joust","floor":19,"gold_loss":50},{"damage_healed":0,"gold_gain":0,"player_choice":"Ignored","damage_taken":0,"max_hp_gain":0,"max_hp_loss":0,"event_name":"Vampires","floor":29,"gold_loss":0},{"damage_healed":0,"gold_gain":0,"player_choice":"Obtained Book","damage_taken":16,"max_hp_gain":0,"max_hp_loss":0,"event_name":"Cursed Tome","floor":30,"gold_loss":0},{"damage_healed":0,"gold_gain":0,"player_choice":"2 cards matched","damage_taken":0,"max_hp_gain":0,"max_hp_loss":0,"event_name":"Match and Keep!","floor":37,"gold_loss":0,"cards_obtained":["Purity","TheCursedMod:SpitefulPlan"]},{"cards_removed":["TheCursedMod:CursedWand"],"damage_healed":0,"gold_gain":0,"player_choice":"Removed Attack","damage_taken":0,"max_hp_gain":0,"max_hp_loss":0,"event_name":"Falling","floor":48,"gold_loss":0}],"is_beta":false,"boss_relics":[{"not_picked":["SacredBark","Calling Bell"],"picked":"Busted Crown"},{"not_picked":["TheCursedMod:FourLeafCloverCharm","Astrolabe"],"picked":"Cursed Key"}],"items_purged_floors":[12],"is_endless":false,"potions_floor_spawned":[6,8,11,14,20,22,33,35,38,41,42],"killed_by":"Awakened One","ascension_level":0}}