{"host":"2hea6pl5vmah38iy","time":1613725257,"event":{"mods":["AchievementEnabler","BaseMod","Colored Map","DeckTracker","Keyboard Shortcuts","Minty Spire (QoL Compilation)","Rare Cards Sparkle","StSLib","SuperFastMode","everything is the same but u backflip on backflip"],"gold_per_floor":[118,118,118,132,207,207,237,250,275,425,437,452,23,33,33,33,33],"floor_reached":16,"language":"KOR","playtime":422,"items_purged":["Strike_B"],"score":248,"play_id":"31a3ef8a-2421-4e3f-851e-7bdd4385ccf7","local_time":"20210219180057","is_ascension_mode":true,"campfire_choices":[{"data":"Zap","floor":6,"key":"SMITH"},{"data":"Defragment","floor":15,"key":"SMITH"}],"circlet_count":0,"master_deck":["AscendersBane","Strike_B","Strike_B","Defend_B","Defend_B","Defend_B","Defend_B","Zap+1","Dualcast","FTL","Leap","Thunder Strike","Cold Snap","Defragment+1","Storm","Ball Lightning"],"relics":["Cracked Core","NeowsBlessing","Omamori","Blood Vial","Question Card"],"acts_visited":["Exordium"],"potions_floor_usage":[12,16],"damage_taken":[{"damage":0,"enemies":"Jaw Worm","floor":1,"turns":1},{"damage":0,"enemies":"Small Slimes","floor":4,"turns":1},{"damage":0,"enemies":"Lagavulin","floor":7,"turns":1},{"damage":0,"enemies":"Cultist","floor":8,"turns":3},{"damage":9,"enemies":"2 Fungi Beasts","floor":11,"turns":4},{"damage":0,"enemies":"3 Louse","floor":12,"turns":3},{"damage":16,"enemies":"Large Slime","floor":14,"turns":4},{"damage":24,"enemies":"The Guardian","floor":16,"turns":9}],"seed_played":"-1075937211410899126","potions_obtained":[{"floor":3,"key":"LiquidMemories"},{"floor":3,"key":"CultistPotion"},{"floor":4,"key":"Fire Potion"},{"floor":12,"key":"PotionOfCapacity"}],"is_trial":false,"path_per_floor":["M","?","?","M","?","R","E","M","T","?","M","M","$","M","R","B"],"character_chosen":"DEFECT","items_purchased":["Storm","Question Card"],"campfire_rested":0,"item_purchase_floors":[13,13],"current_hp_per_floor":[64,57,57,57,46,46,46,46,46,46,39,41,41,27,27,5,5],"gold":33,"neow_bonus":"THREE_ENEMY_KILL","is_daily":false,"chose_seed":false,"campfire_upgraded":2,"win_rate":0.0,"timestamp":1613725257,"path_taken":["M","?","?","?","?","R","E","M","T","?","M","M","$","M","R","BOSS"],"items_purchased_type":["Card","Relic"],"build_version":"2020-12-22","purchased_purges":1,"victory":false,"max_hp_per_floor":[71,71,71,71,71,71,71,71,71,71,71,71,71,71,71,71,71],"card_choices":[{"not_picked":["Gash","BootSequence"],"picked":"FTL","floor":1},{"not_picked":["Rip and Tear","Static Discharge"],"picked":"Leap","floor":4},{"not_picked":["Hologram","White Noise"],"picked":"Thunder Strike","floor":7},{"not_picked":["Streamline","Turbo"],"picked":"Cold Snap","floor":8},{"not_picked":["Seek","Doom and Gloom"],"picked":"Defragment","floor":11},{"not_picked":["Reprogram","Gash","Steam"],"picked":"SKIP","floor":12},{"not_picked":["Compile Driver","Rebound","Go for the Eyes"],"picked":"Ball Lightning","floor":14}],"player_experience":597764,"relics_obtained":[{"floor":7,"key":"Omamori"},{"floor":9,"key":"Blood Vial"}],"event_choices":[{"cards_removed":["Strike_B"],"damage_healed":0,"gold_gain":0,"player_choice":"Card Removal","damage_taken":7,"max_hp_gain":0,"max_hp_loss":0,"event_name":"Golden Wing","floor":2,"gold_loss":0},{"damage_healed":0,"gold_gain":0,"player_choice":"Got Potions","damage_taken":0,"max_hp_gain":0,"max_hp_loss":0,"event_name":"Lab","floor":3,"gold_loss":0},{"damage_healed":0,"gold_gain":75,"player_choice":"Gather Gold","damage_taken":11,"max_hp_gain":0,"max_hp_loss":0,"event_name":"World of Goop","floor":5,"gold_loss":0},{"damage_healed":0,"gold_gain":150,"player_choice":"AGREE","damage_taken":0,"max_hp_gain":0,"max_hp_loss":0,"event_name":"Liars Game","floor":10,"gold_loss":0,"cards_obtained":["Doubt"]}],"is_beta":false,"boss_relics":[],"items_purged_floors":[13],"is_endless":false,"potions_floor_spawned":[4,11,12],"killed_by":"The Guardian","ascension_level":19}}