{"host":"uhi6g4fgvyietct9","time":1613742888,"event":{"mods":["AchievementEnabler","BaseMod","Colored Map","Colored Powertips","Minty Spire (QoL Compilation)","StSLib","SuperFastMode"],"gold_per_floor":[117,117,42,117,17,17,52,77,77,105,105,136,65,65,65,65,65],"floor_reached":16,"language":"KOR","playtime":389,"items_purged":["Regret","Strike_R"],"score":226,"play_id":"a7e9e9b5-93d0-4b14-8964-7360e842671b","local_time":"20210219225448","is_ascension_mode":true,"campfire_choices":[{"data":"Bash","floor":6,"key":"SMITH"},{"floor":15,"key":"REST"}],"circlet_count":0,"master_deck":["AscendersBane","Strike_R","Strike_R+1","Strike_R","Strike_R","Defend_R","Defend_R","Defend_R","Defend_R+1","Bash+1","Dropkick","Second Wind","Evolve"],"relics":["Burning Blood","NeowsBlessing","White Beast Statue","Question Card","Odd Mushroom","Torii","InkBottle","Pocketwatch","Bottled Flame"],"acts_visited":["Exordium"],"potions_floor_usage":[10,10,12,16],"damage_taken":[{"damage":0,"enemies":"Small Slimes","floor":1,"turns":1},{"damage":0,"enemies":"3 Sentries","floor":7,"turns":2},{"damage":0,"enemies":"The Mushroom Lair","floor":8,"turns":2},{"damage":24,"enemies":"Gremlin Nob","floor":10,"turns":4},{"damage":14,"enemies":"3 Sentries","floor":12,"turns":8},{"damage":19,"enemies":"The Guardian","floor":16,"turns":4}],"seed_played":"5862637931177750904","potions_obtained":[{"floor":7,"key":"Weak Potion"},{"floor":8,"key":"CultistPotion"},{"floor":10,"key":"FearPotion"},{"floor":12,"key":"ColorlessPotion"}],"is_trial":false,"path_per_floor":["M","?","$","?","$","R","E","?","T","E","?","E","$","?","R","B"],"character_chosen":"IRONCLAD","items_purchased":["Evolve"],"campfire_rested":1,"item_purchase_floors":[13],"current_hp_per_floor":[78,78,78,67,67,67,73,79,79,61,43,35,35,19,43,24,24],"gold":65,"neow_bonus":"THREE_ENEMY_KILL","is_daily":false,"chose_seed":false,"campfire_upgraded":1,"win_rate":0.0,"timestamp":1613742888,"path_taken":["M","?","$","?","$","R","E","?","T","E","?","E","?","?","R","BOSS"],"items_purchased_type":["Card"],"build_version":"2020-12-22","purchased_purges":2,"victory":false,"max_hp_per_floor":[80,80,80,80,80,80,80,80,80,80,80,80,80,80,80,80,80],"card_choices":[{"not_picked":["Armaments","Sword Boomerang","Havoc"],"picked":"SKIP","floor":1},{"not_picked":["Twin Strike","Rupture","Spot Weakness"],"picked":"SKIP","floor":7},{"not_picked":["Pommel Strike","Flex","Clash"],"picked":"Dropkick","floor":10},{"not_picked":["Wild Strike","Juggernaut","True Grit"],"picked":"Second Wind","floor":12}],"player_experience":597988,"relics_obtained":[{"floor":7,"key":"Question Card"},{"floor":8,"key":"Odd Mushroom"},{"floor":9,"key":"Torii"},{"floor":10,"key":"InkBottle"},{"floor":12,"key":"Bottled Flame"}],"event_choices":[{"damage_healed":0,"gold_gain":0,"player_choice":"Box","damage_taken":0,"relics_obtained":["White Beast Statue"],"max_hp_gain":0,"max_hp_loss":0,"event_name":"Big Fish","floor":2,"gold_loss":0,"cards_obtained":["Regret"]},{"damage_healed":0,"gold_gain":75,"player_choice":"Gather Gold","damage_taken":11,"max_hp_gain":0,"max_hp_loss":0,"event_name":"World of Goop","floor":4,"gold_loss":0},{"damage_healed":0,"gold_gain":0,"player_choice":"Fought Mushrooms","damage_taken":0,"max_hp_gain":0,"max_hp_loss":0,"event_name":"Mushrooms","floor":8,"gold_loss":0},{"damage_healed":0,"gold_gain":0,"player_choice":"Success","damage_taken":18,"relics_obtained":["Pocketwatch"],"max_hp_gain":0,"max_hp_loss":0,"event_name":"Scrap Ooze","floor":11,"gold_loss":0},{"damage_healed":0,"gold_gain":0,"player_choice":"Entered Light","damage_taken":16,"max_hp_gain":0,"max_hp_loss":0,"event_name":"Shining Light","floor":14,"gold_loss":0,"cards_upgraded":["Defend_R","Strike_R"]}],"is_beta":false,"boss_relics":[],"items_purged_floors":[3,5],"is_endless":false,"potions_floor_spawned":[7,8,10,12],"killed_by":"The Guardian","ascension_level":13}}