{"host":"2up8t251fm2ulv98","time":1613734547,"event":{"mods":["Act Like it!","BaseMod","BetterRewards","Colored Map","Colored Powertips","Googly Eyes","Minty Spire (QoL Compilation)","Quick Restart","StSLib","The Bug Knight","[IsaacMod]“‘»ˆº‚À˛","°æπ¶ƒ‹Mod°øªÏ„Á÷Æª∑–ﬁ∏¥≤π∂°"],"gold_per_floor":[119,132,182,182,107,107,135,135,135,146,96,113,152,165,165,271,271,288,301,320,235,255,255,299,299,381,397,397,425,470,40,40,146,146,171,171,181,201,216,258,133,143,224,224,224,224,224,224,224,224,224],"floor_reached":50,"language":"ZHS","playtime":3178,"items_purged":["HollowMod:NailStrikeStart","HollowMod:QuickDashStart","HollowMod:SoulVessel+1"],"score":577,"play_id":"d809b663-278c-4428-ac53-ac1364e0b5eb","local_time":"20210219193547","is_ascension_mode":false,"campfire_choices":[{"data":"HollowMod:FocusHealStart","floor":6,"key":"SMITH"},{"data":"EpicFetus","floor":15,"key":"SMITH"},{"data":"HollowMod:Hiveblood","floor":23,"key":"SMITH"},{"data":"HollowMod:Weaversong","floor":25,"key":"SMITH"},{"data":"Forethought","floor":32,"key":"SMITH"},{"floor":44,"key":"RECALL"},{"data":"HollowMod:HuntersJournal","floor":46,"key":"SMITH"},{"data":"HollowMod:SlysStrikes","floor":49,"key":"SMITH"}],"circlet_count":0,"master_deck":["HollowMod:QuickDashStart","HollowMod:QuickDashStart","HollowMod:FocusHealStart+1","HollowMod:PogoStrike","EpicFetus+1","HollowMod:CloakDash","HollowMod:ChannelNail","HollowMod:HuntersJournal+1","HollowMod:Hiveblood+1","HollowMod:HowlingWraiths+1","HollowMod:DungDefenderAura+1","HollowMod:Weaversong+1","Bite","Bite","Bite","Bite","Forethought+1","HollowMod:SlysStrikes+1","HollowMod:ChannelNail+1","HollowMod:Hiveblood"],"relics":["HollowMod:VesselMask","HushsDoor","GuppysTail","NeowsBlessing","Singing Bowl","Boot","CeramicFish","D6","EdensBlessing","MealTicket","Philosopher\u0027s Stone","HollowMod:PaleOreRelic","Anchor","SharpPlug","Enchiridion","HollowMod:GreatKnightMask","HollowMod:MantisClawRelic","Coffee Dripper","EdensBlessing"],"acts_visited":["Exordium","TheCity","TheBeyond"],"potions_floor_usage":[16,45,50,50],"damage_taken":[{"damage":0,"enemies":"Cultist","floor":1,"turns":2},{"damage":0,"enemies":"Jaw Worm","floor":2,"turns":1},{"damage":0,"enemies":"Hiden Room Battle","floor":3,"turns":2},{"damage":5,"enemies":"HollowMod:MossKnight","floor":7,"turns":12},{"damage":2,"enemies":"2 Louse","floor":10,"turns":3},{"damage":10,"enemies":"Looter","floor":12,"turns":3},{"damage":46,"enemies":"Gremlin Nob","floor":13,"turns":5},{"damage":6,"enemies":"2 Fungi Beasts","floor":14,"turns":4},{"damage":49,"enemies":"The Guardian","floor":16,"turns":11},{"damage":47,"enemies":"2 Thieves","floor":18,"turns":4},{"damage":20,"enemies":"3 Byrds","floor":19,"turns":3},{"damage":25,"enemies":"Centurion and Healer","floor":20,"turns":7},{"damage":43,"enemies":"Snake Plant","floor":22,"turns":5},{"damage":25,"enemies":"HollowMod:Nosk","floor":24,"turns":6},{"damage":14,"enemies":"Snecko","floor":27,"turns":3},{"damage":14,"enemies":"HollowMod:Zote","floor":29,"turns":2},{"damage":81,"enemies":"HollowMod:NKGrimm","floor":33,"turns":8},{"damage":26,"enemies":"3 Shapes","floor":35,"turns":2},{"damage":19,"enemies":"Orb Walker","floor":37,"turns":3},{"damage":75,"enemies":"HollowMod:SlobberingHusk","floor":38,"turns":7},{"damage":67,"enemies":"Sphere and 2 Shapes","floor":39,"turns":5},{"damage":80,"enemies":"Giant Head","floor":40,"turns":8},{"damage":46,"enemies":"Spire Growth","floor":42,"turns":5},{"damage":27,"enemies":"Jaw Worm Horde","floor":45,"turns":2},{"damage":41,"enemies":"Awakened One","floor":50,"turns":2}],"seed_played":"-1157332084070663411","potions_obtained":[{"floor":2,"key":"SpeedPotion"},{"floor":7,"key":"LiquidMemories"},{"floor":10,"key":"Block Potion"},{"floor":18,"key":"SmokeBomb"},{"floor":33,"key":"Regen Potion"},{"floor":39,"key":"Dexterity Potion"}],"is_trial":false,"path_per_floor":["M","M","?","?","$","R","E","?","T","M","?","M","E","M","R","B",null,"M","M","M","?","M","R","E","R","T","M","?","?","?","$","R","B",null,"M","?","M","M","M","E","$","M","T","R","M","R","?","?","R","B"],"character_chosen":"THE_BUGKNIGHT","items_purchased":["HollowMod:MantisClawRelic","Forethought"],"campfire_rested":0,"item_purchase_floors":[31,31],"current_hp_per_floor":[75,75,77,65,65,65,74,79,79,85,85,83,47,55,55,18,90,66,54,56,56,39,39,49,49,49,44,28,29,29,44,44,29,68,55,55,65,49,28,6,21,27,27,27,12,12,12,12,12,0,0],"gold":224,"neow_bonus":"THREE_ENEMY_KILL","is_daily":false,"chose_seed":false,"campfire_upgraded":7,"win_rate":0.0,"timestamp":1613734547,"path_taken":["M","?","?","?","$","R","E","?","T","?","?","M","E","M","R","BOSS","M","M","M","?","M","R","E","R","T","M","?","?","?","$","R","BOSS","M","?","M","M","M","E","$","M","T","R","M","R","?","?","R","BOSS"],"items_purchased_type":["Relic","Card"],"build_version":"2020-12-22","purchased_purges":3,"victory":false,"max_hp_per_floor":[75,75,77,77,77,77,79,84,84,86,86,88,88,90,90,90,90,92,94,94,94,94,94,94,94,94,96,96,98,68,68,68,68,68,68,68,70,70,72,72,72,74,74,74,74,74,74,74,74,74,74],"card_choices":[{"not_picked":[],"picked":"EpicFetus","floor":0},{"not_picked":["HollowMod:HeavyBlow","HollowMod:CoiledNail"],"picked":"HollowMod:CloakDash","floor":1},{"not_picked":["HollowMod:MidwifesHunger","HollowMod:ShadowDash"],"picked":"HollowMod:ChannelNail","floor":2},{"not_picked":["HollowMod:SharpenedShadows","HollowMod:BlackTendrils","HollowMod:InfectedCysts"],"picked":"Singing Bowl","floor":3},{"not_picked":["HollowMod:NewJinnsSoul","HollowMod:HeavyBlow","HollowMod:GrimmsGift"],"picked":"Singing Bowl","floor":7},{"not_picked":["HollowMod:ChannelNail","HollowMod:DescendingDark","HollowMod:GreatSlash"],"picked":"Singing Bowl","floor":10},{"not_picked":["HollowMod:LifebloodCocoon","HollowMod:MawleksShell","HollowMod:NewJinnsSoul"],"picked":"Singing Bowl","floor":12},{"not_picked":["HollowMod:SoulShaman","HollowMod:Grubsong"],"picked":"HollowMod:HuntersJournal","floor":13},{"not_picked":["HollowMod:FallenFury","HollowMod:SiblingsShadow","HollowMod:DoubleDash"],"picked":"Singing Bowl","floor":14},{"not_picked":["HollowMod:ElderbugsWisdom","HollowMod:ZotesMagnificence"],"picked":"HollowMod:Hiveblood","floor":16},{"not_picked":["HollowMod:FallenFury","HollowMod:InfectedCysts","HollowMod:AbyssShriek"],"picked":"Singing Bowl","floor":18},{"not_picked":["HollowMod:DoubleDash","HollowMod:MawleksShell","HollowMod:ChannelNail"],"picked":"Singing Bowl","floor":19},{"not_picked":["HollowMod:GrimmsGift","HollowMod:ZotesMagnificence"],"picked":"HollowMod:HowlingWraiths+1","floor":20},{"not_picked":["HollowMod:ShadowDash","HollowMod:DoubleDash"],"picked":"HollowMod:DungDefenderAura+1","floor":22},{"not_picked":["HollowMod:DreamGate","HollowMod:SoulStrike"],"picked":"HollowMod:Weaversong","floor":24},{"not_picked":["HollowMod:SiblingsSouls","HollowMod:WraithStrike+1","HollowMod:NewJinnsSoul+1"],"picked":"Singing Bowl","floor":27},{"not_picked":["HollowMod:DesolateDive","HollowMod:WraithStrike","HollowMod:ShadowDash"],"picked":"Singing Bowl","floor":29},{"not_picked":["HollowMod:AwokenDreamNail","HollowMod:ElderbugsWisdom"],"picked":"HollowMod:SlysStrikes","floor":33},{"not_picked":["HollowMod:Grubsong","HollowMod:VengefulSpirit"],"picked":"HollowMod:SoulVessel+1","floor":35},{"not_picked":["HollowMod:ShadowDash+1","HollowMod:ChannelNail","HollowMod:FallenFury+1"],"picked":"Singing Bowl","floor":37},{"not_picked":["HollowMod:InfectedAttack+1","HollowMod:VengefulVoid+1"],"picked":"HollowMod:ChannelNail+1","floor":38},{"not_picked":["HollowMod:CloakDash+1","HollowMod:InfectedAttack+1","HollowMod:LifebloodCocoon"],"picked":"Singing Bowl","floor":39},{"not_picked":["HollowMod:QuirrelsAssistance+1","HollowMod:InfectedAttack+1"],"picked":"HollowMod:Hiveblood","floor":40},{"not_picked":["HollowMod:VengefulSpirit","HollowMod:SiblingsSouls","HollowMod:SiblingsShadow+1"],"picked":"Singing Bowl","floor":42}],"player_experience":659138,"relics_obtained":[{"floor":3,"key":"Singing Bowl"},{"floor":3,"key":"Boot"},{"floor":7,"key":"D6"},{"floor":9,"key":"EdensBlessing"},{"floor":13,"key":"MealTicket"},{"floor":24,"key":"Anchor"},{"floor":26,"key":"SharpPlug"},{"floor":28,"key":"Enchiridion"},{"floor":29,"key":"HollowMod:GreatKnightMask"},{"floor":40,"key":"Diplopia"}],"event_choices":[{"damage_healed":0,"gold_gain":0,"player_choice":"Fight","damage_taken":0,"max_hp_gain":0,"max_hp_loss":0,"event_name":"HidenRoomEvent","floor":3,"gold_loss":0},{"damage_healed":0,"gold_gain":0,"player_choice":"Success","damage_taken":12,"relics_obtained":["CeramicFish"],"max_hp_gain":0,"max_hp_loss":0,"event_name":"Scrap Ooze","floor":4,"gold_loss":0},{"damage_healed":0,"gold_gain":0,"player_choice":"Donut","damage_taken":0,"max_hp_gain":5,"max_hp_loss":0,"event_name":"Big Fish","floor":8,"gold_loss":0},{"cards_removed":["HollowMod:QuickDashStart"],"damage_healed":0,"gold_gain":0,"player_choice":"Card Removal","damage_taken":0,"max_hp_gain":0,"max_hp_loss":0,"event_name":"The Cleric","floor":11,"gold_loss":50},{"damage_healed":0,"gold_gain":0,"player_choice":"Obtained Relic","damage_taken":0,"relics_obtained":["HollowMod:PaleOreRelic"],"max_hp_gain":0,"max_hp_loss":0,"event_name":"Addict","floor":21,"gold_loss":85},{"damage_healed":0,"gold_gain":0,"player_choice":"Obtained Book","damage_taken":16,"max_hp_gain":0,"max_hp_loss":0,"event_name":"Cursed Tome","floor":28,"gold_loss":0},{"damage_healed":0,"gold_gain":0,"player_choice":"Became a vampire","damage_taken":0,"max_hp_gain":0,"max_hp_loss":30,"event_name":"Vampires","floor":30,"gold_loss":0,"cards_obtained":["Bite","Bite","Bite","Bite","Bite"]},{"cards_removed":["Bite"],"damage_healed":0,"gold_gain":0,"player_choice":"Removed Attack","damage_taken":0,"max_hp_gain":0,"max_hp_loss":0,"event_name":"Falling","floor":36,"gold_loss":0},{"damage_healed":0,"gold_gain":0,"player_choice":"Ignored","damage_taken":0,"max_hp_gain":0,"max_hp_loss":0,"event_name":"Tomb of Lord Red Mask","floor":48,"gold_loss":0}],"is_beta":false,"boss_relics":[{"not_picked":["Tiny House","Runic Pyramid"],"picked":"Philosopher\u0027s Stone"},{"not_picked":[]},{"not_picked":["Velvet Choker","Cursed Key"],"picked":"Coffee Dripper"},{"not_picked":[]}],"items_purged_floors":[5,31,41],"is_endless":false,"potions_floor_spawned":[2,7,10,12,18,27,29,33,35,39,42,45],"killed_by":"Awakened One","ascension_level":0}}