{"host":"scy0o1xotfn36lpl","time":1613739892,"event":{"mods":["AchievementEnabler","Aspiration","BaseMod","Better Altar","Better Note","Better Sensory Stone","Better Skull","Better Third Choice","Colored Map","Curses Come First","Downfall","GifTheSpireLib","Googly Eyes","Highlight Path","Minty Spire (QoL Compilation)","Permanent Neow","Spicy Shops","StSLib","everything is the same but u backflip on backflip"],"gold_per_floor":[116,116,128,25,25,55,55,75,75,108,128,162,162,182,182,284,284,303,303,317,335,335,387,387,16,16,16,44,44,44,56,56,161,161,178,188,188,0,50,50,80,95,95,125,75,75,75,105,105,105],"floor_reached":51,"language":"ENG","playtime":3052,"items_purged":["Injury","Writhe"],"score":918,"play_id":"d3d28013-bf5a-4be2-bd52-fef886bc55b7","local_time":"20210219050452","is_ascension_mode":true,"campfire_choices":[{"floor":13.0,"key":"REST"},{"data":"Blind","floor":15.0,"key":"SMITH"},{"data":"Rage","floor":24.0,"key":"SMITH"},{"data":"Offering","floor":27.0,"key":"SMITH"},{"data":"Double Tap","floor":30.0,"key":"SMITH"},{"floor":32.0,"key":"DIG"},{"data":"1","floor":40,"key":"LIFT"},{"data":"2","floor":47,"key":"LIFT"},{"data":"3","floor":49,"key":"LIFT"}],"circlet_count":0,"master_deck":["Strike_R","Strike_R","Strike_R+1","Strike_R","Defend_R","Defend_R+1","Defend_R+1","Defend_R","Bash","Rampage","Bash","Blind+1","Hemokinesis+1","Shrug It Off","Injury","Rampage+1","Rage","Anger+1","Metallicize+1","Twin Strike+1","Double Tap+1","Blood for Blood+1","Forethought","HandOfGreed+1","Headbutt+1","Thunderclap+1","Rage+1","Offering+1","Ghostly Armor","Twin Strike+1","Double Tap","Seeing Red+1","Anger+1","Armaments+1","Barricade+1","Anger+1","Reaper+1","Carnage+1"],"relics":["Burning Blood","Orichalcum","Frozen Egg 2","Molten Egg 2","Whetstone","Magic Flower","War Paint","aspiration:HummingbirdHeart","aspiration:PoetsPen_weak","aspiration:HatOfInfinitePower","MealTicket","Oddly Smooth Stone","Mango","Shovel","Smiling Mask","Girya","Fusion Hammer","Red Mask","Lizard Tail","Bag of Preparation","aspiration:Lifesprig","Pen Nib","Question Card"],"acts_visited":["Exordium","TheCity","TheBeyond"],"potions_floor_usage":[33,33,41,50,50,50],"damage_taken":[{"damage":0.0,"enemies":"2 Louse","floor":1.0,"turns":3.0},{"damage":0.0,"enemies":"Cultist","floor":3.0,"turns":3.0},{"damage":20.0,"enemies":"Gremlin Nob","floor":6.0,"turns":5.0},{"damage":1.0,"enemies":"Small Slimes","floor":8.0,"turns":3.0},{"damage":13.0,"enemies":"3 Sentries","floor":10.0,"turns":7.0},{"damage":0.0,"enemies":"Red Slaver","floor":11.0,"turns":3.0},{"damage":9.0,"enemies":"Lagavulin","floor":12.0,"turns":6.0},{"damage":2.0,"enemies":"Looter","floor":14.0,"turns":3.0},{"damage":10.0,"enemies":"The Guardian","floor":16.0,"turns":10.0},{"damage":6.0,"enemies":"Shell Parasite","floor":18.0,"turns":4.0},{"damage":14.0,"enemies":"Spheric Guardian","floor":20.0,"turns":4.0},{"damage":12.0,"enemies":"Snake Plant","floor":21.0,"turns":3.0},{"damage":16.0,"enemies":"Slavers","floor":23.0,"turns":5.0},{"damage":17.0,"enemies":"Book of Stabbing","floor":28.0,"turns":4.0},{"damage":3.0,"enemies":"Snecko","floor":31.0,"turns":3.0},{"damage":35,"enemies":"Collector","floor":33,"turns":7},{"damage":34,"enemies":"3 Shapes","floor":35,"turns":3},{"damage":8,"enemies":"Orb Walker","floor":36,"turns":2},{"damage":12,"enemies":"Mind Bloom Boss Battle","floor":39,"turns":5},{"damage":40,"enemies":"Reptomancer","floor":41,"turns":4},{"damage":6,"enemies":"Spire Growth","floor":42,"turns":3},{"damage":8,"enemies":"Nemesis","floor":44,"turns":3},{"damage":0,"enemies":"Reptomancer","floor":48,"turns":2},{"damage":50,"enemies":"Awakened One","floor":50,"turns":9}],"seed_played":"-6293621976955795411","potions_obtained":[{"floor":1.0,"key":"BlessingOfTheForge"},{"floor":6.0,"key":"Dexterity Potion"},{"floor":7.0,"key":"Fire Potion"},{"floor":7.0,"key":"Ancient Potion"},{"floor":11.0,"key":"BlessingOfTheForge"},{"floor":31.0,"key":"SpeedPotion"},{"floor":36,"key":"PowerPotion"},{"floor":42,"key":"FearPotion"},{"floor":48,"key":"sneckomod:MuddlingPotion"}],"is_trial":false,"path_per_floor":["M","?","M","$","?","E","?","M","T","E","M","E","R","M","R","B",null,"M","?","M","M","?","E","R","$","T","R","E","T","R","M","R","B",null,"M","M","?","?","?","R","E","M","T","E","$","?","R","E","R","B",null],"character_chosen":"IRONCLAD","items_purchased":["Frozen Egg 2","Oddly Smooth Stone","Offering"],"campfire_rested":1,"item_purchase_floors":[4,25,25],"current_hp_per_floor":[80,80,80,80,80,66,66,71,71,67,76,76,80,80,80,79,80,80,80,75,72,72,65,65,80,94,94,86,86,86,92,92,66,94,69,70,94,94,91,91,60,63,63,64,79,79,79,88,88,81],"gold":105,"neow_bonus":"RANDOM_COMMON_RELIC","is_daily":false,"chose_seed":false,"campfire_upgraded":4,"win_rate":0.0,"timestamp":1613739892,"path_taken":["M","?","?","$","?","E","?","?","T","E","M","E","R","M","R","BOSS","M","?","M","M","?","E","R","?","T","R","E","?","R","M","R","BOSS","M","M","?","?","?","R","E","M","T","E","$","?","R","E","R","BOSS"],"items_purchased_type":["Relic","Relic","Card"],"build_version":"2020-12-22","purchased_purges":2,"victory":true,"max_hp_per_floor":[80,80,80,80,80,80,80,80,80,80,80,80,80,80,80,80,80,80,80,80,80,80,80,80,80,94,94,94,94,94,94,94,94,94,94,94,94,94,94,94,94,94,94,94,94,94,94,94,94,94],"card_choices":[{"not_picked":["Metallicize","Headbutt"],"picked":"Rampage","floor":1.0},{"not_picked":["Sword Boomerang","Sever Soul"],"picked":"Shrug It Off","floor":3.0},{"not_picked":["Shrug It Off","Rage"],"picked":"Rampage+1","floor":6.0},{"not_picked":["Second Wind","Anger+1"],"picked":"Rage","floor":8.0},{"not_picked":["Pummel+1","Blood for Blood+1"],"picked":"Anger+1","floor":10.0},{"not_picked":["Cleave+1","Perfected Strike+1"],"picked":"Metallicize+1","floor":11.0},{"not_picked":["Entrench","Shockwave","Cleave+1"],"picked":"SKIP","floor":12.0},{"not_picked":["Shockwave","Pummel+1"],"picked":"Twin Strike+1","floor":14.0},{"not_picked":["Reaper+1","Berserk+1"],"picked":"Double Tap","floor":16.0},{"not_picked":["Dual Wield","Metallicize+1"],"picked":"Blood for Blood+1","floor":18.0},{"not_picked":["Panacea","Dark Shackles"],"picked":"Forethought","floor":19.0},{"not_picked":["Dark Shackles","Trip"],"picked":"HandOfGreed+1","floor":19.0},{"not_picked":["Warcry","Combust+1"],"picked":"Headbutt+1","floor":20.0},{"not_picked":["Burning Pact+1","Whirlwind+1"],"picked":"Thunderclap+1","floor":21.0},{"not_picked":["Pummel+1","Ghostly Armor"],"picked":"Rage","floor":23.0},{"not_picked":["Shrug It Off","Perfected Strike+1"],"picked":"Ghostly Armor","floor":28.0},{"not_picked":["Sever Soul+1","Power Through+1"],"picked":"Twin Strike+1","floor":31.0},{"not_picked":["Brutality+1","Impervious"],"picked":"Double Tap","floor":33},{"not_picked":["Anger+1","Flex"],"picked":"Seeing Red+1","floor":35},{"not_picked":["Thunderclap+1","Bloodletting"],"picked":"Anger+1","floor":36},{"not_picked":["Warcry+1","Clash+1"],"picked":"Armaments+1","floor":39},{"not_picked":["Shrug It Off","Hemokinesis+1"],"picked":"Barricade+1","floor":41},{"not_picked":["Metallicize+1","Body Slam+1"],"picked":"Anger+1","floor":42},{"not_picked":["Headbutt+1","Infernal Blade"],"picked":"Reaper+1","floor":44},{"not_picked":["Second Wind","Juggernaut+1"],"picked":"Carnage+1","floor":48}],"player_experience":80894,"relics_obtained":[{"floor":6.0,"key":"Whetstone"},{"floor":9.0,"key":"Magic Flower"},{"floor":10.0,"key":"War Paint"},{"floor":12.0,"key":"aspiration:HummingbirdHeart"},{"floor":23.0,"key":"MealTicket"},{"floor":26.0,"key":"Mango"},{"floor":28.0,"key":"Shovel"},{"floor":29.0,"key":"Smiling Mask"},{"floor":32.0,"key":"Girya"},{"floor":39,"key":"Lizard Tail"},{"floor":41,"key":"Bag of Preparation"},{"floor":43,"key":"aspiration:Lifesprig"},{"floor":44,"key":"Pen Nib"},{"floor":48,"key":"Question Card"}],"event_choices":[{"damage_healed":0.0,"max_hp_gain":0.0,"max_hp_loss":0.0,"gold_gain":0.0,"event_name":"Match and Keep!","player_choice":"3 cards matched","floor":2.0,"gold_loss":0.0,"damage_taken":0.0,"cards_obtained":["Bash","Blind","Hemokinesis"]},{"damage_healed":0.0,"max_hp_gain":0.0,"max_hp_loss":0.0,"gold_gain":0.0,"event_name":"Lab","player_choice":"Got Potions","floor":7.0,"gold_loss":0.0,"damage_taken":0.0},{"damage_healed":0.0,"max_hp_gain":0.0,"max_hp_loss":0.0,"gold_gain":2.0,"event_name":"betterStone:BetterStone","player_choice":"1","floor":19.0,"gold_loss":0.0,"damage_taken":0.0},{"damage_healed":0.0,"max_hp_gain":0.0,"max_hp_loss":0.0,"gold_gain":0.0,"event_name":"The Mausoleum","player_choice":"Opened","floor":22.0,"gold_loss":0.0,"damage_taken":0.0,"relics_obtained":["aspiration:HatOfInfinitePower"]},{"damage_healed":24,"gold_gain":0,"player_choice":"Writhe","damage_taken":0,"max_hp_gain":0,"max_hp_loss":0,"event_name":"Winding Halls","floor":37,"gold_loss":0,"cards_obtained":["Writhe"]},{"damage_healed":0,"gold_gain":0,"player_choice":"Paid","damage_taken":0,"relics_obtained":["Red Mask"],"max_hp_gain":0,"max_hp_loss":0,"event_name":"Tomb of Lord Red Mask","floor":38,"gold_loss":188},{"damage_healed":0,"gold_gain":0,"player_choice":"Fight","damage_taken":0,"max_hp_gain":0,"max_hp_loss":0,"event_name":"MindBloom","floor":39,"gold_loss":0},{"cards_removed":["Strike_R"],"damage_healed":0,"gold_gain":0,"player_choice":"Removed Attack","damage_taken":0,"max_hp_gain":0,"max_hp_loss":0,"event_name":"Falling","floor":46,"gold_loss":0}],"is_beta":false,"boss_relics":[{"not_picked":["bronze:MakeshiftBattery","Ectoplasm"],"picked":"aspiration:PoetsPen_weak"},{"not_picked":["Sozu","aspiration:DefectSkillbook"],"picked":"Fusion Hammer"}],"items_purged_floors":[25,45],"is_endless":false,"potions_floor_spawned":[1,6,11,12,16,20,21,23,31,36,42,48],"ascension_level":2}}