{"host":"sfkslwp4t49i7lrt","time":1613739507,"event":{"mods":["Act Like it!","Arknights","BaseMod","Bestiary","Block Reminder","Downfall","Friendly Minions","Gensokyo","Highlight Path","Jorbs\u0027s Wanderer Trilogy","Lobotomy","Marisa????????","Minty Spire (QoL Compilation)","Relic Stats","StSLib","The Servant 0.9.4","everything is the same but u backflip on backflip","slay the spire mod where everything is the same but ironclad has a cowboy hat"],"gold_per_floor":[118,68,79,99,199,199,214,233,233,245,10,10,24,76,76,142,142,154,153,99,24,31,47,47,53,53,46,46,46,26,40,40,105,105,115,85,101,118,134,167,167,167,245,245,245,42,42,58,58,58,58,58],"floor_reached":50,"language":"ENG","playtime":3818,"items_purged":["Guardian:Strike_Guardian","downfall:Haunted"],"score":562,"play_id":"6f937fee-2736-44b5-875d-8db8c3eb4da8","local_time":"20210219195827","is_ascension_mode":false,"campfire_choices":[{"data":"Guardian:TwinSlam","floor":6.0,"key":"SMITH"},{"data":"Guardian:BronzeOrb","floor":12.0,"key":"SMITH"},{"data":"Flash of Steel","floor":15.0,"key":"SMITH"},{"data":"Guardian:Recover","floor":24.0,"key":"SMITH"},{"data":"Guardian:AncientConstruct","floor":28.0,"key":"SMITH"},{"data":"Guardian:SentryBeam","floor":32.0,"key":"SMITH"},{"data":"Guardian:FierceBash","floor":41.0,"key":"SMITH"},{"data":"Guardian:ChargeUp","floor":45.0,"key":"SMITH"},{"floor":47.0,"key":"RECALL"},{"floor":49.0,"key":"REST"}],"circlet_count":0,"master_deck":["Guardian:Strike_Guardian","Guardian:Strike_Guardian","Guardian:Strike_Guardian","Guardian:Defend_Guardian","Guardian:Defend_Guardian","Guardian:Defend_Guardian","Guardian:Defend_Guardian","Guardian:CurlUp","Guardian:TwinSlam+1","Guardian:ShieldCharger","Guardian:Recover+1","Guardian:ChargeUp+1","DespairKnight","Guardian:BronzeOrb+1","Bloodbath","Freischutz","Guardian:Incinerate","Guardian:TemporalStrike","Flash of Steel+1","FairyFestival","Guardian:AncientConstruct+1","Guardian:TemporalShield","MeltingLove","Guardian:BaubleBeam","Guardian:SentryBeam+1","Guardian:VentSteam","QueenOfHatred","Guardian:FierceBash+1","Guardian:PiercingHide+1","BlueStar","SnowQueen","Guardian:TemporalShield+1"],"relics":["Guardian:ModeShifter","CogitoBucket","Ice Cream","AdjustmentMirror","Lantern","Bag of Preparation","Cursed Key","LuminousBracelet","Bottled Tornado","Thread and Needle","ResearcherNote","AtMidnight","expansioncontent:StudyCardRelic","CaptainsWheel","Membership Card"],"acts_visited":["Exordium","TheCity","TheBeyond"],"potions_floor_usage":[],"damage_taken":[{"damage":13.0,"enemies":"Cultist","floor":1.0,"turns":5.0},{"damage":4.0,"enemies":"ats:Genji","floor":3.0,"turns":5.0},{"damage":9.0,"enemies":"Jaw Worm","floor":4.0,"turns":6.0},{"damage":12.0,"enemies":"Looter","floor":7.0,"turns":4.0},{"damage":28.0,"enemies":"Exordium Thugs","floor":8.0,"turns":8.0},{"damage":27.0,"enemies":"2 Fungi Beasts","floor":10.0,"turns":6.0},{"damage":5.0,"enemies":"Large Slime","floor":13.0,"turns":6.0},{"damage":19.0,"enemies":"The Guardian","floor":16.0,"turns":12.0},{"damage":16.0,"enemies":"Shell Parasite","floor":18.0,"turns":7.0},{"damage":10.0,"enemies":"Spheric Guardian","floor":19.0,"turns":3.0},{"damage":40.0,"enemies":"Centurion and Healer","floor":20.0,"turns":6.0},{"damage":16.0,"enemies":"Shelled Parasite and Fungi","floor":22.0,"turns":9.0},{"damage":47.0,"enemies":"Slavers","floor":23.0,"turns":11.0},{"damage":27.0,"enemies":"Snake Plant","floor":25.0,"turns":6.0},{"damage":32.0,"enemies":"Gremlin Leader","floor":27.0,"turns":8.0},{"damage":22.0,"enemies":"Centurion and Healer","floor":30.0,"turns":20.0},{"damage":0.0,"enemies":"Cultist and Chosen","floor":31.0,"turns":6.0},{"damage":52.0,"enemies":"Collector","floor":33.0,"turns":13.0},{"damage":2.0,"enemies":"3 Shapes","floor":35.0,"turns":8.0},{"damage":19.0,"enemies":"3 Darklings","floor":36.0,"turns":3.0},{"damage":15.0,"enemies":"4 Shapes","floor":37.0,"turns":4.0},{"damage":9.0,"enemies":"Transient","floor":38.0,"turns":5.0},{"damage":10.0,"enemies":"3 Darklings","floor":39.0,"turns":3.0},{"damage":15.0,"enemies":"Giant Head","floor":40.0,"turns":7.0},{"damage":9.0,"enemies":"Sphere and 2 Shapes","floor":44.0,"turns":3.0},{"damage":10.0,"enemies":"Jaw Worm Horde","floor":48.0,"turns":3.0},{"damage":48,"enemies":"Donu and Deca","floor":50,"turns":9}],"seed_played":"5872216621563546409","potions_obtained":[{"floor":1.0,"key":"LiquidMemories"},{"floor":4.0,"key":"GamblersBrew"},{"floor":8.0,"key":"Dexterity Potion"},{"floor":25.0,"key":"SkillPotion"},{"floor":31.0,"key":"Weak Potion"},{"floor":33.0,"key":"SpeedPotion"}],"is_trial":false,"path_per_floor":["M","$","M","M","?","R","M","M","T","M","$","R","M","T","R","B",null,"M","M","M","$","M","E","R","M","T","E","R","?","M","M","R","B",null,"M","M","M","M","M","E","R","?","T","M","R","$","R","M","R","B"],"character_chosen":"GUARDIAN","items_purchased":["Guardian:Recover","Flash of Steel","Lantern","Membership Card"],"campfire_rested":1,"item_purchase_floors":[2,11,11,46],"current_hp_per_floor":[67,67,69,66,66,66,60,46,46,45,45,45,59,59,59,50,80,72,68,51,51,52,45,45,27,27,40,40,40,65,55,55,28,55,55,39,31,29,26,20,20,20,20,17,17,17,17,7,20,0,0,0],"gold":58,"neow_bonus":"","is_daily":false,"chose_seed":false,"campfire_upgraded":8,"win_rate":0.0,"timestamp":1613739507,"path_taken":["M","?","M","M","?","R","M","M","T","?","$","R","M","?","R","BOSS","M","M","M","$","M","E","R","M","T","E","R","?","?","M","R","BOSS","M","M","M","M","M","E","R","?","T","M","R","$","R","M","R","BOSS"],"items_purchased_type":["Card","Card","Card","Relic"],"build_version":"2020-12-22","purchased_purges":2,"victory":false,"max_hp_per_floor":[80,80,80,80,80,80,80,80,80,80,80,80,80,80,80,80,80,80,80,95,95,95,95,95,85,85,75,75,75,65,55,55,55,55,55,45,45,45,45,45,45,45,45,45,45,45,45,45,45,45,45,45],"relic_stats":{"counters":[31,190],"Bag of Preparation":[42],"Cursed Key":1,"obtain_stats":[{"Ice Cream":9,"Lantern":11,"Guardian:ModeShifter":0,"LuminousBracelet":20,"Thread and Needle":27,"ResearcherNote":30,"Bag of Preparation":14,"expansioncontent:StudyCardRelic":34,"AdjustmentMirror":10,"Bottled Tornado":23,"Cursed Key":17,"CogitoBucket":0,"CaptainsWheel":40,"AtMidnight":30,"Membership Card":46},{"Ice Cream":5,"Lantern":7,"Guardian:ModeShifter":0,"LuminousBracelet":13,"Thread and Needle":17,"ResearcherNote":19,"Bag of Preparation":8,"expansioncontent:StudyCardRelic":21,"AdjustmentMirror":7,"Bottled Tornado":15,"Cursed Key":9,"CogitoBucket":0,"CaptainsWheel":27,"AtMidnight":19,"Membership Card":28},{"Ice Cream":28,"Lantern":35,"Guardian:ModeShifter":0,"LuminousBracelet":70,"Thread and Needle":104,"ResearcherNote":125,"Bag of Preparation":41,"expansioncontent:StudyCardRelic":144,"AdjustmentMirror":35,"Bottled Tornado":90,"Cursed Key":53,"CogitoBucket":0,"CaptainsWheel":174,"AtMidnight":125,"Membership Card":177}]},"card_choices":[{"not_picked":["CherryBlossoms","WallGazer"],"picked":"Woodsman","floor":1.0},{"not_picked":["Guardian:Gem_Red","Guardian:WalkerClaw"],"picked":"Guardian:ShieldCharger","floor":1.0},{"not_picked":["Guardian:Gem_Lightblue","Guardian:Gem_Red"],"picked":"Guardian:ChargeUp","floor":3.0},{"not_picked":["PunishingBird","OldLady"],"picked":"DespairKnight","floor":3.0},{"not_picked":["Guardian:Harden","Guardian:DonusPower","Guardian:Reroute"],"picked":"SKIP","floor":4.0},{"not_picked":["Guardian:ShieldSpikes","Guardian:SpikerProtocol"],"picked":"Guardian:BronzeOrb","floor":7.0},{"not_picked":["CrumblingArmor","Rudolta"],"picked":"Bloodbath","floor":7.0},{"not_picked":["Murderer","MHz"],"picked":"Freischutz","floor":8.0},{"not_picked":["Guardian:Gem_Lightblue","Guardian:Gem_White"],"picked":"Guardian:Incinerate","floor":8.0},{"not_picked":["Guardian:Reroute","Guardian:TimeSifter"],"picked":"Guardian:TemporalStrike","floor":10.0},{"not_picked":["Scorched","BlackSwan"],"picked":"FairyFestival","floor":13.0},{"not_picked":["Guardian:FloatingOrbs","Guardian:DonusPower","Guardian:RollAttack"],"picked":"SKIP","floor":13.0},{"not_picked":["Guardian:HyperBeam_Guardian","Guardian:ExploitGems"],"picked":"Guardian:AncientConstruct","floor":16.0},{"not_picked":["Guardian:Gem_Lightblue","Guardian:Gem_Green","Guardian:TemporalStrike+1"],"picked":"SKIP","floor":18.0},{"not_picked":["Guardian:Gem_White","Guardian:Incinerate+1"],"picked":"Guardian:TemporalShield","floor":19.0},{"not_picked":["HappyTeddy","VoidDream"],"picked":"MeltingLove","floor":20.0},{"not_picked":["Guardian:PrismaticBarrier","Guardian:Gem_Fragmented","Guardian:Planning+1"],"picked":"SKIP","floor":20.0},{"not_picked":["Guardian:PrismaticBarrier","Guardian:Gem_Fragmented","Guardian:Planning+1"],"picked":"SKIP","floor":20.0},{"not_picked":["Guardian:Reroute","Guardian:Repulse+1","Guardian:ShieldCharger"],"picked":"SKIP","floor":22.0},{"not_picked":["Guardian:Emergency","Guardian:MultiBeam"],"picked":"Guardian:BaubleBeam","floor":23.0},{"not_picked":["Guardian:ArmoredProtocol","Guardian:VentSteam"],"picked":"Guardian:SentryBeam","floor":25.0},{"not_picked":["Guardian:ShieldSpikes","Guardian:ChargeCore+1"],"picked":"Guardian:Gem_Lightblue","floor":27.0},{"not_picked":["Guardian:Clone","Guardian:PrismaticBarrier"],"picked":"Guardian:VentSteam","floor":30.0},{"not_picked":["BeautyBeast","MHz"],"picked":"QueenOfHatred","floor":31.0},{"not_picked":["Guardian:FastForward","Guardian:CrystalBeam","Guardian:Reroute"],"picked":"SKIP","floor":31.0},{"not_picked":["Guardian:FastForward","Guardian:CrystalBeam","Guardian:Reroute"],"picked":"SKIP","floor":31.0},{"not_picked":["Guardian:FastForward","Guardian:ExploitGems"],"picked":"Guardian:FierceBash","floor":33.0},{"not_picked":["Guardian:Preprogram","Guardian:TemporalStrike"],"picked":"Guardian:PiercingHide+1","floor":35.0},{"not_picked":["LongBird","BigBadWolf"],"picked":"BlueStar","floor":35.0},{"not_picked":["HappyTeddy","Laetitia"],"picked":"SnowQueen","floor":36.0},{"not_picked":["Guardian:ShieldCharger+1","Guardian:FuturePlans+1","Guardian:Recover"],"picked":"SKIP","floor":36.0},{"not_picked":["Guardian:Reroute+1","Guardian:BronzeArmor+1"],"picked":"Guardian:TemporalShield+1","floor":37.0},{"not_picked":["Guardian:ChargeUp+1","Guardian:GuardianWhirl+1","Guardian:SpikerProtocol+1"],"picked":"SKIP","floor":38.0},{"not_picked":["Guardian:CrystalBeam+1","Guardian:PiercingHide+1","Guardian:Recover+1"],"picked":"SKIP","floor":39.0},{"not_picked":["Guardian:FuturePlans+1","Guardian:Suspension+1","Guardian:ArmoredProtocol+1"],"picked":"SKIP","floor":40.0},{"not_picked":["Guardian:MultiBeam","Guardian:RefractedBeam+1"],"picked":"Guardian:Gem_Cyan","floor":44.0},{"not_picked":["Guardian:BronzeOrb+1","Guardian:RollAttack","Guardian:ShieldCharger+1"],"picked":"SKIP","floor":48.0}],"player_experience":471678,"relics_obtained":[{"floor":9.0,"key":"Ice Cream"},{"floor":14.0,"key":"Bag of Preparation"},{"floor":23.0,"key":"Bottled Tornado"},{"floor":27.0,"key":"Thread and Needle"},{"floor":30.0,"key":"AtMidnight"},{"floor":40.0,"key":"CaptainsWheel"}],"event_choices":[{"damage_healed":0.0,"max_hp_gain":0.0,"max_hp_loss":0.0,"gold_gain":100.0,"event_name":"Golden Shrine","player_choice":"Pray","floor":5.0,"gold_loss":0.0,"damage_taken":0.0},{"cards_removed":["Woodsman"],"damage_healed":0.0,"max_hp_gain":0.0,"max_hp_loss":0.0,"gold_gain":0.0,"event_name":"Purifier","player_choice":"Purged","floor":29.0,"gold_loss":0.0,"damage_taken":0.0},{"damage_healed":0.0,"max_hp_gain":0.0,"max_hp_loss":0.0,"gold_gain":0.0,"event_name":"The Moai Head","player_choice":"Ignored","floor":42.0,"gold_loss":0.0,"damage_taken":0.0}],"is_beta":false,"boss_relics":[{"not_picked":["Astrolabe","Busted Crown"],"picked":"Cursed Key"},{"not_picked":["Guardian:StasisSlotReductionRelic","SacredBark"],"picked":"expansioncontent:StudyCardRelic"}],"items_purged_floors":[21,46],"is_endless":false,"potions_floor_spawned":[1,4,8,13,19,23,25,31,33,38,40,44],"killed_by":"Donu and Deca","ascension_level":0}}