{"host":"f5gffvlv6a66yqkd","time":1613733515,"event":{"mods":["2.2 Compatiblity","BaseMod","Colored Map","Custom Start","DeckTracker","Keyboard Shortcuts","Minty Spire (QoL Compilation)","Permanent Neow","Quick Restart","Relic Stats","StSLib","SuperFastMode"],"gold_per_floor":[10,24,41,58,77,77,77,77,77,77,89,89,102,27,27,99,99,112,112,123,23,38,38,72,72,72,72,89,189,240,260,260,335,335,354,354,354,373,81,113,113,113,113,129,144,144,155,167,167,167,167,167,17,51,51,51],"floor_reached":55,"language":"KOR","playtime":1749,"items_purged":["Strike_P","Strike_P","Strike_P","Defend_P"],"score":1583,"play_id":"0b3d0876-21e5-4492-98aa-3b5b49fa5dfd","local_time":"20210219201835","is_ascension_mode":true,"campfire_choices":[{"data":"Eruption","floor":6.0,"key":"SMITH"},{"data":"Wallop","floor":8.0,"key":"SMITH"},{"floor":12.0,"key":"RECALL"},{"data":"WheelKick","floor":15.0,"key":"SMITH"},{"floor":23.0,"key":"REST"},{"data":"TalkToTheHand","floor":27.0,"key":"SMITH"},{"floor":32.0,"key":"REST"},{"data":"Apotheosis","floor":41.0,"key":"SMITH"},{"floor":46.0,"key":"REST"},{"data":"MentalFortress","floor":49.0,"key":"SMITH"},{"data":"TalkToTheHand","floor":52.0,"key":"SMITH"}],"circlet_count":0,"master_deck":["AscendersBane","Defend_P","Defend_P","Defend_P","Eruption+1","Vigilance","Wallop+1","Consecrate","InnerPeace","WheelKick+1","Brilliance","Pray","EmptyMind","Tantrum+1","TalkToTheHand+1","Adaptation","Prostrate+1","Flash of Steel","Apotheosis+1","Adaptation","TalkToTheHand+1","Vault","MentalFortress+1","FearNoEvil+1"],"relics":["PureWater","Prayer Wheel","InkBottle","VioletLotus","Darkstone Periapt","Sundial","Mango","Singing Bowl","Ancient Tea Set","Runic Pyramid","Orrery","Pear","Anchor"],"acts_visited":["Exordium","TheCity","TheBeyond","TheEnding"],"potions_floor_usage":[],"damage_taken":[{"damage":1.0,"enemies":"2 Louse","floor":1.0,"turns":4.0},{"damage":4.0,"enemies":"Small Slimes","floor":2.0,"turns":3.0},{"damage":4.0,"enemies":"Jaw Worm","floor":3.0,"turns":4.0},{"damage":6.0,"enemies":"3 Louse","floor":4.0,"turns":3.0},{"damage":0.0,"enemies":"2 Fungi Beasts","floor":5.0,"turns":3.0},{"damage":1.0,"enemies":"Looter","floor":11.0,"turns":3.0},{"damage":0.0,"enemies":"Blue Slaver","floor":13.0,"turns":3.0},{"damage":0.0,"enemies":"Slime Boss","floor":16.0,"turns":4.0},{"damage":11.0,"enemies":"Shell Parasite","floor":18.0,"turns":3.0},{"damage":18.0,"enemies":"Chosen","floor":20.0,"turns":4.0},{"damage":11.0,"enemies":"Snake Plant","floor":22.0,"turns":2.0},{"damage":0.0,"enemies":"Gremlin Leader","floor":24.0,"turns":4.0},{"damage":0.0,"enemies":"3 Cultists","floor":28.0,"turns":3.0},{"damage":0.0,"enemies":"Colosseum Slavers","floor":29.0,"turns":1.0},{"damage":28.0,"enemies":"Colosseum Nobs","floor":29.0,"turns":5.0},{"damage":14.0,"enemies":"Centurion and Healer","floor":31.0,"turns":4.0},{"damage":22.0,"enemies":"Automaton","floor":33.0,"turns":6.0},{"damage":34.0,"enemies":"3 Darklings","floor":35.0,"turns":4.0},{"damage":5.0,"enemies":"3 Shapes","floor":38.0,"turns":4.0},{"damage":0.0,"enemies":"Reptomancer","floor":40.0,"turns":3.0},{"damage":7.0,"enemies":"Spire Growth","floor":44.0,"turns":3.0},{"damage":20.0,"enemies":"Writhing Mass","floor":45.0,"turns":4.0},{"damage":0.0,"enemies":"Maw","floor":47.0,"turns":4.0},{"damage":1.0,"enemies":"Sphere and 2 Shapes","floor":48.0,"turns":5.0},{"damage":52.0,"enemies":"Time Eater","floor":50.0,"turns":7.0},{"damage":53,"enemies":"Shield and Spear","floor":54,"turns":4},{"damage":68,"enemies":"The Heart","floor":55,"turns":2}],"seed_played":"-5196985164280944455","potions_obtained":[{"floor":3.0,"key":"SkillPotion"},{"floor":5.0,"key":"AttackPotion"},{"floor":13.0,"key":"Ancient Potion"},{"floor":20.0,"key":"Fire Potion"},{"floor":22.0,"key":"DistilledChaos"},{"floor":24.0,"key":"BottledMiracle"},{"floor":29.0,"key":"Explosive Potion"},{"floor":38.0,"key":"DistilledChaos"},{"floor":40.0,"key":"Regen Potion"},{"floor":47.0,"key":"Dexterity Potion"}],"is_trial":false,"path_per_floor":["M","M","M","M","M","R","?","R","T","?","M","R","M","$","R","B",null,"M","?","M","$","M","R","E","?","T","R","M","?","T","M","R","B",null,"M","?","?","M","$","E","R","?","T","M","M","R","M","M","R","B",null,"R","$","E","B"],"character_chosen":"WATCHER","items_purchased":["Orrery"],"campfire_rested":3,"item_purchase_floors":[39],"current_hp_per_floor":[60,56,52,46,46,46,46,46,46,46,45,45,45,45,45,45,62,51,51,33,33,22,42,42,42,42,42,42,30,30,20,46,26,74,42,34,34,33,43,55,55,55,55,50,34,71,71,74,74,34,106,106,106,53,0,0],"gold":51,"neow_bonus":"ONE_RARE_RELIC","is_daily":false,"chose_seed":false,"campfire_upgraded":7,"win_rate":0.0,"timestamp":1613733515,"path_taken":["M","M","M","M","M","R","?","R","T","?","M","R","M","?","R","BOSS","M","?","M","$","M","R","E","?","T","R","M","?","?","?","R","BOSS","M","?","?","?","$","E","R","?","T","M","M","R","M","M","R","BOSS","R","$","E","BOSS"],"items_purchased_type":["Relic"],"build_version":"2020-12-22","purchased_purges":4,"victory":false,"max_hp_per_floor":[68,68,68,68,68,68,68,68,68,68,68,68,68,68,68,68,68,68,68,68,68,68,68,68,68,68,68,68,84,84,88,88,90,90,92,94,94,98,108,120,120,120,120,122,126,126,126,130,130,130,130,130,130,130,130,130],"relic_stats":{"Darkstone Periapt":0,"Singing Bowl":38,"counters":[27,99],"Sundial":[16],"Prayer Wheel":18,"VioletLotus":[44],"obtain_stats":[{"Darkstone Periapt":24,"Pear":40,"Singing Bowl":29,"Mango":29,"Ancient Tea Set":30,"Anchor":54,"Sundial":26,"Orrery":39,"Prayer Wheel":0,"VioletLotus":17,"PureWater":0,"InkBottle":9,"Runic Pyramid":34},{"Darkstone Periapt":12,"Pear":20,"Singing Bowl":15,"Mango":15,"Ancient Tea Set":15,"Anchor":26,"Sundial":12,"Orrery":19,"Prayer Wheel":0,"VioletLotus":8,"PureWater":0,"InkBottle":5,"Runic Pyramid":17},{"Darkstone Periapt":40,"Pear":70,"Singing Bowl":49,"Mango":49,"Ancient Tea Set":49,"Anchor":97,"Sundial":40,"Orrery":67,"Prayer Wheel":0,"VioletLotus":27,"PureWater":0,"InkBottle":17,"Runic Pyramid":59}],"InkBottle":[39]},"card_choices":[{"not_picked":["ClearTheMind","CutThroughFate"],"picked":"Wallop","floor":1.0},{"not_picked":["Protect","SashWhip","Crescendo"],"picked":"SKIP","floor":1.0},{"not_picked":["Crescendo","FlyingSleeves"],"picked":"Consecrate","floor":2.0},{"not_picked":["SandsOfTime","ConjureBlade","EmptyBody"],"picked":"SKIP","floor":2.0},{"not_picked":["PathToVictory","Evaluate"],"picked":"InnerPeace","floor":3.0},{"not_picked":["ThirdEye","CrushJoints","BowlingBash"],"picked":"SKIP","floor":3.0},{"not_picked":["MasterReality","Prostrate","PathToVictory"],"picked":"SKIP","floor":4.0},{"not_picked":["EmptyFist","Meditate","FollowUp"],"picked":"SKIP","floor":4.0},{"not_picked":["SandsOfTime","ClearTheMind"],"picked":"WheelKick","floor":5.0},{"not_picked":["JustLucky","FlyingSleeves","Weave"],"picked":"SKIP","floor":5.0},{"not_picked":["Indignation","Evaluate","ReachHeaven"],"picked":"SKIP","floor":11.0},{"not_picked":["SandsOfTime","Study","DevaForm"],"picked":"SKIP","floor":11.0},{"not_picked":["Indignation","Consecrate","Evaluate"],"picked":"SKIP","floor":13.0},{"not_picked":["FlyingSleeves","EmptyBody","JustLucky"],"picked":"SKIP","floor":13.0},{"not_picked":["SpiritShield","ConjureBlade"],"picked":"Brilliance","floor":16.0},{"not_picked":["Protect","LikeWater"],"picked":"Pray","floor":18.0},{"not_picked":["EmptyMind","SandsOfTime","Vengeance"],"picked":"SKIP","floor":18.0},{"not_picked":["SandsOfTime","Vengeance"],"picked":"EmptyMind","floor":18.0},{"not_picked":["PathToVictory","Weave","EmptyBody"],"picked":"SKIP","floor":20.0},{"not_picked":["BowlingBash","Study","Evaluate"],"picked":"SKIP","floor":20.0},{"not_picked":["Swivel","Halt"],"picked":"Tantrum+1","floor":22.0},{"not_picked":["CutThroughFate","Worship","Meditate"],"picked":"SKIP","floor":22.0},{"not_picked":["WaveOfTheHand","Tantrum"],"picked":"TalkToTheHand","floor":24.0},{"not_picked":["EmptyFist","Meditate"],"picked":"Adaptation","floor":28.0},{"not_picked":["Alpha","Vengeance","ClearTheMind"],"picked":"SKIP","floor":28.0},{"not_picked":["EmptyFist","PathToVictory","Evaluate"],"picked":"Singing Bowl","floor":29.0},{"not_picked":["BowlingBash","Perseverance","Protect"],"picked":"Singing Bowl","floor":31.0},{"not_picked":["BattleHymn","EmptyBody","ClearTheMind+1"],"picked":"Singing Bowl","floor":31.0},{"not_picked":["Brilliance","Devotion","Ragnarok"],"picked":"Singing Bowl","floor":33.0},{"not_picked":["FlyingSleeves","CutThroughFate","Tantrum"],"picked":"Singing Bowl","floor":35.0},{"not_picked":["Evaluate","EmptyFist+1"],"picked":"Prostrate+1","floor":35.0},{"not_picked":["The Bomb","Dark Shackles"],"picked":"Flash of Steel","floor":36.0},{"not_picked":["Trip","Purity"],"picked":"Apotheosis","floor":36.0},{"not_picked":["Bandage Up","Impatience","Panache"],"picked":"Singing Bowl","floor":36.0},{"not_picked":["Indignation","ClearTheMind+1","CarveReality"],"picked":"Singing Bowl","floor":38.0},{"not_picked":["Evaluate+1","BowlingBash","Fasting2+1"],"picked":"Singing Bowl","floor":38.0},{"not_picked":["SpiritShield","ReachHeaven","Sanctity"],"picked":"Singing Bowl","floor":39.0},{"not_picked":["EmptyBody","Wallop+1","Consecrate"],"picked":"Singing Bowl","floor":39.0},{"not_picked":["Indignation+1","FlurryOfBlows+1","DeceiveReality+1"],"picked":"Singing Bowl","floor":39.0},{"not_picked":["SashWhip+1","EmptyBody+1","Prostrate"],"picked":"Singing Bowl","floor":39.0},{"not_picked":["DeceiveReality","ConjureBlade","WreathOfFlame"],"picked":"Singing Bowl","floor":39.0},{"not_picked":["JustLucky","InnerPeace","Tantrum"],"picked":"Singing Bowl","floor":40.0},{"not_picked":["EmptyFist","Swivel","ReachHeaven"],"picked":"Singing Bowl","floor":44.0},{"not_picked":["FollowUp","BattleHymn"],"picked":"TalkToTheHand","floor":44.0},{"not_picked":["Nirvana","Protect","Prostrate"],"picked":"Singing Bowl","floor":45.0},{"not_picked":["EmptyFist","DeceiveReality","JustLucky+1"],"picked":"Singing Bowl","floor":45.0},{"not_picked":["Worship+1","ClearTheMind"],"picked":"Vault","floor":47.0},{"not_picked":["ReachHeaven+1","TalkToTheHand"],"picked":"MentalFortress","floor":47.0},{"not_picked":["Nirvana","BowlingBash+1","Halt+1"],"picked":"Singing Bowl","floor":48.0},{"not_picked":["FollowUp","Wallop","JustLucky"],"picked":"Singing Bowl","floor":48.0},{"not_picked":["CrushJoints","Evaluate"],"picked":"FearNoEvil+1","floor":54}],"player_experience":1516841,"relics_obtained":[{"floor":9.0,"key":"InkBottle"},{"floor":24.0,"key":"Darkstone Periapt"},{"floor":26.0,"key":"Sundial"},{"floor":29.0,"key":"Mango"},{"floor":29.0,"key":"Singing Bowl"},{"floor":30.0,"key":"Ancient Tea Set"},{"floor":40.0,"key":"Pear"},{"floor":54,"key":"Anchor"}],"event_choices":[{"cards_removed":["Strike_P"],"damage_healed":0.0,"max_hp_gain":0.0,"max_hp_loss":0.0,"gold_gain":0.0,"event_name":"Living Wall","player_choice":"Forget","floor":7.0,"gold_loss":0.0,"damage_taken":0.0},{"damage_healed":0.0,"max_hp_gain":0.0,"max_hp_loss":0.0,"gold_gain":0.0,"event_name":"Liars Game","player_choice":"Ignored","floor":10.0,"gold_loss":0.0,"damage_taken":0.0},{"damage_healed":0.0,"max_hp_gain":0.0,"max_hp_loss":0.0,"gold_gain":0.0,"event_name":"The Mausoleum","player_choice":"Ignored","floor":19.0,"gold_loss":0.0,"damage_taken":0.0},{"damage_healed":0.0,"max_hp_gain":0.0,"max_hp_loss":0.0,"gold_gain":0.0,"event_name":"Colosseum","player_choice":"Fight","floor":29.0,"gold_loss":0.0,"damage_taken":0.0},{"damage_healed":0.0,"max_hp_gain":0.0,"max_hp_loss":0.0,"gold_gain":0.0,"event_name":"Colosseum","player_choice":"Fought Nobs","floor":29.0,"gold_loss":0.0,"damage_taken":0.0},{"damage_healed":0.0,"max_hp_gain":0.0,"max_hp_loss":0.0,"gold_gain":0.0,"event_name":"SensoryStone","player_choice":"Memory 3","floor":36.0,"gold_loss":0.0,"damage_taken":10.0},{"damage_healed":0.0,"max_hp_gain":0.0,"max_hp_loss":0.0,"gold_gain":0.0,"event_name":"Duplicator","player_choice":"Copied","floor":37.0,"gold_loss":0.0,"damage_taken":0.0,"cards_obtained":["Adaptation"]},{"damage_healed":0.0,"max_hp_gain":0.0,"max_hp_loss":0.0,"gold_gain":0.0,"event_name":"SecretPortal","player_choice":"Ignored","floor":42.0,"gold_loss":0.0,"damage_taken":0.0}],"is_beta":false,"boss_relics":[{"not_picked":["Pandora\u0027s Box","Fusion Hammer"],"picked":"VioletLotus"},{"not_picked":["Runic Dome","Philosopher\u0027s Stone"],"picked":"Runic Pyramid"}],"items_purged_floors":[14,21,39,53],"is_endless":false,"potions_floor_spawned":[3,5,13,20,22,24,29,38,40,47,48],"killed_by":"The Heart","ascension_level":19}}