{"host":"ormi09wwzv7sq47a","time":1613770072,"event":{"mods":["2.2 Compatiblity","AchievementEnabler","Act Like it!","BaseMod","Bestiary","Better Altar","Better Note","Better Sensory Stone","Better Silent Start","Better Skull","Better Third Choice","Better Vampires","BetterRewards","Block Reminder","Card Forge","Colored Map","Colored Powertips","Curses Come First","DeckTracker","Downfall","Highlight Path","Minty Spire (QoL Compilation)","Permanent Neow","Quick Restart","Rare Cards Sparkle","Relic Stats","Shop Mod","StSLib","The Jungle"],"gold_per_floor":[119,133,152,168,180,210,210,238,238,238,0,0,12,26,26,130,130,143,162,176,28,47,47,76,76,103,103,119,153,153,166,166,262,262,280,280,298,298,313,313,327,377,377,377,402,402,7,21,21,21,21,21,21,52,52],"floor_reached":56,"language":"ENG","playtime":3371,"items_purged":["champ:Strike","champ:Defend"],"score":1812,"play_id":"de1834ef-d259-4540-8006-251a589f432d","local_time":"20210219192752","is_ascension_mode":true,"campfire_choices":[{"data":"champ:StrikeOfGenius","floor":7.0,"key":"SMITH"},{"data":"champ:EnchantCrown","floor":10.0,"key":"SMITH"},{"data":"champ:StanceDance","floor":12.0,"key":"SMITH"},{"data":"champ:StanceDance","floor":15.0,"key":"SMITH"},{"data":"champ:TripleStrike","floor":23.0,"key":"SMITH"},{"data":"champ:Duel","floor":25.0,"key":"SMITH"},{"data":"champ:PerfectedStrike","floor":32.0,"key":"SMITH"},{"floor":40.0,"key":"RECALL"},{"data":"champ:IronFortress","floor":44.0,"key":"SMITH"},{"data":"champ:SetATrap","floor":46.0,"key":"SMITH"},{"data":"champ:Execute","floor":49.0,"key":"SMITH"},{"data":"champ:FlashCut","floor":52.0,"key":"SMITH"}],"circlet_count":0,"master_deck":["champ:Strike","champ:Strike","champ:Strike","champ:Defend+1","champ:Defend+1","champ:Defend","champ:Execute+1","champ:Taunt","champ:StanceDance+1","champ:IronFortress+1","champ:Duel+1","Bandage Up","champ:SetATrap+1","champ:StanceDance+1","champ:StrikeOfGenius+1","champ:FlashCut","champ:FlashCut+1","champ:EnchantCrown+1","champ:FocusedDefense+1","champ:TripleStrike+1","champ:ShieldWall+1","champ:StanceDance+1","champ:PerfectedStrike+1","champ:FocusedDefense+1","champ:Lariat+1","champ:PerfectedStrike+1","champ:EnchantSword+1","champ:PerfectedStrike+1","champ:FancyFootwork+1","champ:UltimateStance+1","champ:FalseCounter+1","champ:RageSigil+1","champ:FocusedDefense+1"],"relics":["champ:ChampionCrownUpgraded","Hammer of Thor","Seething Fire","Anvil of the Gods","champ:DeflectingBracers","StrikeDummy","Bag of Preparation","Mango","Lantern","Boot","Toxic Egg 2","Oddly Smooth Stone","Smiling Mask","Happy Flower","Blood Vial","Slimebound:PreparedRelic","Coffee Dripper","Blue Candle","TungstenRod","Torii","Ornamental Fan","bronze:BronzeIdol","Kunai","War Paint"],"acts_visited":["Exordium","TheCity","TheBeyond","TheEnding"],"potions_floor_usage":[55,55],"damage_taken":[{"damage":10.0,"enemies":"Cultist","floor":1.0,"turns":3.0},{"damage":10.0,"enemies":"Jaw Worm","floor":2.0,"turns":3.0},{"damage":10.0,"enemies":"2 Louse","floor":3.0,"turns":2.0},{"damage":12.0,"enemies":"Looter","floor":4.0,"turns":3.0},{"damage":25.0,"enemies":"Exordium Wildlife","floor":5.0,"turns":4.0},{"damage":13.0,"enemies":"Lagavulin","floor":6.0,"turns":3.0},{"damage":28.0,"enemies":"3 Sentries","floor":8.0,"turns":5.0},{"damage":10.0,"enemies":"Large Slime","floor":13.0,"turns":4.0},{"damage":0.0,"enemies":"Looter","floor":14.0,"turns":2.0},{"damage":14.0,"enemies":"The Guardian","floor":16.0,"turns":7.0},{"damage":30.0,"enemies":"Chosen","floor":18.0,"turns":3.0},{"damage":5.0,"enemies":"3 Byrds","floor":19.0,"turns":4.0},{"damage":26.0,"enemies":"Snake Plant","floor":20.0,"turns":4.0},{"damage":20.0,"enemies":"Chosen and Byrds","floor":22.0,"turns":3.0},{"damage":30.0,"enemies":"Gremlin Leader","floor":24.0,"turns":7.0},{"damage":25.0,"enemies":"Centurion and Healer","floor":28.0,"turns":3.0},{"damage":66.0,"enemies":"Book of Stabbing","floor":29.0,"turns":5.0},{"damage":48.0,"enemies":"Shelled Parasite and Fungi","floor":31.0,"turns":3.0},{"damage":43.0,"enemies":"Collector","floor":33.0,"turns":5.0},{"damage":29.0,"enemies":"Orb Walker","floor":35.0,"turns":3.0},{"damage":36.0,"enemies":"3 Shapes","floor":37.0,"turns":3.0},{"damage":30.0,"enemies":"Transient","floor":39.0,"turns":5.0},{"damage":15.0,"enemies":"Maw","floor":41.0,"turns":3.0},{"damage":60.0,"enemies":"Mind Bloom Boss Battle","floor":42.0,"turns":3.0},{"damage":40.0,"enemies":"Giant Head","floor":45.0,"turns":3.0},{"damage":28.0,"enemies":"Sphere and 2 Shapes","floor":48.0,"turns":2.0},{"damage":48.0,"enemies":"Donu and Deca","floor":50.0,"turns":5.0},{"damage":29,"enemies":"Shield and Spear","floor":54,"turns":3},{"damage":110,"enemies":"The Heart","floor":55,"turns":10}],"seed_played":"7188921835615768239","potions_obtained":[{"floor":2.0,"key":"champ:TechniquePotion"},{"floor":3.0,"key":"Strength Potion"},{"floor":5.0,"key":"Ancient Potion"},{"floor":8.0,"key":"FairyPotion"},{"floor":22.0,"key":"ColorlessPotion"},{"floor":24.0,"key":"SkillPotion"},{"floor":28.0,"key":"PowerPotion"},{"floor":31.0,"key":"Strength Potion"},{"floor":35.0,"key":"DistilledChaos"},{"floor":42.0,"key":"Fire Potion"}],"is_trial":false,"path_per_floor":["M","M","M","M","M","E","R","E","T","R","$","R","M","M","R","B",null,"M","M","M","$","M","R","E","R","T","?","M","E","?","M","R","B",null,"M","?","M","?","M","R","M","?","T","R","E","R","$","M","R","B",null,"R","$","E","B",null],"character_chosen":"THE_CHAMP","items_purchased":["champ:StanceDance","StrikeDummy","champ:IronFortress","Bag of Preparation","champ:Duel","Bandage Up","champ:OpenerPotion","Toxic Egg 2","Oddly Smooth Stone","bronze:BronzeIdol","Kunai"],"campfire_rested":0,"item_purchase_floors":[0,0,0,0,0,0,0,11,21,47,47],"current_hp_per_floor":[54,58,62,64,53,54,54,40,40,40,40,40,44,48,48,38,104,104,104,98,98,102,102,84,84,84,57,63,18,52,55,55,28,104,99,99,95,90,96,96,102,104,104,104,104,104,104,104,104,104,104,104,104,104,32],"gold":52,"neow_bonus":"","is_daily":false,"chose_seed":false,"campfire_upgraded":11,"win_rate":0.0,"timestamp":1613770072,"path_taken":["M","M","?","M","?","E","R","E","T","R","?","R","M","M","R","BOSS","M","M","M","$","M","R","E","R","T","?","M","E","?","M","R","BOSS","M","?","M","?","M","R","M","?","T","R","E","R","$","M","R","BOSS","R","$","E","BOSS"],"items_purchased_type":["Card","Relic","Card","Relic","Card","Card","Potion","Relic","Relic","Relic","Relic"],"build_version":"2020-12-22","purchased_purges":2,"victory":true,"max_hp_per_floor":[104,104,104,104,104,104,104,104,104,104,104,104,104,104,104,104,104,104,104,104,104,104,104,104,104,104,104,104,104,104,104,104,104,104,104,104,104,104,104,104,104,104,104,104,104,104,104,104,104,104,104,104,104,104,104],"relic_stats":{"Happy Flower":[68],"Torii":33,"counters":[139,620],"Blue Candle":[0],"Bag of Preparation":[58],"War Paint":["champ:Defend","champ:Defend"],"Boot":[14],"Smiling Mask":0,"Blood Vial":16,"Ornamental Fan":[32],"Kunai":[8],"obtain_stats":[{"Gremlin Horn":7,"CeramicFish":31,"Hammer of Thor":0,"Whetstone":9,"Ginger":9,"Boot":9,"Sozu":34,"Blood Vial":39,"Centennial Puzzle":20,"downfall:BrokenWingStatue":3,"DollysMirror":20,"Sundial":3,"champ:DefensiveTrainingManual":53,"Kunai":26,"Toxic Egg 2":11,"Happy Flower":7,"Blue Candle":27,"Astrolabe":17,"Velvet Choker":17,"Oddly Smooth Stone":21,"Eternal Feather":2,"Letter Opener":34,"War Paint":54,"Akabeko":0,"champ:PowerArmor":17,"SlaversCollar":34,"Anvil of the Gods":0,"Shuriken":26,"Bronze Scales":37,"MutagenicStrength":19,"Slimebound:PreparedRelic":29,"StrikeDummy":0,"Meat on the Bone":30,"Pocketwatch":11,"Lantern":2,"Singing Bowl":13,"Torii":43,"Enchiridion":21,"champ:ChampionCrown":0,"Mango":0,"expansioncontent:StudyCardRelic":17,"Bag of Preparation":0,"Smiling Mask":7,"Dream Catcher":27,"Matryoshka":7,"Pantograph":6,"Tiny Chest":9,"champ:BerserkersGuideToSlaughter":53,"InkBottle":9,"Golden Idol":4,"Guardian:GemstoneGun":0,"hexamod:Sixitude":34,"PreservedInsect":26,"champ:DeflectingBracers":0,"The Courier":7,"champ:ChampionCrownUpgraded":17,"Omamori":34,"Seething Fire":0,"Orichalcum":9,"MawBank":6,"White Beast Statue":43,"bronze:BronzeIdol":47,"Peace Pipe":0,"Calling Bell":34,"CaptainsWheel":29,"Anchor":26,"Ornamental Fan":45,"champ:LiftRelic":14,"Art of War":54,"Coffee Dripper":34,"hexamod:BolsterEngine":37,"TungstenRod":29,"Toy Ornithopter":48},{"Gremlin Horn":41,"CeramicFish":97,"Hammer of Thor":0,"Whetstone":3,"Ginger":33,"Boot":11,"Sozu":23,"Blood Vial":55,"Centennial Puzzle":17,"downfall:BrokenWingStatue":0,"DollysMirror":17,"Sundial":85,"champ:DefensiveTrainingManual":108,"Kunai":19,"Toxic Egg 2":117,"Happy Flower":87,"Blue Candle":75,"Astrolabe":91,"Velvet Choker":16,"Oddly Smooth Stone":123,"Eternal Feather":62,"Letter Opener":78,"War Paint":138,"Akabeko":84,"champ:PowerArmor":45,"SlaversCollar":52,"Anvil of the Gods":0,"Shuriken":49,"Bronze Scales":24,"MutagenicStrength":92,"Slimebound:PreparedRelic":127,"StrikeDummy":110,"Meat on the Bone":21,"Pocketwatch":27,"Lantern":31,"Singing Bowl":5,"Torii":134,"Enchiridion":92,"champ:ChampionCrown":0,"Mango":110,"expansioncontent:StudyCardRelic":68,"Bag of Preparation":110,"Smiling Mask":2,"Dream Catcher":20,"Matryoshka":11,"Pantograph":2,"Tiny Chest":11,"champ:BerserkersGuideToSlaughter":108,"InkBottle":26,"Golden Idol":32,"Guardian:GemstoneGun":84,"hexamod:Sixitude":78,"PreservedInsect":19,"champ:DeflectingBracers":61,"The Courier":64,"champ:ChampionCrownUpgraded":120,"Omamori":78,"Seething Fire":0,"Orichalcum":42,"MawBank":33,"White Beast Statue":103,"bronze:BronzeIdol":135,"Peace Pipe":25,"Calling Bell":78,"CaptainsWheel":75,"Anchor":94,"Ornamental Fan":135,"champ:LiftRelic":5,"Art of War":109,"Coffee Dripper":129,"hexamod:BolsterEngine":79,"TungstenRod":50,"Toy Ornithopter":83},{"Gremlin Horn":190,"CeramicFish":440,"Hammer of Thor":0,"Whetstone":12,"Ginger":158,"Boot":44,"Sozu":109,"Blood Vial":254,"Centennial Puzzle":75,"downfall:BrokenWingStatue":0,"DollysMirror":75,"Sundial":402,"champ:DefensiveTrainingManual":494,"Kunai":83,"Toxic Egg 2":530,"Happy Flower":409,"Blue Candle":353,"Astrolabe":423,"Velvet Choker":70,"Oddly Smooth Stone":554,"Eternal Feather":298,"Letter Opener":369,"War Paint":610,"Akabeko":401,"champ:PowerArmor":209,"SlaversCollar":240,"Anvil of the Gods":0,"Shuriken":224,"Bronze Scales":113,"MutagenicStrength":428,"Slimebound:PreparedRelic":572,"StrikeDummy":507,"Meat on the Bone":91,"Pocketwatch":129,"Lantern":147,"Singing Bowl":19,"Torii":597,"Enchiridion":428,"champ:ChampionCrown":0,"Mango":507,"expansioncontent:StudyCardRelic":327,"Bag of Preparation":507,"Smiling Mask":8,"Dream Catcher":87,"Matryoshka":44,"Pantograph":8,"Tiny Chest":44,"champ:BerserkersGuideToSlaughter":494,"InkBottle":121,"Golden Idol":150,"Guardian:GemstoneGun":401,"hexamod:Sixitude":369,"PreservedInsect":83,"champ:DeflectingBracers":295,"The Courier":308,"champ:ChampionCrownUpgraded":543,"Omamori":369,"Seething Fire":0,"Orichalcum":193,"MawBank":158,"White Beast Statue":469,"bronze:BronzeIdol":600,"Peace Pipe":118,"Calling Bell":369,"CaptainsWheel":353,"Anchor":434,"Ornamental Fan":600,"champ:LiftRelic":19,"Art of War":498,"Coffee Dripper":580,"hexamod:BolsterEngine":371,"TungstenRod":228,"Toy Ornithopter":390}],"TungstenRod":240},"card_choices":[{"not_picked":["champ:Haymaker","champ:PreciseThrust"],"picked":"champ:SetATrap","floor":1.0},{"not_picked":["champ:Parry","champ:EnGarde"],"picked":"champ:StanceDance","floor":2.0},{"not_picked":["champ:Circumvent","champ:Backstep"],"picked":"champ:StrikeOfGenius","floor":3.0},{"not_picked":["champ:GutPunch","champ:BerserkerStyle"],"picked":"champ:FlashCut","floor":4.0},{"not_picked":["champ:CrownThrow","champ:EnGarde","champ:Shatter"],"picked":"SKIP","floor":5.0},{"not_picked":["champ:Haymaker","champ:FanOfKnives"],"picked":"champ:FlashCut","floor":6.0},{"not_picked":["champ:ShieldSigil","champ:Backstep"],"picked":"champ:EnchantCrown","floor":8.0},{"not_picked":["champ:Encircle","champ:CrookedStrike","champ:FanOfKnives"],"picked":"SKIP","floor":13.0},{"not_picked":["champ:ShieldSigil+1","champ:ArenaPreparation+1"],"picked":"champ:FocusedDefense+1","floor":14.0},{"not_picked":["champ:EnchantShield+1","champ:EnchantSword+1"],"picked":"champ:TripleStrike","floor":16.0},{"not_picked":["champ:HeartStrike","champ:EnGarde+1"],"picked":"champ:ShieldWall+1","floor":18.0},{"not_picked":["champ:Duel","champ:EnGarde+1"],"picked":"champ:StanceDance+1","floor":19.0},{"not_picked":["champ:Circumvent+1","champ:Haymaker+1"],"picked":"champ:PerfectedStrike+1","floor":20.0},{"not_picked":["champ:TornadoPunch","champ:CrownThrow","champ:DefensiveShout+1"],"picked":"SKIP","floor":22.0},{"not_picked":["champ:Encircle","champ:EndlessRage"],"picked":"champ:FocusedDefense+1","floor":24.0},{"not_picked":["champ:EnGarde+1","champ:Haymaker"],"picked":"champ:Lariat+1","floor":28.0},{"not_picked":["champ:TornadoPunch","champ:Haymaker","champ:DeathBlow"],"picked":"SKIP","floor":29.0},{"not_picked":["champ:StanceDance+1","champ:TornadoPunch"],"picked":"champ:PerfectedStrike","floor":31.0},{"not_picked":["champ:CheapShot","champ:ShieldThrow"],"picked":"champ:EnchantSword+1","floor":33.0},{"not_picked":["champ:CrownThrow+1","champ:ShieldSigil+1"],"picked":"champ:PerfectedStrike+1","floor":35.0},{"not_picked":["champ:Circumvent+1","champ:BringItOn+1"],"picked":"champ:FancyFootwork+1","floor":37.0},{"not_picked":["champ:DeathBlow+1","champ:BringItOn+1","champ:EnGarde+1"],"picked":"SKIP","floor":39.0},{"not_picked":["champ:Shatter","champ:AdrenalArmor+1"],"picked":"champ:UltimateStance+1","floor":41.0},{"not_picked":["champ:ShieldSigil+1","champ:FlashCut"],"picked":"champ:FalseCounter+1","floor":42.0},{"not_picked":["champ:FocusedDefense+1","champ:Duel+1"],"picked":"champ:RageSigil+1","floor":45.0},{"not_picked":["champ:CrownThrow","champ:BerserkersShout+1","champ:AdrenalArmor+1"],"picked":"SKIP","floor":48.0},{"not_picked":["champ:ViciousMockery+1","champ:AdrenalArmor+1"],"picked":"champ:FocusedDefense+1","floor":54}],"player_experience":1119680,"relics_obtained":[{"floor":6.0,"key":"Lantern"},{"floor":8.0,"key":"Boot"},{"floor":24.0,"key":"Smiling Mask"},{"floor":26.0,"key":"Happy Flower"},{"floor":29.0,"key":"Slimebound:PreparedRelic"},{"floor":42.0,"key":"TungstenRod"},{"floor":43.0,"key":"Torii"},{"floor":45.0,"key":"Ornamental Fan"},{"floor":54,"key":"War Paint"}],"event_choices":[{"damage_healed":0.0,"max_hp_gain":84.0,"max_hp_loss":57.0,"gold_gain":0.0,"event_name":"betterAltar:BetterAltar","player_choice":" Vial ","floor":27.0,"potions_obtained":[],"relics_lost":[],"gold_loss":0.0,"damage_taken":27.0,"relics_obtained":["Blood Vial"]},{"damage_healed":34.0,"max_hp_gain":0.0,"max_hp_loss":0.0,"gold_gain":0.0,"event_name":"The Library","player_choice":"Heal","floor":30.0,"gold_loss":0.0,"damage_taken":0.0},{"damage_healed":0.0,"max_hp_gain":0.0,"max_hp_loss":0.0,"gold_gain":0.0,"event_name":"Tomb of Lord Red Mask","player_choice":"Ignored","floor":36.0,"gold_loss":0.0,"damage_taken":0.0},{"damage_healed":0.0,"max_hp_gain":0.0,"max_hp_loss":0.0,"gold_gain":0.0,"event_name":"MindBloom","player_choice":"Fight","floor":42.0,"gold_loss":0.0,"damage_taken":0.0}],"is_beta":false,"boss_relics":[{"not_picked":["Ectoplasm","Sozu"],"picked":"champ:ChampionCrownUpgraded"},{"not_picked":["bronze:MakeshiftBattery","Tiny House"],"picked":"Coffee Dripper"}],"items_purged_floors":[0,0],"is_endless":false,"potions_floor_spawned":[2,3,5,8,22,24,28,31,35,37,42,48,54],"ascension_level":4}}