{"host":"i5k6a03zg3men3m2","time":1613743855,"event":{"mods":["Act Like it!","BaseMod","Downfall","Gensokyo","GifTheSpireLib","Minty Spire (QoL Compilation)","Quick Restart","Replay The Spire","StSLib","Td1madao Mod","TestMod","The Animator"],"gold_per_floor":[121,135,35,35,47,85,95,95,95,123,84,111,36,52,52,52,52],"floor_reached":16,"language":"ZHS","playtime":907,"items_purged":["Looming Evil"],"score":133,"play_id":"d2d58364-7f93-47a1-a553-2a1d3713480c","local_time":"20210219221055","is_ascension_mode":false,"campfire_choices":[{"data":"animator:Mikaela","floor":8,"key":"SMITH"},{"data":"animator:Aqua","floor":15,"key":"SMITH"}],"circlet_count":0,"master_deck":["animator:Strike_Konosuba","animator:Defend_Konosuba","animator:Strike","animator:Strike","animator:Strike","animator:Defend","animator:Defend","animator:Defend","animator:Kazuma","animator:Aqua+1","animator:Mikaela+1","animator:Shinoa","animator:Megumin+2","animator:Entoma+2","animator:Mitsurugi"],"relics":["animator:LivingPicture","animator:TheMissingPiece","testmod-TestBox","animator:PurgingStone","testmod-RandomTest","NeowsBlessing","Iron Hammer","Ring of Peace","Ring of Hypnosis","Letter Opener","Shuriken","Pantograph","Strawberry","Ancient Tea Set"],"acts_visited":["Gensokyo:Gensokyo"],"potions_floor_usage":[10],"damage_taken":[{"damage":0,"enemies":"Gensokyo:3_Fairies","floor":1,"turns":2},{"damage":0,"enemies":"Gensokyo:Gryphon","floor":2,"turns":1},{"damage":0,"enemies":"Gensokyo:Mamizou","floor":6,"turns":3},{"damage":0,"enemies":"Gensokyo:Python","floor":7,"turns":2},{"damage":4,"enemies":"Gensokyo:Aya","floor":10,"turns":9},{"damage":0,"enemies":"Gensokyo:VengefulSpirit","floor":14,"turns":5},{"damage":87,"enemies":"Gensokyo:Kokoro","floor":16,"turns":13}],"seed_played":"-5857027314914877421","potions_obtained":[{"floor":1,"key":"SpeedPotion"},{"floor":7,"key":"Weak Potion"},{"floor":10,"key":"Elixir"},{"floor":14,"key":"SpeedPotion"}],"is_trial":false,"path_per_floor":["M","M","?","?","?","E","M","R","T","E","COS","T","$","M","R","B"],"character_chosen":"THE_ANIMATOR","items_purchased":[],"campfire_rested":0,"item_purchase_floors":[],"current_hp_per_floor":[66,67,67,67,67,67,69,69,69,66,66,73,73,77,77,0,0],"gold":52,"neow_bonus":"THREE_ENEMY_KILL","is_daily":false,"chose_seed":false,"campfire_upgraded":2,"win_rate":0.0,"timestamp":1613743855,"path_taken":["M","M","?","?","?","E","?","R","T","E","COS","?","$","M","R","BOSS"],"items_purchased_type":[],"build_version":"2020-12-22","purchased_purges":1,"victory":false,"max_hp_per_floor":[66,67,67,67,67,67,69,69,69,70,70,77,77,79,79,79,79],"card_choices":[{"not_picked":["animator:CrowleyEusford","animator:Rider"],"picked":"animator:Mikaela","floor":1},{"not_picked":["animator:Aqua","animator:Caster"],"picked":"animator:Shinoa","floor":2},{"not_picked":["animator:ShinjiMatou","animator:Spearman"],"picked":"animator:Megumin","floor":5},{"not_picked":["animator:PandorasActor","animator:Elsword"],"picked":"animator:Entoma","floor":6},{"not_picked":["animator:Vanir","animator:Mitsurugi"],"picked":"animator:Megumin","floor":7},{"not_picked":["animator:Arpeggio","animator:KrulTepes"],"picked":"animator:Mitsurugi","floor":10},{"not_picked":["animator:Viivi","animator:Demiurge","animator:Assassin"],"picked":"SKIP","floor":14}],"player_experience":569911,"relics_obtained":[{"floor":4,"key":"Ring of Peace"},{"floor":4,"key":"Ring of Hypnosis"},{"floor":6,"key":"Letter Opener"},{"floor":9,"key":"Shuriken"},{"floor":10,"key":"Pantograph"},{"floor":12,"key":"Strawberry"}],"event_choices":[],"is_beta":false,"boss_relics":[],"items_purged_floors":[13],"is_endless":false,"potions_floor_spawned":[1,7,10,14],"killed_by":"Gensokyo:Kokoro","ascension_level":0}}