{"host":"yqw1zpryoutrnocq","time":1613706004,"event":{"mods":["2.2 Compatiblity","AchievementEnabler","BaseMod","Colored Map","Custom Start","DeckTracker","Minty Spire (QoL Compilation)","StSLib","SuperFastMode"],"gold_per_floor":[119,119,133,152,172,172,206,206,232,232,51,83,158,158,185,185,288,288,306,320,331,331,344,344,375,395,395,423,438,451,451,483,483,583,583,598,610,622,672,226,261,261,271,271,271,288,288,288,316,316,316,316,316,30,64,64,64],"floor_reached":56,"language":"KOR","playtime":1922,"items_purged":["Strike_P"],"score":1131,"play_id":"7e7e385b-234b-4f38-8259-120a571c2f92","local_time":"20210218214004","is_ascension_mode":true,"campfire_choices":[{"data":"CrushJoints","floor":8.0,"key":"SMITH"},{"data":"BattleHymn","floor":16.0,"key":"SMITH"},{"data":"MasterReality","floor":24.0,"key":"SMITH"},{"data":"Fasting2","floor":33.0,"key":"SMITH"},{"data":"Devotion","floor":42.0,"key":"SMITH"},{"floor":45.0,"key":"RECALL"},{"data":"Wireheading","floor":47.0,"key":"SMITH"},{"data":"FollowUp","floor":50.0,"key":"SMITH"},{"data":"Indignation","floor":53.0,"key":"SMITH"}],"circlet_count":0,"master_deck":["Strike_P","Strike_P","Strike_P","Defend_P","Defend_P+1","Defend_P","Defend_P","Eruption+1","Vigilance","WheelKick+1","CrushJoints+1","ClearTheMind+1","FollowUp+1","SandsOfTime","BattleHymn+1","MasterReality+1","Wireheading+1","Vault","Prostrate+1","Collect+1","DeceiveReality","Swivel","EmptyFist+1","FlyingSleeves","Fasting2+1","Devotion+1","InnerPeace","Sanctity","Weave+1","CarveReality","Indignation+1","Tantrum+1","Perseverance+1","Protect+1","ThirdEye+1","Panache","Evaluate"],"relics":["HolyWater","Bag of Preparation","Mummified Hand","Meat on the Bone","Vajra","Bottled Flame","CultistMask","Anchor","Sozu","Blue Candle","TeardropLocket","Art of War","Eternal Feather","Torii","CaptainsWheel","Membership Card","Bronze Scales","Orichalcum","Happy Flower","Strawberry","Yang","War Paint","Bag of Marbles"],"acts_visited":["Exordium","TheCity","TheBeyond","TheEnding"],"potions_floor_usage":[56],"damage_taken":[{"damage":0.0,"enemies":"2 Louse","floor":1.0,"turns":2.0},{"damage":7.0,"enemies":"Jaw Worm","floor":3.0,"turns":3.0},{"damage":0.0,"enemies":"Small Slimes","floor":4.0,"turns":1.0},{"damage":7.0,"enemies":"2 Fungi Beasts","floor":5.0,"turns":3.0},{"damage":7.0,"enemies":"3 Sentries","floor":7.0,"turns":6.0},{"damage":0.0,"enemies":"Lagavulin","floor":9.0,"turns":2.0},{"damage":0.0,"enemies":"Gremlin Nob","floor":12.0,"turns":2.0},{"damage":20.0,"enemies":"Lagavulin","floor":15.0,"turns":3.0},{"damage":0.0,"enemies":"Slime Boss","floor":17.0,"turns":3.0},{"damage":4.0,"enemies":"Shell Parasite","floor":19.0,"turns":3.0},{"damage":1.0,"enemies":"Chosen","floor":20.0,"turns":4.0},{"damage":0.0,"enemies":"Snake Plant","floor":21.0,"turns":1.0},{"damage":0.0,"enemies":"3 Cultists","floor":23.0,"turns":3.0},{"damage":20.0,"enemies":"Book of Stabbing","floor":25.0,"turns":4.0},{"damage":0.0,"enemies":"Cultist and Chosen","floor":26.0,"turns":4.0},{"damage":0.0,"enemies":"Gremlin Leader","floor":28.0,"turns":4.0},{"damage":0.0,"enemies":"Snake Plant","floor":29.0,"turns":2.0},{"damage":10.0,"enemies":"Snecko","floor":30.0,"turns":3.0},{"damage":9.0,"enemies":"Book of Stabbing","floor":32.0,"turns":5.0},{"damage":32.0,"enemies":"Collector","floor":34.0,"turns":8.0},{"damage":8.0,"enemies":"3 Shapes","floor":36.0,"turns":6.0},{"damage":8.0,"enemies":"3 Darklings","floor":37.0,"turns":4.0},{"damage":11.0,"enemies":"Spire Growth","floor":38.0,"turns":4.0},{"damage":0.0,"enemies":"Mind Bloom Boss Battle","floor":39.0,"turns":2.0},{"damage":6.0,"enemies":"Nemesis","floor":41.0,"turns":4.0},{"damage":0.0,"enemies":"4 Shapes","floor":43.0,"turns":3.0},{"damage":1.0,"enemies":"Transient","floor":46.0,"turns":6.0},{"damage":0.0,"enemies":"Giant Head","floor":49.0,"turns":6.0},{"damage":7.0,"enemies":"Time Eater","floor":51.0,"turns":6.0},{"damage":36,"enemies":"Shield and Spear","floor":55,"turns":4},{"damage":56,"enemies":"The Heart","floor":56,"turns":3}],"seed_played":"-3558250185128472076","potions_obtained":[{"floor":1.0,"key":"Swift Potion"},{"floor":3.0,"key":"EssenceOfSteel"},{"floor":7.0,"key":"Strength Potion"},{"floor":15.0,"key":"SpeedPotion"}],"is_trial":false,"path_per_floor":["M","?","M","M","M","M","E","R","E","T","$","E","?","?","E","R","B",null,"M","M","M","?","M","R","E","M","T","E","M","M","?","E","R","B",null,"M","M","M","?","$","E","R","M","T","R","M","R","?","E","R","B",null,"R","$","E","B"],"character_chosen":"WATCHER","items_purchased":["SandsOfTime","Vajra","CarveReality","Indignation","Membership Card","Bronze Scales","Orichalcum","Panache","Yang","War Paint"],"campfire_rested":0,"item_purchase_floors":[11,11,40,40,40,40,40,54,54,54],"current_hp_per_floor":[72,72,65,65,58,58,51,51,51,51,51,51,40,40,32,32,44,72,68,67,67,67,67,67,47,47,47,47,47,37,37,40,55,35,72,64,56,45,45,45,39,57,57,57,72,71,72,72,79,79,72,79,79,79,43,0,0],"gold":64,"neow_bonus":"UPGRADE_CARD","is_daily":false,"chose_seed":false,"campfire_upgraded":8,"win_rate":0.0,"timestamp":1613706004,"path_taken":["M","?","M","M","M","M","E","R","E","T","?","E","?","?","E","R","BOSS","M","M","?","?","M","R","E","M","T","E","M","M","?","E","R","BOSS","M","M","M","?","$","E","R","M","T","R","M","R","?","E","R","BOSS","R","$","E","BOSS"],"items_purchased_type":["Card","Relic","Card","Card","Relic","Relic","Relic","Card","Relic","Relic"],"build_version":"2020-12-22","purchased_purges":1,"victory":false,"max_hp_per_floor":[72,72,72,72,72,72,72,72,72,72,72,72,72,72,72,72,72,72,72,72,72,72,72,72,72,72,72,72,72,72,72,72,72,72,72,72,72,72,72,72,72,72,72,72,72,72,72,72,79,79,79,79,79,79,79,79,79],"card_choices":[{"not_picked":["Protect","FlurryOfBlows"],"picked":"WheelKick","floor":1.0},{"not_picked":["Crescendo","ForeignInfluence"],"picked":"CrushJoints","floor":3.0},{"not_picked":["Sanctity","Crescendo"],"picked":"ClearTheMind","floor":4.0},{"not_picked":["Evaluate","WheelKick"],"picked":"FollowUp","floor":5.0},{"not_picked":["ThirdEye","ClearTheMind","BowlingBash"],"picked":"SKIP","floor":7.0},{"not_picked":["JustLucky","FlurryOfBlows"],"picked":"Evaluate","floor":9.0},{"not_picked":["FlyingSleeves","ClearTheMind","DeceiveReality"],"picked":"SKIP","floor":12.0},{"not_picked":["SignatureMove","BowlingBash"],"picked":"BattleHymn","floor":15.0},{"not_picked":["Scrawl","ConjureBlade"],"picked":"MasterReality","floor":17.0},{"not_picked":["SashWhip","Consecrate"],"picked":"Wireheading","floor":19.0},{"not_picked":["Crescendo","JustLucky+1"],"picked":"Vault","floor":20.0},{"not_picked":["JustLucky+1","SashWhip+1"],"picked":"Prostrate+1","floor":21.0},{"not_picked":["FlurryOfBlows+1","SashWhip","ClearTheMind"],"picked":"SKIP","floor":23.0},{"not_picked":["Vault","ThirdEye"],"picked":"Collect+1","floor":25.0},{"not_picked":["PathToVictory","Protect"],"picked":"DeceiveReality","floor":26.0},{"not_picked":["ThirdEye","CutThroughFate+1"],"picked":"Swivel","floor":28.0},{"not_picked":["JustLucky","EmptyBody"],"picked":"EmptyFist+1","floor":29.0},{"not_picked":["Consecrate+1","FollowUp"],"picked":"FlyingSleeves","floor":30.0},{"not_picked":["Establishment","FlyingSleeves"],"picked":"Fasting2","floor":32.0},{"not_picked":["SpiritShield","MasterReality"],"picked":"Devotion","floor":34.0},{"not_picked":["FollowUp","Meditate+1"],"picked":"InnerPeace","floor":36.0},{"not_picked":["FollowUp","Prostrate"],"picked":"Sanctity","floor":37.0},{"not_picked":["EmptyFist","ForeignInfluence","Perseverance+1"],"picked":"SKIP","floor":38.0},{"not_picked":["Halt+1","Protect"],"picked":"Weave+1","floor":39.0},{"not_picked":["Weave","Crescendo"],"picked":"Tantrum+1","floor":41.0},{"not_picked":["WaveOfTheHand+1","FlurryOfBlows+1"],"picked":"Perseverance+1","floor":43.0},{"not_picked":["SignatureMove","EmptyFist+1"],"picked":"Protect+1","floor":46.0},{"not_picked":["SignatureMove","Halt+1"],"picked":"ThirdEye+1","floor":49.0},{"not_picked":["SashWhip","CrushJoints"],"picked":"Evaluate","floor":55}],"player_experience":347148,"relics_obtained":[{"floor":7.0,"key":"Bag of Preparation"},{"floor":9.0,"key":"Mummified Hand"},{"floor":10.0,"key":"Meat on the Bone"},{"floor":12.0,"key":"Bottled Flame"},{"floor":15.0,"key":"Anchor"},{"floor":25.0,"key":"Blue Candle"},{"floor":27.0,"key":"TeardropLocket"},{"floor":28.0,"key":"Art of War"},{"floor":32.0,"key":"Torii"},{"floor":39.0,"key":"CaptainsWheel"},{"floor":41.0,"key":"Happy Flower"},{"floor":49.0,"key":"Strawberry"},{"floor":55,"key":"Bag of Marbles"}],"event_choices":[{"damage_healed":0.0,"max_hp_gain":0.0,"max_hp_loss":0.0,"gold_gain":0.0,"event_name":"Living Wall","player_choice":"Grow","floor":2.0,"gold_loss":0.0,"damage_taken":0.0,"cards_upgraded":["WheelKick"]},{"damage_healed":0.0,"max_hp_gain":0.0,"max_hp_loss":0.0,"gold_gain":75.0,"event_name":"World of Goop","player_choice":"Gather Gold","floor":13.0,"gold_loss":0.0,"damage_taken":11.0},{"damage_healed":0.0,"max_hp_gain":0.0,"max_hp_loss":0.0,"gold_gain":0.0,"event_name":"FaceTrader","player_choice":"Trade","floor":14.0,"gold_loss":0.0,"damage_taken":0.0,"relics_obtained":["CultistMask"]},{"damage_healed":0.0,"max_hp_gain":0.0,"max_hp_loss":0.0,"gold_gain":0.0,"event_name":"Ghosts","player_choice":"Ignored","floor":22.0,"gold_loss":0.0,"damage_taken":0.0},{"damage_healed":0.0,"max_hp_gain":0.0,"max_hp_loss":0.0,"gold_gain":0.0,"event_name":"The Mausoleum","player_choice":"Opened","floor":31.0,"gold_loss":0.0,"damage_taken":0.0,"relics_obtained":["Eternal Feather"]},{"damage_healed":0.0,"max_hp_gain":0.0,"max_hp_loss":0.0,"gold_gain":0.0,"event_name":"MindBloom","player_choice":"Fight","floor":39.0,"gold_loss":0.0,"damage_taken":0.0},{"cards_removed":["Evaluate"],"damage_healed":0.0,"max_hp_gain":0.0,"max_hp_loss":0.0,"gold_gain":0.0,"event_name":"Falling","player_choice":"Removed Skill","floor":48.0,"gold_loss":0.0,"damage_taken":0.0}],"is_beta":false,"boss_relics":[{"not_picked":["Fusion Hammer","Ectoplasm"],"picked":"Sozu"},{"not_picked":["Pandora\u0027s Box","SlaversCollar"],"picked":"HolyWater"}],"items_purged_floors":[40],"is_endless":false,"potions_floor_spawned":[1,3,7,15,21,23,25,28,29,34,38,46,49,55],"killed_by":"The Heart","ascension_level":4}}