{"host":"snampf0t8p8psf53","time":1613704157,"event":{"mods":["AchievementEnabler","BaseMod","Bestiary","DeckTracker","Highlight Path","Minty Spire (QoL Compilation)","Permanent Neow"],"gold_per_floor":[115,40,51,66,66,98,98,98,166,199,199,215,226,265,265,366,366,377,377,377],"floor_reached":19,"language":"ENG","playtime":916,"items_purged":[],"score":179,"play_id":"a9cf5faf-d7de-4073-9de2-6c033176a763","local_time":"20210218190917","is_ascension_mode":false,"campfire_choices":[{"data":"Wraith Form v2","floor":7,"key":"SMITH"},{"data":"Envenom","floor":11,"key":"SMITH"},{"floor":15,"key":"REST"}],"circlet_count":0,"master_deck":["Strike_G","Strike_G","Strike_G","Strike_G","Strike_G","Defend_G","Defend_G","Defend_G","Defend_G","Defend_G","Survivor","Neutralize","Noxious Fumes+1","Backflip","Wraith Form v2+1","Envenom+1","Well Laid Plans","Envenom","PiercingWail"],"relics":["Ring of the Snake","Toy Ornithopter","Regal Pillow","Eternal Feather","Shuriken","HoveringKite"],"acts_visited":["Exordium","TheCity"],"potions_floor_usage":[14,16],"damage_taken":[{"damage":2,"enemies":"Cultist","floor":1,"turns":4},{"damage":3,"enemies":"2 Louse","floor":3,"turns":3},{"damage":0,"enemies":"Small Slimes","floor":4,"turns":4},{"damage":19,"enemies":"3 Sentries","floor":6,"turns":9},{"damage":19,"enemies":"Lagavulin","floor":10,"turns":8},{"damage":2,"enemies":"Looter","floor":12,"turns":4},{"damage":19,"enemies":"Exordium Wildlife","floor":13,"turns":6},{"damage":11,"enemies":"Gremlin Gang","floor":14,"turns":5},{"damage":33,"enemies":"Hexaghost","floor":16,"turns":11},{"damage":24,"enemies":"Spheric Guardian","floor":18,"turns":7},{"damage":72,"enemies":"3 Byrds","floor":19,"turns":6}],"seed_played":"4679924967271927244","potions_obtained":[{"floor":4,"key":"ColorlessPotion"},{"floor":13,"key":"FairyPotion"},{"floor":14,"key":"Regen Potion"}],"is_trial":false,"path_per_floor":["M","$","M","M","$","E","R","?","T","E","R","M","M","M","R","B",null,"M","M"],"character_chosen":"THE_SILENT","items_purchased":["Noxious Fumes"],"campfire_rested":1,"item_purchase_floors":[2],"current_hp_per_floor":[68,68,65,65,65,46,46,46,46,27,36,34,15,9,54,41,70,46,0,0],"gold":377,"neow_bonus":"RANDOM_COMMON_RELIC","is_daily":false,"chose_seed":false,"campfire_upgraded":2,"win_rate":0.0,"timestamp":1613704157,"path_taken":["M","$","M","?","$","E","R","?","T","E","R","M","M","M","R","BOSS","M","M"],"items_purchased_type":["Card"],"build_version":"2020-12-22","purchased_purges":0,"victory":false,"max_hp_per_floor":[70,70,70,70,70,70,70,70,70,70,70,70,70,70,70,70,70,70,70,70],"card_choices":[{"not_picked":["Acrobatics","Slice","Blade Dance"],"picked":"SKIP","floor":1},{"not_picked":["Poisoned Stab","Dodge and Roll","Choke"],"picked":"SKIP","floor":3},{"not_picked":["Underhanded Strike","Dagger Throw"],"picked":"Backflip","floor":4},{"not_picked":["Dodge and Roll","Underhanded Strike"],"picked":"Wraith Form v2","floor":6},{"not_picked":["Bullet Time","Skewer"],"picked":"Envenom","floor":10},{"not_picked":["Bane","Deadly Poison","Acrobatics"],"picked":"SKIP","floor":12},{"not_picked":["Blade Dance","Dodge and Roll","Masterful Stab"],"picked":"SKIP","floor":13},{"not_picked":["Bane","Blur"],"picked":"Well Laid Plans","floor":14},{"not_picked":["Die Die Die","Venomology"],"picked":"Envenom","floor":16},{"not_picked":["Underhanded Strike","Prepared"],"picked":"PiercingWail","floor":18}],"player_experience":105896,"relics_obtained":[{"floor":6,"key":"Regal Pillow"},{"floor":9,"key":"Eternal Feather"},{"floor":10,"key":"Shuriken"}],"event_choices":[{"damage_healed":0,"gold_gain":0,"player_choice":"Grow","damage_taken":0,"max_hp_gain":0,"max_hp_loss":0,"event_name":"Living Wall","floor":8,"gold_loss":0,"cards_upgraded":["Noxious Fumes"]}],"is_beta":false,"boss_relics":[{"not_picked":["Runic Pyramid","Coffee Dripper"],"picked":"HoveringKite"}],"items_purged_floors":[],"is_endless":false,"potions_floor_spawned":[4,13,14],"killed_by":"3 Byrds","ascension_level":0}}