{"host":"g907ck67u7c3hrs6","time":1613709058,"event":{"mods":["BaseMod","Colored Map","DeckTracker","Force Act Four","Highlight Path","Keyboard Shortcuts","Minty Spire (QoL Compilation)","Permanent Neow","Say the Spire","SuperFastMode"],"gold_per_floor":[144,189,234,279,324,324,414,459,484,484,529,204,249,339,339,639,639,684,729,729,774,375,465,510,10,10,100,100,145,145,190,190,490,490,535,580,625,320,365,455,500,545,545,545,590,680,701,746,746,746,746,746,120,210,210],"floor_reached":56,"language":"KOR","playtime":2115,"items_purged":["Pain","Regret","Parasite","Parasite"],"score":1419,"play_id":"b44389f3-7c7f-413e-8b80-8497bf1fb0da","local_time":"20210219133058","daily_mods":["Insanity","Blue Cards","Midas"],"is_ascension_mode":false,"campfire_choices":[{"floor":15,"key":"RECALL"},{"floor":32,"key":"REST"},{"floor":44,"key":"REST"},{"floor":49,"key":"REST"},{"floor":52,"key":"REST"}],"circlet_count":0,"master_deck":["Uppercut","Rebound","Aggregate","Streamline","Melter","Rebound","Hologram","Twin Strike","Evolve","Headbutt","Coolheaded","Ball Lightning","Streamline","Go for the Eyes","Warcry","Redo","True Grit","Skim","White Noise","Flex","Disarm+1","Sweeping Beam","Searing Blow","Gash","Battle Trance+1","Anger","Compile Driver","Undo","Stack","Stack","Steam","Pummel","Aggregate","Rage","Rampage","Sweeping Beam","Reprogram","Gash","Ball Lightning","Hologram","Blood for Blood","Heavy Blade","Warcry","Shrug It Off","Anger","Havoc","Rage","Combust","Inflame","Rebound","Reprogram","Power Through","Auto Shields","Shrug It Off","Hologram","Power Through","Ghostly Armor+1","Rupture+1","Loop+1","Corruption+1","Leap+1","Rupture+1","Stack","Barricade+1","BootSequence","Entrench+1","Barricade+1","Hello World+1","Metallicize+1","Berserk+1","Flame Barrier+1","Evolve+1","Apotheosis+1","Storm+1","Pommel Strike","Shrug It Off+1","Stack+1","Stack+1","Hologram+1","Warcry+1","Evolve+1"],"relics":["Burning Blood","Mummified Hand","Ancient Tea Set","Lantern","WarpedTongs","Frozen Egg 2","Potion Belt","Mark of Pain","Sling","Pen Nib","Toxic Egg 2","Meat on the Bone","Letter Opener","Runic Dome","War Paint","Orichalcum","Shuriken","StoneCalendar","Ginger","InkBottle"],"acts_visited":["Exordium","TheCity","TheBeyond","TheEnding"],"potions_floor_usage":[46,48,54,55,55,55,55,55,55,55,55,55,55],"damage_taken":[{"damage":0.0,"enemies":"Small Slimes","floor":1.0,"turns":1.0},{"damage":0.0,"enemies":"2 Louse","floor":2.0,"turns":2.0},{"damage":0.0,"enemies":"Cultist","floor":3.0,"turns":2.0},{"damage":10.0,"enemies":"2 Fungi Beasts","floor":4.0,"turns":3.0},{"damage":10.0,"enemies":"Exordium Thugs","floor":5.0,"turns":3.0},{"damage":11.0,"enemies":"Lagavulin","floor":7.0,"turns":4.0},{"damage":0,"enemies":"3 Louse","floor":8,"turns":3},{"damage":1,"enemies":"Lots of Slimes","floor":11,"turns":2},{"damage":0,"enemies":"2 Fungi Beasts","floor":13,"turns":1},{"damage":2,"enemies":"3 Sentries","floor":14,"turns":4},{"damage":31,"enemies":"Slime Boss","floor":16,"turns":11},{"damage":5,"enemies":"Shell Parasite","floor":18,"turns":3},{"damage":1,"enemies":"Chosen","floor":19,"turns":4},{"damage":6,"enemies":"Snake Plant","floor":21,"turns":4},{"damage":23,"enemies":"Book of Stabbing","floor":23,"turns":5},{"damage":7,"enemies":"Centurion and Healer","floor":24,"turns":5},{"damage":13,"enemies":"Slavers","floor":27,"turns":5},{"damage":19,"enemies":"Cultist and Chosen","floor":29,"turns":5},{"damage":13,"enemies":"3 Cultists","floor":31,"turns":6},{"damage":21,"enemies":"Automaton","floor":33,"turns":9},{"damage":7,"enemies":"3 Shapes","floor":35,"turns":3},{"damage":7,"enemies":"3 Darklings","floor":36,"turns":7},{"damage":1,"enemies":"Writhing Mass","floor":37,"turns":7},{"damage":0,"enemies":"Transient","floor":39,"turns":5},{"damage":2,"enemies":"Giant Head","floor":40,"turns":6},{"damage":11,"enemies":"Spire Growth","floor":41,"turns":4},{"damage":5,"enemies":"Jaw Worm Horde","floor":42,"turns":2},{"damage":2,"enemies":"Sphere and 2 Shapes","floor":45,"turns":4},{"damage":18,"enemies":"Reptomancer","floor":46,"turns":6},{"damage":17,"enemies":"2 Orb Walkers","floor":47,"turns":4},{"damage":6,"enemies":"Writhing Mass","floor":48,"turns":5},{"damage":44,"enemies":"Awakened One","floor":50,"turns":11},{"damage":75,"enemies":"Shield and Spear","floor":54,"turns":6},{"damage":32,"enemies":"The Heart","floor":55,"turns":5}],"seed_played":"778547550210687013","potions_obtained":[{"floor":1.0,"key":"SpeedPotion"},{"floor":4.0,"key":"Ancient Potion"},{"floor":8,"key":"FearPotion"},{"floor":11,"key":"BloodPotion"},{"floor":14,"key":"AttackPotion"},{"floor":18,"key":"DuplicationPotion"},{"floor":24,"key":"EntropicBrew"},{"floor":47,"key":"Fruit Juice"},{"floor":54,"key":"LiquidBronze"}],"is_trial":false,"path_per_floor":["M","M","M","M","M","?","E","M","T","?","M","$","M","E","R","B",null,"M","M","?","M","$","E","M","$","T","E","?","M","$","M","R","B",null,"M","M","M","$","M","E","M","M","T","R","M","E","?","M","R","B",null,"R","$","E","B",null],"character_chosen":"IRONCLAD","items_purchased":["Frozen Egg 2","Barricade+1","Sling","Toxic Egg 2","Meat on the Bone","Apotheosis+1","EntropicBrew","Ginger","Hologram+1","Warcry+1"],"campfire_rested":4,"item_purchase_floors":[12,22,22,25,25,38,53,53,53,53],"current_hp_per_floor":[80,80,80,76,72,72,67,73,73,73,78,78,80,80,80,55,80,80,80,80,80,80,63,62,62,62,55,47,46,46,51,75,60,80,79,78,80,77,77,77,72,73,73,77,77,65,54,59,82,56,82,82,79,37,38],"gold":210,"neow_bonus":"","is_daily":true,"chose_seed":false,"campfire_upgraded":0,"win_rate":0.0,"timestamp":1613709058,"path_taken":["M","M","M","M","M","?","E","M","T","?","M","$","M","E","R","BOSS","M","?","?","M","$","E","M","?","T","E","?","M","$","M","R","BOSS","M","M","M","$","?","E","M","M","T","R","M","E","?","M","R","BOSS","R","$","E","BOSS"],"items_purchased_type":["Relic","Card","Relic","Relic","Relic","Card","Potion","Relic","Card","Card"],"build_version":"2020-12-22","purchased_purges":4,"victory":true,"max_hp_per_floor":[80,80,80,80,80,80,80,80,80,80,80,80,80,80,80,80,80,80,80,80,80,80,80,80,80,80,80,80,80,80,80,80,80,80,80,80,80,77,77,77,77,77,77,77,77,77,77,82,82,82,82,82,79,79,79],"card_choices":[{"not_picked":["Consume","Undo"],"picked":"Reprogram","floor":1.0},{"not_picked":["Beam Cell","Cold Snap"],"picked":"Power Through","floor":2.0},{"not_picked":["Ball Lightning","Pommel Strike","Body Slam"],"picked":"SKIP","floor":3.0},{"not_picked":["Armaments","Rainbow"],"picked":"Auto Shields","floor":4.0},{"not_picked":["Sweeping Beam","Rebound"],"picked":"Shrug It Off","floor":5.0},{"not_picked":["Leap","Hologram","Consume"],"picked":"SKIP","floor":7.0},{"not_picked":["Leap","Consume"],"picked":"Hologram","floor":7.0},{"not_picked":["Pommel Strike","Carnage"],"picked":"Power Through","floor":8},{"not_picked":["Headbutt","Compile Driver"],"picked":"Ghostly Armor","floor":11},{"not_picked":["Gash","Cold Snap"],"picked":"Rupture+1","floor":13},{"not_picked":["Heavy Blade","Sunder"],"picked":"Loop+1","floor":14},{"not_picked":["Impervious","Multi-Cast"],"picked":"Corruption+1","floor":16},{"not_picked":["Compile Driver","Sweeping Beam"],"picked":"Leap+1","floor":18},{"not_picked":["Perfected Strike","Clash"],"picked":"Rupture+1","floor":19},{"not_picked":["Sweeping Beam+1","Heavy Blade"],"picked":"Stack","floor":21},{"not_picked":["Hyperbeam","Turbo"],"picked":"BootSequence","floor":23},{"not_picked":["Blood for Blood","Ball Lightning"],"picked":"Entrench+1","floor":24},{"not_picked":["Flex+1","Leap+1"],"picked":"Barricade+1","floor":27},{"not_picked":["Glacier+1","Clash"],"picked":"Hello World+1","floor":29},{"not_picked":["Gash","Body Slam"],"picked":"Metallicize+1","floor":31},{"not_picked":["Meteor Strike","Buffer+1"],"picked":"Berserk+1","floor":33},{"not_picked":["True Grit+1","Thunderclap+1","Havoc+1"],"picked":"SKIP","floor":35},{"not_picked":["Go for the Eyes","Sweeping Beam"],"picked":"Flame Barrier+1","floor":36},{"not_picked":["Thunderclap+1","Inflame+1"],"picked":"Evolve+1","floor":37},{"not_picked":["Power Through+1","Streamline+1"],"picked":"Storm+1","floor":39},{"not_picked":["True Grit+1","Iron Wave","Rebound+1"],"picked":"SKIP","floor":40},{"not_picked":["Heavy Blade","Armaments+1"],"picked":"Pommel Strike","floor":41},{"not_picked":["Cold Snap","Beam Cell","Armaments+1"],"picked":"SKIP","floor":42},{"not_picked":["Go for the Eyes+1","Berserk+1"],"picked":"Shrug It Off+1","floor":45},{"not_picked":["Rupture+1","Perfected Strike"],"picked":"Stack+1","floor":46},{"not_picked":["Compile Driver+1","Cleave"],"picked":"Stack+1","floor":48},{"not_picked":["Gash","Anger+1"],"picked":"Evolve+1","floor":54}],"player_experience":323605,"relics_obtained":[{"floor":7.0,"key":"Ancient Tea Set"},{"floor":9,"key":"Lantern"},{"floor":14,"key":"Potion Belt"},{"floor":23,"key":"Pen Nib"},{"floor":27,"key":"Letter Opener"},{"floor":40,"key":"War Paint"},{"floor":43,"key":"Orichalcum"},{"floor":46,"key":"Shuriken"},{"floor":47,"key":"StoneCalendar"},{"floor":54,"key":"InkBottle"}],"event_choices":[{"damage_healed":0.0,"max_hp_gain":0.0,"max_hp_loss":0.0,"gold_gain":0.0,"event_name":"Big Fish","player_choice":"Box","floor":6.0,"gold_loss":0.0,"damage_taken":0.0,"relics_obtained":["Mummified Hand"],"cards_obtained":["Regret"]},{"damage_healed":0,"gold_gain":0,"player_choice":"Rummage","damage_taken":0,"relics_obtained":["WarpedTongs"],"max_hp_gain":0,"max_hp_loss":0,"event_name":"Accursed Blacksmith","floor":10,"gold_loss":0,"cards_obtained":["Pain"]},{"damage_healed":0,"gold_gain":0,"player_choice":"Upgraded","damage_taken":0,"max_hp_gain":0,"max_hp_loss":0,"event_name":"Upgrade Shrine","floor":20,"gold_loss":0,"cards_upgraded":["Battle Trance"]},{"damage_healed":0,"gold_gain":0,"player_choice":"Damaged","damage_taken":8,"max_hp_gain":0,"max_hp_loss":0,"event_name":"Wheel of Change","floor":28,"gold_loss":0},{"damage_healed":0,"gold_gain":0,"player_choice":"Fight","damage_taken":0,"max_hp_gain":0,"max_hp_loss":0,"event_name":"Mysterious Sphere","floor":47,"gold_loss":0}],"is_beta":false,"boss_relics":[{"not_picked":["Tiny House","Black Blood"],"picked":"Mark of Pain"},{"not_picked":["Philosopher\u0027s Stone","SacredBark"],"picked":"Runic Dome"}],"items_purged_floors":[12,22,38,53],"is_endless":false,"potions_floor_spawned":[1,4,8,11,14,18,23,24,29,37,41,42,47,54],"ascension_level":0}}