{"host":"2c84cb4cp1emursg","time":1613706329,"event":{"mods":["Act Like it!","BaseMod","Better Third Choice","Bossed Relics","Downfall","Hermit","Mimic Mod","Minty Spire (QoL Compilation)","Permanent Neow","StSLib"],"gold_per_floor":[99,119,135,153,153,164,209,223,323,223,239,253,253,281,295,295,295,295],"floor_reached":16,"language":"ENG","playtime":1114,"items_purged":[],"score":131,"play_id":"924569b0-88c8-4b32-9efe-5886f5322c2a","local_time":"20210218204529","is_ascension_mode":false,"campfire_choices":[{"floor":1,"key":"RECALL"},{"data":"sneckomod:Unknown","floor":10,"key":"SMITH"},{"data":"sneckomod:CheapStock","floor":13,"key":"SMITH"}],"circlet_count":0,"master_deck":["sneckomod:Defend","sneckomod:Defend","sneckomod:TailWhip","sneckomod:SnekBite","sneckomod:Unknown+1","sneckomod:Unknown+1","sneckomod:UnknownExhaust","sneckomod:CheapStock+1","The Bomb+1","sneckomod:ImprovisedGuard+1","sneckomod:PureSnecko+1","sneckomod:SoulCleanse","sneckomod:UnknownStrike","sneckomod:UnknownUncommonAttack","sneckomod:SoulDraw","sneckomod:SoulExchange"],"relics":["Empty Cage","War Paint","downfall:HeartBlessingRed","Centennial Puzzle"],"acts_visited":["Exordium"],"potions_floor_usage":[9,9],"damage_taken":[{"damage":4,"enemies":"Cultist","floor":2,"turns":3},{"damage":6,"enemies":"Small Slimes","floor":3,"turns":2},{"damage":3,"enemies":"Jaw Worm","floor":4,"turns":2},{"damage":7,"enemies":"Blue Slaver","floor":6,"turns":4},{"damage":17,"enemies":"Exordium Wildlife","floor":8,"turns":5},{"damage":8,"enemies":"downfall:Heads","floor":9,"turns":4},{"damage":9,"enemies":"3 Louse","floor":11,"turns":3},{"damage":6,"enemies":"Large Slime","floor":12,"turns":5},{"damage":0,"enemies":"Gremlin Nob","floor":14,"turns":3},{"damage":12,"enemies":"Gremlin Gang","floor":15,"turns":3},{"damage":27,"enemies":"DF_ARCHETYPE_STREAMLINE","floor":16,"turns":3}],"seed_played":"-7712146824632339760","potions_obtained":[{"floor":6,"key":"Weak Potion"},{"floor":8,"key":"LiquidBronze"},{"floor":14,"key":"SteroidPotion"}],"is_trial":false,"path_per_floor":["R","M","M","M","?","M","T","M","?","R","M","M","R","E","M","B"],"character_chosen":"THE_SNECKO","items_purchased":[],"campfire_rested":0,"item_purchase_floors":[],"current_hp_per_floor":[90,86,80,77,77,70,70,53,45,45,36,30,30,30,26,0,0,0],"gold":295,"neow_bonus":"BOSS_RELIC","is_daily":false,"chose_seed":false,"campfire_upgraded":2,"win_rate":0.0,"timestamp":1613706329,"path_taken":["R","M","M","M","?","?","T","?","?","R","M","M","R","E","M","BOSS"],"items_purchased_type":[],"build_version":"2020-12-22","purchased_purges":0,"victory":false,"max_hp_per_floor":[90,90,90,90,90,90,90,90,90,90,90,90,90,90,98,98,98,98],"card_choices":[{"not_picked":["sneckomod:QuickMove","sneckomod:ImprovisedAttack"],"picked":"sneckomod:DiceBlock","floor":2},{"not_picked":["sneckomod:Unknown1Cost","sneckomod:UnknownWeak"],"picked":"sneckomod:UnknownExhaust","floor":3},{"not_picked":["sneckomod:Restock","sneckomod:QuickBite"],"picked":"sneckomod:CheapStock","floor":4},{"not_picked":["sneckomod:SoulRoll","sneckomod:QuickMove"],"picked":"sneckomod:ImprovisedGuard","floor":6},{"not_picked":["sneckomod:WideSting","sneckomod:UnknownCommonSkill"],"picked":"sneckomod:PureSnecko","floor":8},{"not_picked":["sneckomod:RainOfDice","sneckomod:Unknown1Cost"],"picked":"sneckomod:UnknownStrike","floor":9},{"not_picked":["sneckomod:QuickBite","sneckomod:UnknownCommonAttack"],"picked":"sneckomod:UnknownUncommonAttack","floor":11},{"not_picked":["sneckomod:UnknownBlock","sneckomod:UnknownUncommonSkill"],"picked":"sneckomod:SoulDraw","floor":12},{"not_picked":["sneckomod:Mudshield","sneckomod:UnknownRareSkill"],"picked":"sneckomod:SoulExchange","floor":14},{"not_picked":["sneckomod:Unknown1Cost","sneckomod:Rotation","sneckomod:UnknownDraw"],"picked":"SKIP","floor":15}],"player_experience":663816,"relics_obtained":[{"floor":7,"key":"War Paint"},{"floor":14,"key":"Centennial Puzzle"}],"event_choices":[{"cards_removed":["sneckomod:DiceBlock"],"damage_healed":0,"gold_gain":0,"player_choice":"Took Card","damage_taken":0,"max_hp_gain":0,"max_hp_loss":0,"event_name":"NoteForYourself","floor":5,"gold_loss":0,"cards_obtained":["The Bomb"]}],"is_beta":false,"boss_relics":[],"items_purged_floors":[],"is_endless":false,"potions_floor_spawned":[6,8,14],"killed_by":"DF_ARCHETYPE_STREAMLINE","ascension_level":0}}