{"host":"7s0ipaqx8m4pdduf","time":1613733313,"event":{"mods":["BaseMod","BetterRewards","Colored Map","Infinite Spire","Minty Spire (QoL Compilation)","StSLib","SuperFastMode","The Animator"],"gold_per_floor":[117,117,117,136,136,169,94,108,132,104,104,139,139,150,150,229,229,229,209,149,149,149,149,149,149,149,149,149,149,149,149,149,149,149,149,149,149,149,149,149,149,0,0,0,0,0,0,0,0],"floor_reached":48,"language":"ENG","playtime":1618,"items_purged":["Strike_G+1"],"score":868,"play_id":"91ffe6e8-0f70-4d02-b91a-c154de56bdee","local_time":"20210219121513","is_ascension_mode":true,"campfire_choices":[{"data":"Neutralize","floor":11,"key":"SMITH"},{"data":"Dagger Spray","floor":13,"key":"SMITH"},{"data":"Footwork","floor":15,"key":"SMITH"},{"floor":23,"key":"REST"},{"data":"Infinite Blades","floor":25,"key":"SMITH"},{"floor":27,"key":"REST"},{"data":"Catalyst","floor":32,"key":"SMITH"},{"floor":40,"key":"REST"},{"floor":45,"key":"REST"}],"circlet_count":0,"master_deck":["AscendersBane","Strike_G+1","Strike_G+1","Strike_G+1","Defend_G+1","Defend_G+1","Defend_G+1","Defend_G+1","Defend_G+1","Survivor","Neutralize+1","Poisoned Stab","Footwork+1","Caltrops","Well Laid Plans","Dagger Spray+1","Venomology","Die Die Die","Infinite Blades+1","Sucker Punch+1","Catalyst+1","Backstab","Envenom","Madness","Madness","infinitespire:Punishment","Backstab","PiercingWail+1","Noxious Fumes","infinitespire:Execution"],"relics":["Ring of the Snake","NeowsBlessing","Bottled Flame","Matryoshka","Vajra","Centennial Puzzle","infinitespire:Satchel","Shuriken","Ectoplasm","Potion Belt","Blood Vial","MutagenicStrength","Busted Crown","Red Mask","Pen Nib"],"acts_visited":["Exordium","TheCity","TheBeyond"],"potions_floor_usage":[12,12,12,12,16,18,18,20,21,22,24,24,28,29,29,33,33,33,33,33,35,39,39,39,41,44,47,48],"damage_taken":[{"damage":0,"enemies":"2 Louse","floor":1,"turns":1},{"damage":0,"enemies":"Jaw Worm","floor":4,"turns":1},{"damage":0,"enemies":"3 Sentries","floor":6,"turns":1},{"damage":8,"enemies":"Small Slimes","floor":8,"turns":4},{"damage":16,"enemies":"Lagavulin","floor":12,"turns":6},{"damage":0,"enemies":"Looter","floor":14,"turns":3},{"damage":50,"enemies":"Slime Boss","floor":16,"turns":15},{"damage":4,"enemies":"Shell Parasite","floor":18,"turns":4},{"damage":3,"enemies":"2 Thieves","floor":20,"turns":3},{"damage":14,"enemies":"Centurion and Healer","floor":21,"turns":4},{"damage":7,"enemies":"Snecko","floor":22,"turns":6},{"damage":16,"enemies":"Sentry and Sphere","floor":24,"turns":4},{"damage":13,"enemies":"Snake Plant","floor":28,"turns":5},{"damage":7,"enemies":"Snecko","floor":29,"turns":7},{"damage":29,"enemies":"Automaton","floor":33,"turns":7},{"damage":9,"enemies":"3 Shapes","floor":35,"turns":7},{"damage":8,"enemies":"Orb Walker","floor":38,"turns":2},{"damage":8,"enemies":"Spire Growth","floor":39,"turns":3},{"damage":12,"enemies":"Maw","floor":41,"turns":7},{"damage":18,"enemies":"Jaw Worm Horde","floor":44,"turns":3},{"damage":18,"enemies":"Writhing Mass","floor":47,"turns":5},{"damage":23,"enemies":"Spire Growth","floor":48,"turns":3}],"seed_played":"-5800068301318532806","potions_obtained":[{"floor":1,"key":"EntropicBrew"},{"floor":6,"key":"DistilledChaos"},{"floor":14,"key":"PowerPotion"},{"floor":16,"key":"ColorlessPotion"},{"floor":19,"key":"DistilledChaos"},{"floor":20,"key":"EssenceOfSteel"},{"floor":29,"key":"EntropicBrew"},{"floor":33,"key":"Poison Potion"},{"floor":38,"key":"Weak Potion"},{"floor":39,"key":"CunningPotion"}],"is_trial":false,"path_per_floor":["M","?","T","M","?","E","?","M","T","$","R","E","R","M","R","B",null,"M","?","M","M","M","R","M","R","T","R","M","M","?","?","R","B",null,"M","?","?","M","M","R","M","?","T","M","R","AVR","M","M"],"character_chosen":"THE_SILENT","items_purchased":["Dagger Spray"],"campfire_rested":4,"item_purchase_floors":[10],"current_hp_per_floor":[59,64,64,64,64,64,64,56,56,56,56,54,54,54,54,4,54,50,50,47,33,26,47,31,31,31,52,41,36,36,36,36,9,56,49,36,20,14,8,29,19,19,19,3,24,24,8,0,0],"gold":0,"neow_bonus":"THREE_ENEMY_KILL","is_daily":false,"chose_seed":false,"campfire_upgraded":5,"win_rate":0.0,"timestamp":1613733313,"path_taken":["M","?","?","M","?","E","?","M","T","$","R","E","R","M","R","BOSS","M","?","M","M","M","R","M","R","T","R","M","?","?","?","R","BOSS","M","?","?","M","M","R","M","?","T","M","R","AVR","?","M"],"items_purchased_type":["Card"],"build_version":"2020-12-22","purchased_purges":1,"victory":false,"max_hp_per_floor":[66,71,71,71,71,71,71,71,71,71,71,71,71,71,71,71,71,71,71,71,71,71,71,71,71,71,71,71,71,71,71,71,71,71,71,71,71,71,71,71,71,71,71,71,71,71,71,71,71],"card_choices":[{"not_picked":["Sucker Punch","Accuracy"],"picked":"Poisoned Stab","floor":1},{"not_picked":["Escape Plan","Backflip"],"picked":"Footwork","floor":4},{"not_picked":["Quick Slash","Outmaneuver"],"picked":"Caltrops","floor":6},{"not_picked":["Cloak And Dagger","Caltrops"],"picked":"Well Laid Plans","floor":8},{"not_picked":["Dodge and Roll","Underhanded Strike","Deflect"],"picked":"SKIP","floor":12},{"not_picked":["Expertise","All Out Attack"],"picked":"Venomology","floor":14},{"not_picked":["infinitespire:Neurotoxin","Storm of Steel"],"picked":"Die Die Die","floor":16},{"not_picked":["Outmaneuver+1","Calculated Gamble","Bane"],"picked":"SKIP","floor":18},{"not_picked":["Calculated Gamble+1","Blade Dance"],"picked":"Infinite Blades","floor":20},{"not_picked":["PiercingWail","Dodge and Roll"],"picked":"Sucker Punch+1","floor":21},{"not_picked":["Well Laid Plans","Dagger Throw+1","Deadly Poison"],"picked":"SKIP","floor":22},{"not_picked":["Slice","Flechettes","Eviscerate+1"],"picked":"SKIP","floor":24},{"not_picked":["Accuracy","Cloak And Dagger"],"picked":"Catalyst","floor":28},{"not_picked":["Dagger Throw","Deadly Poison"],"picked":"Backstab","floor":29},{"not_picked":["Burst","Die Die Die"],"picked":"Envenom","floor":33},{"not_picked":["Outmaneuver+1"],"picked":"SKIP","floor":35},{"not_picked":["infinitespire:Collect","infinitespire:Starlight"],"picked":"infinitespire:Punishment","floor":37},{"not_picked":["Sucker Punch"],"picked":"SKIP","floor":38},{"not_picked":[],"picked":"Backstab","floor":39},{"not_picked":[],"picked":"PiercingWail+1","floor":41},{"not_picked":[],"picked":"Noxious Fumes","floor":44},{"not_picked":["Slice"],"picked":"SKIP","floor":47}],"player_experience":2423478,"relics_obtained":[{"floor":3,"key":"Bottled Flame"},{"floor":5,"key":"Matryoshka"},{"floor":6,"key":"Vajra"},{"floor":9,"key":"Centennial Puzzle"},{"floor":9,"key":"infinitespire:Satchel"},{"floor":12,"key":"Shuriken"},{"floor":26,"key":"Potion Belt"},{"floor":26,"key":"Blood Vial"},{"floor":43,"key":"Pen Nib"}],"event_choices":[{"damage_healed":0,"gold_gain":0,"player_choice":"Donut","damage_taken":0,"max_hp_gain":5,"max_hp_loss":0,"event_name":"Big Fish","floor":2,"gold_loss":0},{"cards_removed":["Strike_G"],"damage_healed":0,"gold_gain":0,"player_choice":"Card Removal","damage_taken":0,"max_hp_gain":0,"max_hp_loss":0,"event_name":"The Cleric","floor":7,"gold_loss":75},{"damage_healed":0,"gold_gain":0,"player_choice":"Bought 1 Potion","damage_taken":0,"max_hp_gain":0,"max_hp_loss":0,"event_name":"The Woman in Blue","floor":19,"gold_loss":0},{"damage_healed":0,"gold_gain":0,"player_choice":"Inject Mutagens","damage_taken":0,"relics_obtained":["MutagenicStrength"],"max_hp_gain":0,"max_hp_loss":0,"event_name":"Drug Dealer","floor":30,"gold_loss":0},{"damage_healed":0,"gold_gain":0,"player_choice":"Simplicity","damage_taken":0,"max_hp_gain":0,"max_hp_loss":0,"event_name":"Back to Basics","floor":31,"gold_loss":0,"cards_upgraded":["Strike_G","Strike_G","Strike_G","Strike_G","Defend_G","Defend_G","Defend_G","Defend_G","Defend_G"]},{"damage_healed":0,"gold_gain":0,"player_choice":"Embrace Madness","damage_taken":13,"max_hp_gain":0,"max_hp_loss":0,"event_name":"Winding Halls","floor":36,"gold_loss":0,"cards_obtained":["Madness","Madness"]},{"damage_healed":0,"gold_gain":0,"player_choice":"Paid","damage_taken":0,"relics_obtained":["Red Mask"],"max_hp_gain":0,"max_hp_loss":0,"event_name":"Tomb of Lord Red Mask","floor":42,"gold_loss":149}],"is_beta":false,"boss_relics":[{"not_picked":["Calling Bell","Black Star"],"picked":"Ectoplasm"},{"not_picked":["infinitespire:Cupcake","Ring of the Serpent"],"picked":"Busted Crown"}],"items_purged_floors":[46],"is_endless":false,"potions_floor_spawned":[1,6,14,16,20,22,29,33,38,39],"killed_by":"Spire Growth","ascension_level":17}}