{"host":"ymmeoa1x24ihslbm","time":1613749849,"event":{"mods":["AchievementEnabler","BaseMod","Colored Map","Colored Powertips","Defuse TimeMaze Blight","Highlight Path","Minty Spire (QoL Compilation)","Permanent Neow","Quick Restart","StSLib","The Senshi","Unceasing Turn Reminder"],"gold_per_floor":[117,133,151,226,243,243,243,243],"floor_reached":7,"language":"ENG","playtime":354,"items_purged":[],"score":58,"play_id":"d118b420-e0d7-4d18-8777-18c7ded5c6b6","local_time":"20210219165049","is_ascension_mode":true,"campfire_choices":[{"data":"theSenshi:SailorMercuryAssists","floor":6,"key":"SMITH"}],"circlet_count":0,"master_deck":["theSenshi:SailorKick","theSenshi:SailorKick","theSenshi:SailorKick","theSenshi:SailorKick","theSenshi:SailorBlock","theSenshi:SailorBlock","theSenshi:SailorBlock","theSenshi:SailorBlock","theSenshi:RoseThrow","theSenshi:MoonPrismPowerMakeUp","theSenshi:SailorMercuryAssists+1","theSenshi:SchoolBag","theSenshi:SailorV","theSenshi:SailorVenusAssists"],"relics":["theSenshi:TransformationBroochRelic"],"acts_visited":["Exordium"],"potions_floor_usage":[3],"damage_taken":[{"damage":0,"enemies":"Cultist","floor":1,"turns":4},{"damage":0,"enemies":"2 Louse","floor":2,"turns":3},{"damage":0,"enemies":"Jaw Worm","floor":3,"turns":2},{"damage":4,"enemies":"Blue Slaver","floor":5,"turns":7},{"damage":57,"enemies":"Gremlin Nob","floor":7,"turns":6}],"seed_played":"7019627561069029150","potions_obtained":[{"floor":2,"key":"Energy Potion"},{"floor":5,"key":"DuplicationPotion"}],"is_trial":false,"path_per_floor":["M","M","M","?","M","R","E"],"character_chosen":"THE_SENSHI","items_purchased":[],"campfire_rested":0,"item_purchase_floors":[],"current_hp_per_floor":[68,68,68,61,57,57,0,0],"gold":243,"neow_bonus":"THREE_CARDS","is_daily":false,"chose_seed":false,"campfire_upgraded":1,"win_rate":0.0,"timestamp":1613749849,"path_taken":["M","M","?","?","?","R","E"],"items_purchased_type":[],"build_version":"2020-12-22","purchased_purges":0,"victory":false,"max_hp_per_floor":[75,75,75,75,75,75,75,75],"card_choices":[{"not_picked":["theSenshi:MoonKick","theSenshi:SupersonicWaves"],"picked":"theSenshi:SailorMercuryAssists","floor":0},{"not_picked":["theSenshi:MoonPunch","theSenshi:SailorStarFighterAssists"],"picked":"theSenshi:SchoolBag","floor":1},{"not_picked":["theSenshi:SupersonicWaves","theSenshi:SailorStarFighterAssists"],"picked":"theSenshi:SailorV","floor":2},{"not_picked":["theSenshi:SailorChibiMoonAssists","theSenshi:GlimpseOfThePast","theSenshi:LateForSchool"],"picked":"SKIP","floor":3},{"not_picked":["theSenshi:EncouragingSpeech","theSenshi:Sidestep"],"picked":"theSenshi:SailorVenusAssists","floor":5}],"player_experience":756697,"relics_obtained":[],"event_choices":[{"damage_healed":0,"gold_gain":75,"player_choice":"Touch","damage_taken":7,"max_hp_gain":0,"max_hp_loss":0,"event_name":"FaceTrader","floor":4,"gold_loss":0}],"is_beta":false,"boss_relics":[],"items_purged_floors":[],"is_endless":false,"potions_floor_spawned":[2,5],"killed_by":"Gremlin Nob","ascension_level":7}}