{"host":"l01t7t37ixu0vcan","time":1613755794,"event":{"mods":["Ascension Reborn","BaseMod","Custom Start","Minty Spire (QoL Compilation)","Quick Restart","StSLib"],"gold_per_floor":[109,126,126,141,154,154,104,134,184,184,184,197,197,42,42,139,139,155,172,190,200,100,100,112,127,127,127,142,142,162,178,178,278,278,289,289,339,339,352,352,352,364,411,130,130,130,45,61,61,61],"floor_reached":51,"language":"ZHS","playtime":2657,"items_purged":["Strike_G","Strike_G","Strike_G"],"score":676,"play_id":"aa4330f3-0fa6-4d08-9e31-17f7a317c369","local_time":"20210220012954","is_ascension_mode":true,"campfire_choices":[{"data":"Poisoned Stab","floor":6,"key":"SMITH"},{"data":"Footwork","floor":15,"key":"SMITH"},{"data":"Noxious Fumes","floor":23,"key":"SMITH"},{"floor":27,"key":"REST"},{"data":"Deadly Poison","floor":32,"key":"SMITH"},{"data":"1","floor":40,"key":"LIFT"},{"data":"Survivor","floor":46,"key":"SMITH"},{"data":"Poisoned Stab","floor":49,"key":"SMITH"}],"circlet_count":0,"master_deck":["Defend_G+1","Defend_G+1","Defend_G","Defend_G","Defend_G+1","Survivor+1","Neutralize+1","Footwork+1","Poisoned Stab+1","Poisoned Stab+1","Deadly Poison+1","Dagger Spray","Deadly Poison+1","Footwork+1","Burst+1","Noxious Fumes+1","Dodge and Roll+1","PiercingWail+1","Deadly Poison+1","Backflip+1","Bouncing Flask+1","Adrenaline+1","Tactician+1","Expertise+1","Leg Sweep+1","Acrobatics+1","Backstab","Dodge and Roll+1"],"relics":["Ring of the Snake","NeowsBlessing","Toxic Egg 2","Omamori","Ancient Tea Set","Philosopher\u0027s Stone","Happy Flower","Blue Candle","HoveringKite","Girya","Boot","War Paint"],"acts_visited":["Exordium","TheCity","TheBeyond"],"potions_floor_usage":[30,33,33,50,50],"damage_taken":[{"damage":0,"enemies":"Small Slimes","floor":1,"turns":1},{"damage":0,"enemies":"Jaw Worm","floor":2,"turns":1},{"damage":0,"enemies":"2 Louse","floor":4,"turns":1},{"damage":0,"enemies":"2 Fungi Beasts","floor":5,"turns":3},{"damage":0,"enemies":"Lagavulin","floor":8,"turns":7},{"damage":21,"enemies":"Gremlin Gang","floor":12,"turns":5},{"damage":17,"enemies":"Slime Boss","floor":16,"turns":14},{"damage":3,"enemies":"2 Thieves","floor":18,"turns":4},{"damage":1,"enemies":"Chosen","floor":19,"turns":6},{"damage":3,"enemies":"3 Cultists","floor":20,"turns":7},{"damage":14,"enemies":"Centurion and Healer","floor":21,"turns":7},{"damage":9,"enemies":"Snake Plant","floor":24,"turns":3},{"damage":25,"enemies":"Cultist and Chosen","floor":25,"turns":7},{"damage":0,"enemies":"Centurion and Healer","floor":28,"turns":6},{"damage":10,"enemies":"Sentry and Sphere","floor":30,"turns":5},{"damage":6,"enemies":"Snake Plant","floor":31,"turns":3},{"damage":9,"enemies":"Champ","floor":33,"turns":11},{"damage":14,"enemies":"Orb Walker","floor":35,"turns":3},{"damage":31,"enemies":"Mind Bloom Boss Battle","floor":37,"turns":5},{"damage":0,"enemies":"3 Shapes","floor":39,"turns":5},{"damage":13,"enemies":"Maw","floor":42,"turns":6},{"damage":0,"enemies":"Transient","floor":48,"turns":5},{"damage":30,"enemies":"Time Eater","floor":50,"turns":13}],"seed_played":"-7766845248318382934","potions_obtained":[{"floor":1,"key":"LiquidMemories"},{"floor":8,"key":"FearPotion"},{"floor":19,"key":"Block Potion"},{"floor":20,"key":"Strength Potion"},{"floor":24,"key":"Explosive Potion"},{"floor":28,"key":"Fruit Juice"},{"floor":30,"key":"EssenceOfSteel"},{"floor":42,"key":"ColorlessPotion"}],"is_trial":false,"path_per_floor":["M","M","?","M","M","R","?","E","T","?","?","M","?","$","R","B",null,"M","M","M","M","$","R","M","M","T","R","M","T","M","M","R","B",null,"M","?","?","?","M","R","?","M","T","$","?","R","$","M","R","B",null],"character_chosen":"THE_SILENT","items_purchased":["Footwork","War Paint","Acrobatics+1","Backstab"],"campfire_rested":1,"item_purchase_floors":[14,44,47,47],"current_hp_per_floor":[70,70,56,56,56,56,56,56,56,56,49,28,28,28,28,11,70,67,66,63,49,49,49,40,15,15,36,36,36,31,25,25,16,75,61,61,30,30,30,30,66,53,53,53,53,53,53,53,53,23],"gold":61,"neow_bonus":"THREE_ENEMY_KILL","is_daily":false,"chose_seed":false,"campfire_upgraded":6,"win_rate":0.0,"timestamp":1613755794,"path_taken":["M","M","?","M","M","R","?","E","T","?","?","M","?","$","R","BOSS","M","M","?","M","$","R","M","M","T","R","M","?","M","M","R","BOSS","M","?","?","?","M","R","?","M","T","$","?","R","?","M","R","BOSS"],"items_purchased_type":["Card","Relic","Card","Card"],"build_version":"2020-12-22","purchased_purges":3,"victory":true,"max_hp_per_floor":[70,70,70,70,70,70,70,70,70,70,70,70,70,70,70,70,70,70,70,70,70,70,70,70,70,70,70,70,70,75,75,75,75,75,75,75,75,75,75,75,66,66,66,66,63,63,63,63,63,63],"card_choices":[{"not_picked":["Noxious Fumes","Finisher"],"picked":"Footwork","floor":1},{"not_picked":["Prepared","Sucker Punch"],"picked":"Poisoned Stab","floor":2},{"not_picked":["PiercingWail","Outmaneuver"],"picked":"Poisoned Stab","floor":4},{"not_picked":["Dodge and Roll","Blur"],"picked":"Deadly Poison","floor":5},{"not_picked":["Poisoned Stab","Venomology+1"],"picked":"Dagger Spray","floor":8},{"not_picked":["Prepared+1","Bane"],"picked":"Deadly Poison+1","floor":12},{"not_picked":["Unload","Malaise+1"],"picked":"Burst+1","floor":16},{"not_picked":["Accuracy","Prepared+1"],"picked":"Noxious Fumes","floor":18},{"not_picked":["Dagger Throw","Accuracy"],"picked":"Dodge and Roll+1","floor":19},{"not_picked":["Riddle With Holes","Outmaneuver+1"],"picked":"PiercingWail+1","floor":20},{"not_picked":["Skewer","Accuracy"],"picked":"Dagger Spray+1","floor":21},{"not_picked":["Dagger Spray","Underhanded Strike+1"],"picked":"Deadly Poison+1","floor":24},{"not_picked":["Finisher","Prepared+1"],"picked":"Backflip+1","floor":25},{"not_picked":["PiercingWail+1","Sucker Punch+1","Poisoned Stab+1"],"picked":"SKIP","floor":28},{"not_picked":["Terror+1","Concentrate+1"],"picked":"Bouncing Flask+1","floor":30},{"not_picked":["Deadly Poison+1","Poisoned Stab","Masterful Stab"],"picked":"SKIP","floor":31},{"not_picked":["Night Terror+1","Unload"],"picked":"Adrenaline+1","floor":33},{"not_picked":["PiercingWail+1","Riddle With Holes+1"],"picked":"Tactician+1","floor":35},{"not_picked":["Caltrops+1","Skewer"],"picked":"Expertise+1","floor":37},{"not_picked":["Caltrops+1","Slice"],"picked":"Leg Sweep+1","floor":39},{"not_picked":["Sucker Punch","Cloak And Dagger+1","Slice+1"],"picked":"SKIP","floor":42},{"not_picked":["Accuracy+1","Deflect+1"],"picked":"Dodge and Roll+1","floor":48}],"player_experience":125346,"relics_obtained":[{"floor":8,"key":"Toxic Egg 2"},{"floor":9,"key":"Omamori"},{"floor":26,"key":"Happy Flower"},{"floor":29,"key":"Blue Candle"},{"floor":37,"key":"Girya"},{"floor":43,"key":"Boot"}],"event_choices":[{"damage_healed":0,"gold_gain":0,"player_choice":"Entered Light","damage_taken":14,"max_hp_gain":0,"max_hp_loss":0,"event_name":"Shining Light","floor":3,"gold_loss":0,"cards_upgraded":["Defend_G","Neutralize"]},{"cards_removed":["Strike_G"],"damage_healed":0,"gold_gain":0,"player_choice":"Card Removal","damage_taken":0,"max_hp_gain":0,"max_hp_loss":0,"event_name":"The Cleric","floor":7,"gold_loss":50},{"damage_healed":0,"gold_gain":0,"player_choice":"Box","damage_taken":0,"relics_obtained":["Ancient Tea Set"],"max_hp_gain":0,"max_hp_loss":0,"event_name":"Big Fish","floor":10,"gold_loss":0,"cards_obtained":["Regret"]},{"cards_removed":["Strike_G"],"damage_healed":0,"gold_gain":0,"player_choice":"Card Removal","damage_taken":7,"max_hp_gain":0,"max_hp_loss":0,"event_name":"Golden Wing","floor":11,"gold_loss":0},{"damage_healed":0,"gold_gain":0,"player_choice":"Upgraded","damage_taken":0,"max_hp_gain":0,"max_hp_loss":0,"event_name":"Upgrade Shrine","floor":13,"gold_loss":0,"cards_upgraded":["Footwork"]},{"cards_removed":["Dagger Spray"],"damage_healed":0,"gold_gain":0,"player_choice":"Removed Attack","damage_taken":0,"max_hp_gain":0,"max_hp_loss":0,"event_name":"Falling","floor":36,"gold_loss":0},{"damage_healed":0,"gold_gain":0,"player_choice":"Fight","damage_taken":0,"max_hp_gain":0,"max_hp_loss":0,"event_name":"MindBloom","floor":37,"gold_loss":0},{"damage_healed":0,"gold_gain":0,"player_choice":"Ignored","damage_taken":0,"max_hp_gain":0,"max_hp_loss":0,"event_name":"Mysterious Sphere","floor":38,"gold_loss":0},{"damage_healed":66,"gold_gain":0,"player_choice":"Heal","damage_taken":0,"max_hp_gain":0,"max_hp_loss":9,"event_name":"The Moai Head","floor":41,"gold_loss":0},{"damage_healed":0,"gold_gain":0,"player_choice":"Max HP","damage_taken":0,"max_hp_gain":0,"max_hp_loss":3,"event_name":"Winding Halls","floor":45,"gold_loss":0}],"is_beta":false,"boss_relics":[{"not_picked":["Fusion Hammer","Runic Pyramid"],"picked":"Philosopher\u0027s Stone"},{"not_picked":["Snecko Eye","Cursed Key"],"picked":"HoveringKite"}],"items_purged_floors":[14,22,44],"is_endless":false,"potions_floor_spawned":[1,8,19,20,24,28,30,42],"ascension_level":0}}