{"host":"ar85q1708ucjvf51","time":1613768189,"event":{"mods":["BaseMod","Minty Spire (QoL Compilation)"],"gold_per_floor":[113,288,288,288,313,346,346,346,346],"floor_reached":8,"language":"ENG","playtime":2195,"items_purged":[],"score":83,"play_id":"43195b57-6e0d-42c0-b361-b52541021488","local_time":"20210219155629","is_ascension_mode":true,"campfire_choices":[{"data":"Infinite Blades","floor":7,"key":"SMITH"}],"circlet_count":0,"master_deck":["Strike_G","Strike_G","Strike_G","Strike_G","Strike_G","Defend_G","Defend_G","Defend_G","Defend_G","Defend_G","Survivor","Neutralize","Cloak And Dagger","Doubt","Catalyst","Infinite Blades+1"],"relics":["Ring of the Snake","NeowsBlessing","Golden Idol","Strawberry"],"acts_visited":["Exordium"],"potions_floor_usage":[],"damage_taken":[{"damage":0,"enemies":"Jaw Worm","floor":1,"turns":1},{"damage":0,"enemies":"2 Louse","floor":5,"turns":1},{"damage":0,"enemies":"3 Sentries","floor":6,"turns":2},{"damage":74,"enemies":"Lagavulin","floor":8,"turns":14}],"seed_played":"977497142610219563","potions_obtained":[{"floor":1,"key":"EssenceOfSteel"}],"is_trial":false,"path_per_floor":["M","?","?","?","M","E","R","E"],"character_chosen":"THE_SILENT","items_purchased":[],"campfire_rested":0,"item_purchase_floors":[],"current_hp_per_floor":[70,70,75,57,57,64,64,0,0],"gold":346,"neow_bonus":"THREE_ENEMY_KILL","is_daily":false,"chose_seed":false,"campfire_upgraded":1,"win_rate":0.0,"timestamp":1613768189,"path_taken":["M","?","?","?","M","E","R","E"],"items_purchased_type":[],"build_version":"2020-12-22","purchased_purges":0,"victory":false,"max_hp_per_floor":[70,70,75,75,75,82,82,82,82],"card_choices":[{"not_picked":["Riddle With Holes","Dagger Spray"],"picked":"Cloak And Dagger","floor":1},{"not_picked":["Backflip","Sucker Punch"],"picked":"Catalyst","floor":5},{"not_picked":["Cloak And Dagger","Phantasmal Killer"],"picked":"Infinite Blades","floor":6}],"player_experience":709003,"relics_obtained":[{"floor":6,"key":"Strawberry"}],"event_choices":[{"damage_healed":0,"gold_gain":175,"player_choice":"AGREE","damage_taken":0,"max_hp_gain":0,"max_hp_loss":0,"event_name":"Liars Game","floor":2,"gold_loss":0,"cards_obtained":["Doubt"]},{"damage_healed":0,"gold_gain":0,"player_choice":"Donut","damage_taken":0,"max_hp_gain":5,"max_hp_loss":0,"event_name":"Big Fish","floor":3,"gold_loss":0},{"damage_healed":0,"gold_gain":0,"player_choice":"Take Damage","damage_taken":18,"relics_obtained":["Golden Idol"],"max_hp_gain":0,"max_hp_loss":0,"event_name":"Golden Idol","floor":4,"gold_loss":0}],"is_beta":false,"boss_relics":[],"items_purged_floors":[],"is_endless":false,"potions_floor_spawned":[1],"killed_by":"Lagavulin","ascension_level":1}}