{"host":"u7lm8z2rvb4dg2oo","time":1613716823,"event":{"mods":["AchievementEnabler","BaseMod","Bestiary","Block Reminder","Colored Map","Colored Powertips","Curses Come First","DeckTracker","Googly Eyes","Highlight Path","Minty Spire (QoL Compilation)","Quick Restart","StSLib"],"gold_per_floor":[119,131,131,41,56,82,82,99,99,99,114,114,142,158,158,229,229,246,246,70,70,36,36,36,36,36,36,71,71,28,45,45,45,45],"floor_reached":33,"language":"ENG","playtime":1622,"items_purged":["Strike_G"],"score":501,"play_id":"7ea074d0-785b-42c9-9551-e10697a56780","local_time":"20210219014023","is_ascension_mode":true,"campfire_choices":[{"data":"Leg Sweep","floor":7.0,"key":"SMITH"},{"floor":12.0,"key":"REST"},{"floor":15.0,"key":"REST"},{"floor":23.0,"key":"REST"},{"data":"Footwork","floor":25.0,"key":"SMITH"},{"data":"After Image","floor":27.0,"key":"SMITH"},{"floor":29.0,"key":"REST"},{"floor":32.0,"key":"REST"}],"circlet_count":0,"master_deck":["AscendersBane","Strike_G+1","Strike_G","Strike_G","Strike_G+1","Defend_G","Defend_G","Defend_G","Defend_G","Defend_G","Survivor","Neutralize+1","Leg Sweep+1","Blur","Well Laid Plans","Poisoned Stab","Noxious Fumes+1","After Image+1","Caltrops","Die Die Die","Predator","Footwork+1","Deadly Poison","Decay","Backstab","After Image","Bane+1"],"relics":["Ring of the Snake","Whetstone","Blue Candle","The Courier","Shuriken","Philosopher\u0027s Stone","Anchor","Bottled Lightning"],"acts_visited":["Exordium","TheCity"],"potions_floor_usage":[33],"damage_taken":[{"damage":0.0,"enemies":"Cultist","floor":1.0,"turns":4.0},{"damage":0.0,"enemies":"2 Louse","floor":2.0,"turns":2.0},{"damage":0.0,"enemies":"Small Slimes","floor":5.0,"turns":5.0},{"damage":17.0,"enemies":"3 Sentries","floor":6.0,"turns":8.0},{"damage":1.0,"enemies":"2 Fungi Beasts","floor":8.0,"turns":4.0},{"damage":10.0,"enemies":"Exordium Wildlife","floor":11.0,"turns":6.0},{"damage":31.0,"enemies":"Gremlin Nob","floor":13.0,"turns":5.0},{"damage":14.0,"enemies":"Lots of Slimes","floor":14.0,"turns":5.0},{"damage":15.0,"enemies":"Hexaghost","floor":16.0,"turns":10.0},{"damage":25.0,"enemies":"3 Byrds","floor":18.0,"turns":5.0},{"damage":33.0,"enemies":"Book of Stabbing","floor":28.0,"turns":7.0},{"damage":11.0,"enemies":"Shell Parasite","floor":31.0,"turns":5.0},{"damage":71,"enemies":"Collector","floor":33,"turns":7}],"seed_played":"-4254092322428953198","potions_obtained":[{"floor":5.0,"key":"Fire Potion"},{"floor":11.0,"key":"AttackPotion"},{"floor":13.0,"key":"Strength Potion"},{"floor":16.0,"key":"Poison Potion"},{"floor":31.0,"key":"Weak Potion"}],"is_trial":false,"path_per_floor":["M","M","?","$","M","E","R","M","T","?","M","R","E","M","R","B",null,"M","?","$","?","$","R","$","R","T","R","E","R","$","M","R","B"],"character_chosen":"THE_SILENT","items_purchased":["Well Laid Plans","Footwork","Deadly Poison","Backstab","SteroidPotion"],"campfire_rested":5,"item_purchase_floors":[4,20,20,22,30],"current_hp_per_floor":[59,59,59,59,59,42,42,41,41,41,31,50,19,5,24,9,52,27,27,27,27,27,46,46,46,46,46,13,32,32,21,40,0,0],"gold":45,"neow_bonus":"RANDOM_COMMON_RELIC","is_daily":false,"chose_seed":false,"campfire_upgraded":3,"win_rate":0.0,"timestamp":1613716823,"path_taken":["M","M","?","$","M","E","R","M","T","?","?","R","E","M","R","BOSS","M","?","$","?","?","R","$","R","T","R","E","R","$","M","R","BOSS"],"items_purchased_type":["Card","Card","Card","Card","Potion"],"build_version":"2020-12-22","purchased_purges":1,"victory":false,"max_hp_per_floor":[66,66,66,66,66,66,66,66,66,66,66,66,66,66,66,66,66,66,66,66,66,66,66,66,66,66,66,66,66,66,66,66,66,66],"card_choices":[{"not_picked":["Underhanded Strike","Cloak And Dagger"],"picked":"Leg Sweep","floor":1.0},{"not_picked":["Backflip","Grand Finale"],"picked":"Blur","floor":2.0},{"not_picked":["Acrobatics","Slice"],"picked":"Poisoned Stab","floor":5.0},{"not_picked":["Endless Agony","Backflip","Outmaneuver"],"picked":"SKIP","floor":6.0},{"not_picked":["Deadly Poison","Blade Dance"],"picked":"Noxious Fumes","floor":8.0},{"not_picked":["Flying Knee","Skewer","Sucker Punch"],"picked":"SKIP","floor":11.0},{"not_picked":["Tactician","Sucker Punch"],"picked":"After Image","floor":13.0},{"not_picked":["Choke","Prepared"],"picked":"Caltrops","floor":14.0},{"not_picked":["Unload","A Thousand Cuts"],"picked":"Die Die Die","floor":16.0},{"not_picked":["Dagger Spray","Dodge and Roll+1"],"picked":"Predator","floor":18.0},{"not_picked":["Underhanded Strike","Flechettes"],"picked":"After Image","floor":28.0},{"not_picked":["Dagger Spray","Prepared"],"picked":"Bane+1","floor":31.0}],"player_experience":1112110,"relics_obtained":[{"floor":6.0,"key":"Blue Candle"},{"floor":9.0,"key":"The Courier"},{"floor":13.0,"key":"Shuriken"},{"floor":26.0,"key":"Anchor"},{"floor":28.0,"key":"Bottled Lightning"}],"event_choices":[{"damage_healed":0.0,"max_hp_gain":0.0,"max_hp_loss":0.0,"gold_gain":0.0,"event_name":"Living Wall","player_choice":"Grow","floor":3.0,"gold_loss":0.0,"damage_taken":0.0,"cards_upgraded":["Neutralize"]},{"damage_healed":0.0,"max_hp_gain":0.0,"max_hp_loss":0.0,"gold_gain":0.0,"event_name":"Upgrade Shrine","player_choice":"Upgraded","floor":10.0,"gold_loss":0.0,"damage_taken":0.0,"cards_upgraded":["Noxious Fumes"]},{"damage_healed":0.0,"max_hp_gain":0.0,"max_hp_loss":0.0,"gold_gain":0.0,"event_name":"Vampires","player_choice":"Ignored","floor":19.0,"gold_loss":0.0,"damage_taken":0.0},{"damage_healed":0.0,"max_hp_gain":0.0,"max_hp_loss":0.0,"gold_gain":0.0,"event_name":"Forgotten Altar","player_choice":"Smashed Altar","floor":21.0,"gold_loss":0.0,"damage_taken":0.0,"cards_obtained":["Decay"]}],"is_beta":false,"boss_relics":[{"not_picked":["Ectoplasm","SacredBark"],"picked":"Philosopher\u0027s Stone"}],"items_purged_floors":[20],"is_endless":false,"potions_floor_spawned":[5,11,13,16,31],"killed_by":"Collector","ascension_level":17}}