{"host":"js2su9tbbk4rmjfl","time":1613759339,"event":{"mods":["AchievementEnabler","BaseMod","Block Reminder","Colored Map","Colored Powertips","Highlight Path","Minty Spire (QoL Compilation)","Relic Stats"],"gold_per_floor":[113,128,138,5,5,5,19,19,19,19,39,66,66,78,78,153,153,165,183,196,214,226,226,244,278,333,333,333,333,345,16,16,16,16],"floor_reached":33,"language":"ENG","playtime":2577,"items_purged":["Strike_R","Strike_R"],"score":496,"play_id":"ca7fc6d6-2296-4b66-9484-aa35e45eb474","local_time":"20210219192859","is_ascension_mode":true,"campfire_choices":[{"data":"Corruption","floor":6.0,"key":"SMITH"},{"data":"Rage","floor":8.0,"key":"SMITH"},{"data":"Hemokinesis","floor":10.0,"key":"SMITH"},{"data":"Whirlwind","floor":15.0,"key":"SMITH"},{"floor":23,"key":"REST"},{"floor":27,"key":"REST"},{"floor":29,"key":"REST"},{"floor":32,"key":"REST"}],"circlet_count":0,"master_deck":["AscendersBane","Strike_R","Strike_R","Strike_R","Defend_R","Defend_R","Defend_R","Defend_R","Bash","Corruption+1","Hemokinesis+1","Rage+1","Shrug It Off","Headbutt","Whirlwind+1","Clash","Juggernaut","Anger+1","Inflame","Rupture"],"relics":["Burning Blood","Bottled Tornado","Odd Mushroom","Fusion Hammer","InkBottle","Boot"],"acts_visited":["Exordium","TheCity"],"potions_floor_usage":[21,22,25,30,33,33],"damage_taken":[{"damage":10.0,"enemies":"Small Slimes","floor":1.0,"turns":4.0},{"damage":11.0,"enemies":"2 Louse","floor":2.0,"turns":2.0},{"damage":16.0,"enemies":"Jaw Worm","floor":3.0,"turns":5.0},{"damage":14.0,"enemies":"Lots of Slimes","floor":7.0,"turns":6.0},{"damage":12.0,"enemies":"3 Louse","floor":11.0,"turns":4.0},{"damage":4.0,"enemies":"The Mushroom Lair","floor":12.0,"turns":4.0},{"damage":12.0,"enemies":"Exordium Wildlife","floor":14.0,"turns":4.0},{"damage":39.0,"enemies":"The Guardian","floor":16.0,"turns":11.0},{"damage":19,"enemies":"Spheric Guardian","floor":18,"turns":4},{"damage":26,"enemies":"Shell Parasite","floor":19,"turns":4},{"damage":9,"enemies":"3 Cultists","floor":20,"turns":4},{"damage":3,"enemies":"Centurion and Healer","floor":21,"turns":6},{"damage":3,"enemies":"Sentry and Sphere","floor":22,"turns":4},{"damage":12,"enemies":"3 Cultists","floor":24,"turns":3},{"damage":46,"enemies":"Book of Stabbing","floor":25,"turns":5},{"damage":29,"enemies":"Colosseum Slavers","floor":28,"turns":3},{"damage":39,"enemies":"Shelled Parasite and Fungi","floor":30,"turns":4},{"damage":39,"enemies":"Champ","floor":33,"turns":7}],"seed_played":"1131154551829252758","potions_obtained":[{"floor":2.0,"key":"SpeedPotion"},{"floor":11.0,"key":"PowerPotion"},{"floor":12.0,"key":"Fire Potion"},{"floor":19,"key":"BloodPotion"},{"floor":21,"key":"HeartOfIron"},{"floor":24,"key":"SpeedPotion"}],"is_trial":false,"path_per_floor":["M","M","M","$","?","R","M","R","T","R","M","?","?","M","R","B",null,"M","M","M","M","M","R","M","E","T","R","?","R","M","$","R","B"],"character_chosen":"IRONCLAD","items_purchased":["Shrug It Off","HeartOfIron","DistilledChaos","Rupture"],"campfire_rested":4,"item_purchase_floors":[4,31,31,31],"current_hp_per_floor":[64,59,49,49,74,74,66,66,66,66,60,62,62,56,56,23,62,49,29,26,29,32,54,48,8,8,30,7,29,11,11,33,0,0],"gold":16,"neow_bonus":"ONE_RANDOM_RARE_CARD","is_daily":false,"chose_seed":false,"campfire_upgraded":4,"win_rate":0.0,"timestamp":1613759339,"path_taken":["M","M","M","$","?","R","M","R","T","R","M","?","?","M","R","BOSS","M","M","M","M","M","R","M","E","T","R","?","R","M","$","R","BOSS"],"items_purchased_type":["Card","Potion","Potion","Card"],"build_version":"2020-12-22","purchased_purges":2,"victory":false,"max_hp_per_floor":[75,75,75,75,75,75,75,75,75,75,75,75,75,75,75,75,75,75,75,75,75,75,75,75,75,75,75,75,75,75,75,75,75,75],"relic_stats":{"counters":[18,84],"Boot":[11],"obtain_stats":[{"Fusion Hammer":17,"Bottled Tornado":9,"Odd Mushroom":12,"Boot":26,"Burning Blood":0,"InkBottle":25},{"Fusion Hammer":8,"Bottled Tornado":4,"Odd Mushroom":6,"Boot":15,"Burning Blood":0,"InkBottle":15},{"Fusion Hammer":40,"Bottled Tornado":17,"Odd Mushroom":25,"Boot":70,"Burning Blood":0,"InkBottle":70}],"Burning Blood":102,"InkBottle":[6]},"card_choices":[{"not_picked":["Clothesline","Evolve"],"picked":"Hemokinesis","floor":1.0},{"not_picked":["Evolve","Intimidate","Perfected Strike"],"picked":"SKIP","floor":2.0},{"not_picked":["Iron Wave","Havoc"],"picked":"Rage","floor":3.0},{"not_picked":["Body Slam","Infernal Blade"],"picked":"Headbutt","floor":7.0},{"not_picked":["Thunderclap","Body Slam"],"picked":"Whirlwind","floor":11.0},{"not_picked":["Whirlwind","Burning Pact"],"picked":"Clash","floor":12.0},{"not_picked":["Corruption","Warcry","Whirlwind"],"picked":"SKIP","floor":14.0},{"not_picked":["Reaper","Demon Form"],"picked":"Juggernaut","floor":16.0},{"not_picked":["Metallicize","True Grit","Wild Strike"],"picked":"SKIP","floor":18},{"not_picked":["Metallicize","True Grit","Wild Strike"],"picked":"SKIP","floor":18},{"not_picked":["Armaments","Headbutt"],"picked":"Anger+1","floor":19},{"not_picked":["Iron Wave","Clothesline","Clash"],"picked":"SKIP","floor":20},{"not_picked":["Whirlwind","Rage"],"picked":"Inflame","floor":21},{"not_picked":["Shrug It Off","Carnage","Sword Boomerang"],"picked":"SKIP","floor":22},{"not_picked":["Clash","Sentinel","Headbutt"],"picked":"SKIP","floor":24},{"not_picked":["Body Slam","Armaments","Shrug It Off"],"picked":"SKIP","floor":25},{"not_picked":["Armaments","Warcry","Sword Boomerang"],"picked":"SKIP","floor":30}],"player_experience":865581,"relics_obtained":[{"floor":9.0,"key":"Bottled Tornado"},{"floor":12.0,"key":"Odd Mushroom"},{"floor":25,"key":"InkBottle"},{"floor":26,"key":"Boot"}],"event_choices":[{"damage_healed":25.0,"max_hp_gain":0.0,"max_hp_loss":0.0,"gold_gain":0.0,"event_name":"Big Fish","player_choice":"Banana","floor":5.0,"gold_loss":0.0,"damage_taken":0.0},{"damage_healed":0.0,"max_hp_gain":0.0,"max_hp_loss":0.0,"gold_gain":0.0,"event_name":"Mushrooms","player_choice":"Fought Mushrooms","floor":12.0,"gold_loss":0.0,"damage_taken":0.0},{"damage_healed":0.0,"max_hp_gain":0.0,"max_hp_loss":0.0,"gold_gain":0.0,"event_name":"Liars Game","player_choice":"Ignored","floor":13.0,"gold_loss":0.0,"damage_taken":0.0},{"damage_healed":0,"gold_gain":0,"player_choice":"Fight","damage_taken":0,"max_hp_gain":0,"max_hp_loss":0,"event_name":"Colosseum","floor":28,"gold_loss":0},{"damage_healed":0,"gold_gain":0,"player_choice":"Fled From Nobs","damage_taken":0,"max_hp_gain":0,"max_hp_loss":0,"event_name":"Colosseum","floor":28,"gold_loss":0}],"is_beta":false,"boss_relics":[{"not_picked":["Black Star","Philosopher\u0027s Stone"],"picked":"Fusion Hammer"}],"items_purged_floors":[4,31],"is_endless":false,"potions_floor_spawned":[2,11,12,19,21,24],"killed_by":"Champ","ascension_level":18}}