{"host":"cjhtzh7tp54jdfyv","time":1613725693,"event":{"mods":["AchievementEnabler","BaseMod","Colored Map","Colored Powertips","Curses Come First","DeckTracker","Filter the Spire","Minty Spire (QoL Compilation)","RNG Fix","Relic Sorter","Relic Stats","StSLib","UnlockEverythingMod","ojb\u0027s Better Paths Mod","ojb\u0027s Info Mod"],"gold_per_floor":[112,123,123,19,19,48,65,80,80,80,80],"floor_reached":10,"language":"ENG","playtime":505,"items_purged":["Defend_P"],"score":136,"play_id":"46366e27-65cf-49d1-b9d0-d29aea9dd78f","local_time":"20210219040813","is_ascension_mode":true,"campfire_choices":[],"circlet_count":0,"master_deck":["AscendersBane","Strike_P","Strike_P","Strike_P","Strike_P","Defend_P","Defend_P","Eruption+1","Vigilance","JustLucky","EmptyFist","EmptyMind"],"relics":["Philosopher\u0027s Stone","Potion Belt","GoldenEye"],"acts_visited":["Exordium"],"potions_floor_usage":[],"damage_taken":[{"damage":3,"enemies":"Jaw Worm","floor":1,"turns":4},{"damage":4,"enemies":"2 Louse","floor":2,"turns":4},{"damage":37,"enemies":"Lagavulin","floor":6,"turns":8},{"damage":0,"enemies":"Small Slimes","floor":7,"turns":2},{"damage":9,"enemies":"3 Louse","floor":8,"turns":2},{"damage":9,"enemies":"3 Sentries","floor":10,"turns":2}],"seed_played":"8362813985422034129","potions_obtained":[],"is_trial":false,"path_per_floor":["M","M","?","$","?","E","M","M","T","E"],"character_chosen":"WATCHER","items_purchased":["EmptyFist"],"campfire_rested":0,"item_purchase_floors":[4],"current_hp_per_floor":[58,54,54,54,54,17,17,8,8,0,0],"gold":80,"neow_bonus":"BOSS_RELIC","is_daily":false,"chose_seed":false,"campfire_upgraded":0,"win_rate":0.0,"timestamp":1613725693,"path_taken":["M","M","?","?","?","E","M","M","T","E"],"items_purchased_type":["Card"],"build_version":"2020-12-22","purchased_purges":1,"victory":false,"max_hp_per_floor":[68,68,68,68,68,68,68,68,68,68,68],"relic_stats":{"counters":[6,22],"GoldenEye":[2],"obtain_stats":[{"Potion Belt":6,"Philosopher\u0027s Stone":0,"PureWater":0,"GoldenEye":9},{"Potion Belt":3,"Philosopher\u0027s Stone":0,"PureWater":0,"GoldenEye":5},{"Potion Belt":16,"Philosopher\u0027s Stone":0,"PureWater":0,"GoldenEye":20}]},"card_choices":[{"not_picked":["Evaluate","Vengeance","SandsOfTime"],"picked":"SKIP","floor":1},{"not_picked":["Protect","Vengeance"],"picked":"JustLucky","floor":2},{"not_picked":["Evaluate","Crescendo"],"picked":"EmptyMind","floor":6},{"not_picked":["Protect","Prostrate","PathToVictory"],"picked":"SKIP","floor":7},{"not_picked":["ClearTheMind","PathToVictory","Judgement"],"picked":"SKIP","floor":8}],"player_experience":5046120,"relics_obtained":[{"floor":6,"key":"Potion Belt"},{"floor":9,"key":"GoldenEye"}],"event_choices":[{"cards_removed":["Defend_P"],"damage_healed":0,"gold_gain":0,"player_choice":"Offered Basic","damage_taken":0,"max_hp_gain":0,"max_hp_loss":0,"event_name":"Bonfire Elementals","floor":3,"gold_loss":0},{"damage_healed":0,"gold_gain":0,"player_choice":"Grow","damage_taken":0,"max_hp_gain":0,"max_hp_loss":0,"event_name":"Living Wall","floor":5,"gold_loss":0,"cards_upgraded":["Eruption"]}],"is_beta":false,"boss_relics":[],"items_purged_floors":[4],"is_endless":false,"potions_floor_spawned":[],"killed_by":"3 Sentries","ascension_level":20}}