{"host":"zwfn3igoxym2o8ah","time":1613763673,"event":{"mods":["AchievementEnabler","BaseMod","Downfall","Hermit","Minty Spire (QoL Compilation)","Quick Restart","Replay The Spire","StSLib","The Cursed"],"gold_per_floor":[118,118,131,142,117,143,163,179,179,199,99,99,111,137,137,240,240,250,20,46,58,58,58,19,19,19,199,219,246,246,246,281,298,298,298,298],"floor_reached":35,"language":"ENG","playtime":3878,"items_purged":[],"score":382,"play_id":"00123fc9-b2b5-441e-9d44-e99837c1f091","local_time":"20210219144113","is_ascension_mode":false,"campfire_choices":[{"data":"Burst","floor":12,"key":"SMITH"},{"data":"Noxious Fumes","floor":15,"key":"SMITH"},{"data":"Footwork","floor":23,"key":"SMITH"}],"circlet_count":0,"master_deck":["Strike_G","Strike_G","Strike_G","Strike_G","Defend_G","Defend_G","Defend_G","Defend_G","Defend_G","Survivor","Neutralize","Acrobatics","Blade Dance","Quick Slash","Quick Slash","Burst+1","Footwork+1","Noxious Fumes+1","Dagger Spray","Replay:Poison Smokescreen","Replay:Poison Smokescreen","Flying Knee","Poisoned Stab","Crippling Poison","Poison Darts","Underhanded Strike","Leg Sweep","Backflip","Prepared+1","Prepared+1","Necronomicurse","ReplayTheSpireMod:Private Reserves","Poisoned Stab","Poisoned Stab","Replay:Poison Smokescreen+1","Outmaneuver","Dagger Spray"],"relics":["Sizzling Blood","Potion Belt","Gremlin Horn","Bag of Preparation","Busted Crown","Lantern","Red Mask","Necronomicon","Replay:Bottled Eggs","Mango","Bag of Marbles"],"acts_visited":["Exordium","TheCity"],"potions_floor_usage":[6,13,16,16,28,29,32,32,32,33],"damage_taken":[{"damage":0,"enemies":"Small Slimes","floor":1,"turns":7},{"damage":1,"enemies":"2 Louse","floor":3,"turns":3},{"damage":0,"enemies":"Cultist","floor":4,"turns":4},{"damage":9,"enemies":"Replay:BlueRogue","floor":6,"turns":4},{"damage":1,"enemies":"Exordium Wildlife","floor":7,"turns":3},{"damage":7,"enemies":"Blue Slaver","floor":8,"turns":5},{"damage":5,"enemies":"2 Fungi Beasts","floor":10,"turns":4},{"damage":17,"enemies":"Exordium Thugs","floor":13,"turns":4},{"damage":7,"enemies":"Lagavulin","floor":14,"turns":6},{"damage":33,"enemies":"Fading Forest","floor":16,"turns":11},{"damage":5,"enemies":"Spheric Guardian","floor":18,"turns":4},{"damage":26,"enemies":"Masked Bandits","floor":20,"turns":4},{"damage":6,"enemies":"Chosen","floor":21,"turns":2},{"damage":10,"enemies":"Centurion and Healer","floor":28,"turns":5},{"damage":0,"enemies":"Gremlin Leader","floor":29,"turns":4},{"damage":6,"enemies":"Book of Stabbing","floor":32,"turns":6},{"damage":2,"enemies":"Snecko","floor":33,"turns":4},{"damage":28,"enemies":"Pondfish","floor":35,"turns":6}],"seed_played":"-942824510973076240","potions_obtained":[{"floor":1,"key":"Swift Potion"},{"floor":4,"key":"hexamod:SoulburnPotion"},{"floor":6,"key":"Explosive Potion"},{"floor":8,"key":"DuplicationPotion"},{"floor":13,"key":"Swift Potion"},{"floor":14,"key":"sneckomod:MuddlingPotion"},{"floor":16,"key":"SteroidPotion"},{"floor":18,"key":"SneckoOil"},{"floor":20,"key":"hexamod:SoulburnPotion"},{"floor":32,"key":"Energy Potion"}],"is_trial":false,"path_per_floor":["M","?","M","M","$","E","M","M","T","M","$","R","M","E","R","B",null,"M","$","?","M","?","R","$","?","T","?","M","E","PTL","PTL","E","M","R","B"],"character_chosen":"THE_SILENT","items_purchased":["Quick Slash","Replay:Poison Smokescreen","Flying Knee","Leg Sweep","Lantern","Prepared"],"campfire_rested":0,"item_purchase_floors":[5,11,11,19,19,24],"current_hp_per_floor":[77,81,81,81,81,76,79,76,76,75,75,75,62,59,59,30,81,80,80,58,56,56,56,56,40,40,15,9,27,27,27,25,27,27,0,0],"gold":298,"neow_bonus":"TEN_PERCENT_HP_BONUS","is_daily":false,"chose_seed":false,"campfire_upgraded":3,"win_rate":0.0,"timestamp":1613763673,"path_taken":["M","?","M","M","$","E","M","M","T","M","$","R","M","E","R","BOSS","M","$","?","M","?","R","$","?","T","?","?","E","PTL","PTL","E","E","M","R","BOSS"],"items_purchased_type":["Card","Card","Card","Card","Relic","Card"],"build_version":"2020-12-22","purchased_purges":0,"victory":false,"max_hp_per_floor":[77,81,81,81,81,81,81,81,81,81,81,81,81,81,81,81,81,81,81,81,81,81,81,81,81,81,81,81,95,95,95,95,95,95,95,95],"card_choices":[{"not_picked":["Deflect","ReplayTheSpireMod:Shiv Toss"],"picked":"Acrobatics","floor":1},{"not_picked":["Hidden Blade","PiercingWail"],"picked":"Blade Dance","floor":3},{"not_picked":["Acrobatics","Dodge and Roll"],"picked":"Quick Slash","floor":4},{"not_picked":["Dash","Finisher"],"picked":"Burst","floor":6},{"not_picked":["Sucker Punch","ReplayTheSpireMod:Exploit Weakness"],"picked":"Footwork","floor":7},{"not_picked":["Hidden Blade","Deadly Poison"],"picked":"Noxious Fumes","floor":8},{"not_picked":["Draining Mist","Eviscerate"],"picked":"Dagger Spray","floor":10},{"not_picked":["Choke","Acrobatics"],"picked":"Poisoned Stab","floor":13},{"not_picked":["Blade Dance","Terror"],"picked":"Crippling Poison","floor":14},{"not_picked":["ReplayTheSpireMod:From All Sides","Bullet Time"],"picked":"Poison Darts","floor":16},{"not_picked":[],"picked":"Underhanded Strike","floor":18},{"not_picked":[],"picked":"Backflip","floor":20},{"not_picked":["ReplayTheSpireMod:Shiv Toss"],"picked":"SKIP","floor":21},{"not_picked":[],"picked":"Poisoned Stab","floor":28},{"not_picked":[],"picked":"Poisoned Stab","floor":29},{"not_picked":[],"picked":"Replay:Poison Smokescreen+1","floor":32},{"not_picked":[],"picked":"Outmaneuver","floor":33}],"player_experience":6907,"relics_obtained":[{"floor":6,"key":"Potion Belt"},{"floor":9,"key":"Gremlin Horn"},{"floor":14,"key":"Bag of Preparation"},{"floor":20,"key":"Red Mask"},{"floor":25,"key":"Necronomicon"},{"floor":26,"key":"Replay:Bottled Eggs"},{"floor":29,"key":"Mango"},{"floor":32,"key":"Bag of Marbles"}],"event_choices":[{"damage_healed":0,"gold_gain":0,"player_choice":"Fought Bandits","damage_taken":0,"max_hp_gain":0,"max_hp_loss":0,"event_name":"Masked Bandits","floor":20,"gold_loss":0},{"damage_healed":0,"gold_gain":0,"player_choice":"Ignored","damage_taken":0,"max_hp_gain":0,"max_hp_loss":0,"event_name":"Vampires","floor":22,"gold_loss":0},{"damage_healed":0,"gold_gain":0,"player_choice":"Obtained Book","damage_taken":16,"max_hp_gain":0,"max_hp_loss":0,"event_name":"Cursed Tome","floor":25,"gold_loss":0},{"damage_healed":0,"gold_gain":180,"player_choice":"GOLD CARD GOLD ","damage_taken":25,"max_hp_gain":0,"max_hp_loss":0,"event_name":"Knowing Skull","floor":27,"potions_obtained":[],"gold_loss":0,"cards_obtained":["ReplayTheSpireMod:Private Reserves"]}],"is_beta":false,"boss_relics":[{"not_picked":["Philosopher\u0027s Stone","Velvet Choker"],"picked":"Busted Crown"}],"items_purged_floors":[],"is_endless":false,"potions_floor_spawned":[1,4,6,8,13,14,16,18,20,32],"killed_by":"Pondfish","ascension_level":0}}