{"host":"og21o26alpnbwmz8","time":1613747898,"event":{"mods":["2.2 Compatiblity","A Magickal Journey","Act Like it!","Aspiration","BaseMod","Conspire","Downfall","Gensokyo","GungeonMod","Halation","Hubris","Jedi Mod","Mimic Mod","Minty Spire (QoL Compilation)","Pale of the Ancients","Reliquary","Replay The Spire","Shop Mod","Spikes Relics","StSLib","The Alterego","The Animator","The Blue Laboratory","The Exalted","The Florist","The Poker Player","Waifu the Spire","Yuri Mod"],"gold_per_floor":[135,25,25,25,41,94,124,124,148,177,177,215,215,215,256,308,308,430,430,474,384,410,370,320,320,358,398,468,29,29,80,126,151,151,270,270,312,96,129,129,29,68,68,107,107,0,23,23,23,23,23,41,41,41,457,507,562,562,562,58,133,213,33,33,33,33],"floor_reached":65,"language":"ENG","playtime":3972,"items_purged":["animator:Strike","animator:Strike_NoGameNoLife"],"score":910,"play_id":"3201f476-cf30-4db8-8f3d-46f74b778840","local_time":"20210219101818","is_ascension_mode":false,"campfire_choices":[{"data":"animator:DolaSchwi","floor":8,"key":"SMITH"},{"data":"animator:KyokoSakura","floor":11,"key":"SMITH"},{"data":"animator:DolaSchwi","floor":25,"key":"SMITH"},{"floor":30,"key":"RECALL"},{"data":"animator:Jibril","floor":34,"key":"SMITH"},{"data":"animator:Defend","floor":43,"key":"SMITH"},{"data":"animator:FielNirvalen","floor":48,"key":"SMITH"},{"data":"animator:DolaCouronne","floor":54,"key":"SMITH"},{"floor":64,"key":"REST"}],"circlet_count":0,"master_deck":["animator:Defend_NoGameNoLife+1","animator:Defend+1","animator:Defend+1","animator:Defend+1","animator:DolaSchwi+1","animator:DolaCouronne+1","animator:KyokoSakura+1","animator:Aisha+1","animator:Sora+1","animator:Jibril+1","animator:IzunaHatsuse+1","animator:DolaSchwi+1","animator:ChlammyZell+1","animator:FielNirvalen+1","animator:FielNirvalen+1","animator:Tatsumaki+1"],"relics":["animator:TheEruzaStone","animator:AncientMedallion"],"acts_visited":["Exordium","TheCity","TheBeyond","TheEnding","EYB:TheUnnamedReign"],"potions_floor_usage":[20,22,23,31,37,62,62,62,65],"damage_taken":[{"damage":3,"enemies":"Jaw Worm","floor":1,"turns":4},{"damage":0,"enemies":"2 Louse","floor":5,"turns":2},{"damage":2,"enemies":"Lagavulin","floor":6,"turns":6},{"damage":0,"enemies":"Small Slimes","floor":7,"turns":3},{"damage":0,"enemies":"Exordium Wildlife","floor":10,"turns":3},{"damage":0,"enemies":"3 Sentries","floor":12,"turns":6},{"damage":9,"enemies":"Gremlin Nob","floor":15,"turns":3},{"damage":10,"enemies":"Slime Boss","floor":18,"turns":9},{"damage":0,"enemies":"3 Byrds","floor":20,"turns":4},{"damage":0,"enemies":"conspire:FuzzyDice","floor":22,"turns":4},{"damage":13,"enemies":"Gremlin Leader","floor":26,"turns":5},{"damage":4,"enemies":"Cultist and Chosen","floor":27,"turns":5},{"damage":16,"enemies":"Slavers","floor":31,"turns":4},{"damage":0,"enemies":"Snecko","floor":32,"turns":5},{"damage":0,"enemies":"Snecko","floor":33,"turns":4},{"damage":1,"enemies":"conspire:MysteriousRune","floor":35,"turns":6},{"damage":0,"enemies":"3 Shapes","floor":37,"turns":4},{"damage":13,"enemies":"3 Darklings","floor":39,"turns":3},{"damage":13,"enemies":"Reptomancer","floor":42,"turns":4},{"damage":4,"enemies":"R_Hoarder","floor":44,"turns":6},{"damage":7,"enemies":"Writhing Mass","floor":47,"turns":3},{"damage":65,"enemies":"conspire:OrnateMirror","floor":52,"turns":6},{"damage":0,"enemies":"animator:UNNAMED_CULTIST_1","floor":56,"turns":7},{"damage":10,"enemies":"animator:UNNAMED_HAT","floor":57,"turns":7},{"damage":18,"enemies":"animator:TRIPLE_LAGAVULIN","floor":61,"turns":7},{"damage":109,"enemies":"animator:LARGE_CUBE","floor":62,"turns":5},{"damage":77,"enemies":"animator:ULTIMATE_CRYSTAL","floor":65,"turns":8}],"seed_played":"6230779328572597978","potions_obtained":[{"floor":5,"key":"blueLaboratory:FrostheartPotion"},{"floor":10,"key":"Energy Potion"},{"floor":12,"key":"BlessingOfTheForge"},{"floor":22,"key":"conspire:TimeTravelPotion"},{"floor":23,"key":"Fruit Juice"},{"floor":23,"key":"AttackPotion"},{"floor":23,"key":"blueLaboratory:BottleOfRum"},{"floor":31,"key":"jedi:tentaclejuice"},{"floor":35,"key":"blueLaboratory:EmptyBottle"},{"floor":37,"key":"blueLaboratory:AbyssPotion"},{"floor":39,"key":"Guardian:BlockOnCardUsePotion"},{"floor":44,"key":"animator:FalseLifePotion"},{"floor":56,"key":"animator:FalseLifePotion"},{"floor":57,"key":"animator:FalseLifePotion"},{"floor":61,"key":"animator:FalseLifePotion"},{"floor":62,"key":"animator:FalseLifePotion"}],"is_trial":false,"path_per_floor":["M","$","?","?","M","E","M","R","T","M","R","E","PTL","PTL","E","?","R","B",null,"M","?","M","?","?","R","E","M","T","$","R","E","MIM","M","R","B",null,"M","$","M","?","$","E","R","E","T","?","M","R","?","?","R","B",null,"R","??","M","M","T","?","$","M","M","?","R","E"],"character_chosen":"THE_ANIMATOR","items_purchased":["animator:Aisha","DemoMod:MonsterBlood","hexamod:Sixitude","animator:FielNirvalen","Medical Kit","animator:AncientMedallion","animator:AncientMedallion"],"campfire_rested":1,"item_purchase_floors":[2,29,29,38,38,60,60],"current_hp_per_floor":[63,63,63,68,68,66,67,67,67,67,67,67,67,67,58,60,60,52,76,76,76,78,83,83,83,72,70,70,77,77,63,65,67,67,68,102,102,102,89,89,89,78,78,76,76,76,69,69,69,69,69,8,106,106,98,98,88,88,88,88,80,11,11,40,0,0],"gold":33,"neow_bonus":"RANDOM_COMMON_RELIC","is_daily":false,"chose_seed":false,"campfire_upgraded":7,"win_rate":0.0,"timestamp":1613747898,"path_taken":["M","$","?","?","M","E","?","R","T","M","R","E","PTL","PTL","E","?","R","BOSS","M","?","M","?","?","R","E","M","T","?","R","E","?","M","R","BOSS","M","$","M","?","$","E","R","E","T","?","M","R","?","?","R","BOSS","R","??","M","M","T","?","$","M","M","?","R","E"],"items_purchased_type":["Card","Relic","Relic","Card","Relic","Relic","Relic"],"build_version":"2020-12-22","purchased_purges":2,"victory":false,"max_hp_per_floor":[66,66,66,71,71,71,72,72,72,72,72,72,72,72,72,74,74,76,76,76,76,78,83,83,83,85,87,87,94,94,96,98,100,100,102,102,102,102,102,102,102,104,104,106,106,106,106,106,106,106,106,106,106,106,98,98,98,98,98,98,98,98,98,98,98,98],"card_choices":[{"not_picked":["animator:Entoma","animator:MetalKnight"],"picked":"animator:KyokoSakura","floor":1},{"not_picked":["animator:Illya","animator:Gillette","animator:ChaikaBohdan"],"picked":"SKIP","floor":5},{"not_picked":["animator:AcuraTooru","animator:PandorasActor"],"picked":"animator:Sora","floor":6},{"not_picked":["animator:IzunaHatsuse","animator:DolaCouronne"],"picked":"animator:Jibril","floor":7},{"not_picked":["animator:Gillette","animator:Genos","animator:OrikoMikuni"],"picked":"SKIP","floor":10},{"not_picked":["animator:AcuraTooru","animator:Boros","animator:Ara"],"picked":"SKIP","floor":12},{"not_picked":["animator:YuiTsuruno","animator:Ara","animator:YachiyoNanami"],"picked":"SKIP","floor":15},{"not_picked":["animator:Chung","animator:Sora","animator:Rider"],"picked":"Singing Bowl","floor":16},{"not_picked":["animator:MadokaKaname","animator:AcuraShin","animator:Albedo"],"picked":"Singing Bowl","floor":18},{"not_picked":["animator:DolaStephanie","animator:Tet"],"picked":"animator:DolaSchwi","floor":20},{"not_picked":["animator:Demiurge","animator:Ciel","animator:Sonic+1"],"picked":"Singing Bowl","floor":22},{"not_picked":["animator:Sora","animator:Assassin","animator:Geryuganshoop"],"picked":"Singing Bowl","floor":26},{"not_picked":["animator:RinTohsaka","animator:MamiTomoe","animator:Elsword+1"],"picked":"Singing Bowl","floor":27},{"not_picked":["animator:DolaRiku","animator:DolaSchwi","animator:Tet"],"picked":"Singing Bowl","floor":31},{"not_picked":["animator:SilverFang","animator:OrikoMikuni","animator:Geryuganshoop"],"picked":"Singing Bowl","floor":32},{"not_picked":["animator:Illya","animator:Demiurge","animator:Rena"],"picked":"Singing Bowl","floor":33},{"not_picked":["animator:MadokaKaname","animator:Gilgamesh","animator:Kyubey"],"picked":"Singing Bowl","floor":35},{"not_picked":["animator:Illya+1","animator:Cocytus"],"picked":"animator:ChlammyZell","floor":37},{"not_picked":["animator:Jibril","animator:DolaCouronne"],"picked":"animator:FielNirvalen","floor":39},{"not_picked":["animator:Rena+1","animator:Add","animator:MumenRider+1"],"picked":"Singing Bowl","floor":42},{"not_picked":["animator:Caster+1","animator:Gillette+1","animator:Tatsumaki"],"picked":"Singing Bowl","floor":44},{"not_picked":["animator:Tet","animator:ShinjiMatou+1"],"picked":"animator:Tatsumaki+1","floor":47},{"not_picked":["animator:MetalKnight","animator:SuzuneAmano+1","animator:ChaikaBohdan"],"picked":"SKIP","floor":56},{"not_picked":["animator:Demiurge","animator:Jibril","animator:Rena"],"picked":"SKIP","floor":57},{"not_picked":["animator:Guy+1","animator:ChlammyZell","animator:ShinjiMatou"],"picked":"SKIP","floor":61},{"not_picked":["animator:IzunaHatsuse","animator:Rena+1","animator:EmiyaShirou+1"],"picked":"SKIP","floor":62}],"player_experience":355788,"relics_obtained":[{"floor":6,"key":"White Beast Statue"},{"floor":9,"key":"Guardian:PocketSentry"},{"floor":12,"key":"halation:BlackBeret"},{"floor":15,"key":"Juzu Bracelet"},{"floor":16,"key":"Singing Bowl"},{"floor":26,"key":"SnailShell"},{"floor":31,"key":"bronze:BronzeIdol"},{"floor":32,"key":"Bromod:ArcaneAwakening"},{"floor":42,"key":"SpikesRelics:DaevaFist"},{"floor":44,"key":"reliquary:TridentHead"},{"floor":45,"key":"HornCleat"},{"floor":55,"key":"animator:TheEruzaStone"},{"floor":55,"key":"animator:AncientMedallion"},{"floor":58,"key":"animator:AncientMedallion"},{"floor":63,"key":"animator:AncientMedallion"}],"event_choices":[{"damage_healed":0,"gold_gain":0,"player_choice":"Ignored","damage_taken":0,"max_hp_gain":0,"max_hp_loss":0,"event_name":"Liars Game","floor":3,"gold_loss":0},{"damage_healed":0,"gold_gain":0,"player_choice":"Donut","damage_taken":0,"max_hp_gain":5,"max_hp_loss":0,"event_name":"Big Fish","floor":4,"gold_loss":0},{"cards_removed":["animator:Strike"],"damage_healed":0,"gold_gain":0,"player_choice":"Upgrade and Remove","damage_taken":0,"max_hp_gain":0,"max_hp_loss":0,"event_name":"Designer","floor":21,"gold_loss":90,"cards_upgraded":["animator:Defend_NoGameNoLife"]},{"damage_healed":0,"gold_gain":0,"player_choice":"Bought 3 Potions","damage_taken":0,"max_hp_gain":0,"max_hp_loss":0,"event_name":"The Woman in Blue","floor":23,"gold_loss":0},{"damage_healed":0,"gold_gain":0,"player_choice":"Bet on Owner","damage_taken":0,"max_hp_gain":0,"max_hp_loss":0,"event_name":"The Joust","floor":24,"gold_loss":50},{"damage_healed":0,"gold_gain":0,"player_choice":"Upgraded","damage_taken":0,"max_hp_gain":0,"max_hp_loss":0,"event_name":"Upgrade Shrine","floor":40,"gold_loss":0,"cards_upgraded":["animator:FielNirvalen"]},{"damage_healed":0,"gold_gain":0,"player_choice":"Paid","damage_taken":0,"relics_obtained":["Red Mask"],"max_hp_gain":0,"max_hp_loss":0,"event_name":"Tomb of Lord Red Mask","floor":46,"gold_loss":107},{"damage_healed":0,"gold_gain":0,"player_choice":"Ignored","damage_taken":0,"max_hp_gain":0,"max_hp_loss":0,"event_name":"Mysterious Sphere","floor":49,"gold_loss":0},{"damage_healed":0,"gold_gain":0,"player_choice":"Leave","damage_taken":0,"max_hp_gain":0,"max_hp_loss":0,"event_name":"conspire:Investor","floor":59,"gold_loss":0}],"is_beta":false,"boss_relics":[{"not_picked":["animator:RacePiece","reliquary:Craggleroot"],"picked":"Philosopher\u0027s Stone"},{"not_picked":["ChewingGum","Snecko Heart"],"picked":"hubris:VirtuousBlindfold"}],"items_purged_floors":[2,41],"is_endless":false,"potions_floor_spawned":[5,7,10,12,15,18,20,22,26,27,31,32,33,35,37,39,42,44,47,56,57],"killed_by":"animator:ULTIMATE_CRYSTAL","ascension_level":0}}