{"host":"eawh33iyj6swubhn","time":1613727771,"event":{"mods":["Act Like it!","Arknights","BaseMod","Best Route Mod","Better Third Choice","CapriCore","Downfall","GifTheSpireLib","HololiveMod","Minty Spire (QoL Compilation)","Permanent Neow","Reliquary","Replay The Spire","StSLib","Stuff the Spire","The Bladedancer","The Immortal","egg"],"gold_per_floor":[119,131,146,146,16,41,41,61,110,110,129,147,162,162,162,260,260,271,287,287,287],"floor_reached":20,"language":"ENG","playtime":1852,"items_purged":[],"score":178,"play_id":"6b2a4c0f-9e78-46ae-acd8-f70d72da5ebe","local_time":"20210219064251","is_ascension_mode":false,"campfire_choices":[{"floor":7,"key":"REST"},{"floor":10,"key":"REST"},{"floor":15,"key":"REST"}],"circlet_count":0,"master_deck":["blademaster:Strike","blademaster:Strike","blademaster:Strike","blademaster:Strike","blademaster:Defend","blademaster:Defend","blademaster:Defend","blademaster:Defend","blademaster:RagingBlow","blademaster:HighVoltage","ReplayTheSpireMod:Faulty Equipment","blademaster:Blockade","blademaster:Cut","blademaster:BloodyBlow","blademaster:AspectOfWind+1","blademaster:AirSlash","blademaster:Sharpen","blademaster:Sharpen","blademaster:AirSlash","blademaster:BloodyBlow","blademaster:Bloodbath","blademaster:Rupture","blademaster:FlockOfBlades","blademaster:Quickstep","blademaster:FuriousStrike"],"relics":["blademaster:DancersAmulet","Bottled Tornado","StuffTheSpire:HeavyRock","reliquary:Boomerang","Hololive_Finger"],"acts_visited":["Exordium","TheCity"],"potions_floor_usage":[6,8,16,16,20],"damage_taken":[{"damage":0,"enemies":"Small Slimes","floor":1,"turns":3},{"damage":22,"enemies":"Cultist","floor":2,"turns":6},{"damage":0,"enemies":"ats:Genji","floor":3,"turns":3},{"damage":48,"enemies":"Gremlin Nob","floor":6,"turns":6},{"damage":0,"enemies":"Lots of Slimes","floor":8,"turns":1},{"damage":16,"enemies":"Exordium Thugs","floor":11,"turns":5},{"damage":3,"enemies":"2 Fungi Beasts","floor":12,"turns":4},{"damage":0,"enemies":"Blue Slaver","floor":13,"turns":4},{"damage":28,"enemies":"Slime Boss","floor":16,"turns":4},{"damage":22,"enemies":"Spheric Guardian","floor":18,"turns":6},{"damage":27,"enemies":"Shell Parasite","floor":19,"turns":6},{"damage":29,"enemies":"Cultist and Chosen","floor":20,"turns":4}],"seed_played":"-5748539206579812158","potions_obtained":[{"floor":4,"key":"Venom Potion"},{"floor":4,"key":"Toxic Potion"},{"floor":4,"key":"sneckomod:MuddlingPotion"},{"floor":6,"key":"Toxic Potion"},{"floor":8,"key":"Venom Potion"},{"floor":16,"key":"FearPotion"}],"is_trial":false,"path_per_floor":["M","M","M","?","$","E","R","M","T","R","M","M","M","?","R","B",null,"M","M","M"],"character_chosen":"THE_BLADEMASTER","items_purchased":["blademaster:AspectOfWind+1","blademaster:AirSlash","blademaster:Sharpen"],"campfire_rested":3,"item_purchase_floors":[5,5,5],"current_hp_per_floor":[75,53,53,53,53,5,27,27,27,49,33,30,30,30,52,24,75,53,26,0,0],"gold":287,"neow_bonus":"THREE_RARE_CARDS","is_daily":false,"chose_seed":false,"campfire_upgraded":0,"win_rate":0.0,"timestamp":1613727771,"path_taken":["M","M","M","?","$","E","R","?","T","R","M","M","?","?","R","BOSS","M","?","M"],"items_purchased_type":["Card","Card","Card"],"build_version":"2020-12-13","purchased_purges":0,"victory":false,"max_hp_per_floor":[75,75,75,75,75,75,75,75,75,75,75,75,75,75,75,75,75,75,75,75,75],"card_choices":[{"not_picked":["blademaster:HighVoltage","blademaster:BladeDance"],"picked":"blademaster:LightningDraw","floor":0.0},{"not_picked":["blademaster:IcyWind","blademaster:Discharge"],"picked":"blademaster:Blockade","floor":1},{"not_picked":["blademaster:SlyStabs","blademaster:ChargingUp"],"picked":"blademaster:Cut","floor":2},{"not_picked":["blademaster:Frontflip","blademaster:LeechingStrike"],"picked":"blademaster:BloodyBlow","floor":3},{"not_picked":["blademaster:SlyStabs","blademaster:Stability"],"picked":"blademaster:Sharpen","floor":6},{"not_picked":["blademaster:Sharpen","blademaster:Slice"],"picked":"blademaster:AirSlash","floor":8},{"not_picked":["blademaster:IcyWind","blademaster:Blockade"],"picked":"blademaster:BloodyBlow","floor":11},{"not_picked":["blademaster:AspectOfWind","blademaster:Frontflip"],"picked":"blademaster:Bloodbath","floor":12},{"not_picked":["blademaster:Stability","blademaster:WindSlash"],"picked":"blademaster:Rupture","floor":13},{"not_picked":["blademaster:RagingBlow","blademaster:RollingTyphoon"],"picked":"blademaster:FlockOfBlades","floor":16},{"not_picked":["blademaster:DragonStrike","blademaster:DaggerAndCloak"],"picked":"blademaster:Quickstep","floor":18},{"not_picked":["blademaster:BloodyBlow","blademaster:Reversal"],"picked":"blademaster:FuriousStrike","floor":19}],"player_experience":39380,"relics_obtained":[{"floor":6,"key":"Bottled Tornado"},{"floor":6,"key":"blademaster:BleedingLaceratePerk"},{"floor":9,"key":"StuffTheSpire:HeavyRock"}],"event_choices":[{"damage_healed":0,"gold_gain":0,"player_choice":"Got Potions","damage_taken":0,"max_hp_gain":0,"max_hp_loss":0,"event_name":"Lab","floor":4,"gold_loss":0},{"damage_healed":0,"gold_gain":0,"player_choice":"Gave Potion","damage_taken":0,"relics_obtained":["reliquary:Boomerang"],"max_hp_gain":0,"max_hp_loss":0,"event_name":"WeMeetAgain","floor":14,"gold_loss":0}],"is_beta":false,"boss_relics":[{"not_picked":["Coffee Dripper","SlaversCollar"],"picked":"Hololive_Finger"}],"items_purged_floors":[],"is_endless":false,"potions_floor_spawned":[6,8,11,16],"killed_by":"Cultist and Chosen","ascension_level":0}}