{"host":"1dhlu4qzehvrzpot","time":1613741179,"event":{"mods":["2.2 Compatiblity","AchievementEnabler","BaseMod","Block Reminder","Minty Spire (QoL Compilation)","Permanent Neow","Quick Restart","Rare Cards Sparkle","Relic Stats","Say the Spire","Slay-I","StSLib","SuperFastMode"],"gold_per_floor":[16,26,40,57,7,7,34,48,116,131,150,150,170,198,198,295,295,312,312,165,177,195,225,244,276,299,311,357,369,381,404,416,525,537,560,582,613,625,247,278,297,35,35,52,62,76,5,16,16,16,16,16,16,41,41,41],"floor_reached":55,"language":"ENG","playtime":1803,"items_purged":["Writhe","Parasite","Strike_B"],"score":1188,"play_id":"ef3c56e4-f207-43d6-9cdc-d92f855fd31c","local_time":"20210219142619","is_ascension_mode":true,"campfire_choices":[{"data":"Apotheosis","floor":6,"key":"SMITH"},{"floor":15,"key":"REST"},{"floor":30,"key":"REST"},{"floor":32,"key":"RECALL"},{"floor":49,"key":"REST"},{"floor":52,"key":"REST"}],"circlet_count":0,"master_deck":["AscendersBane","Strike_B","Strike_B","Defend_B","Defend_B","Defend_B","Defend_B","Zap","Dualcast","Apotheosis+1","Hologram","Ball Lightning","Self Repair","All For One","Ball Lightning","Static Discharge","Amplify","Storm","Echo Form","Coolheaded","Heatsinks","Genetic Algorithm","Defragment","Echo Form","Self Repair","Glacier","Loop","Loop+1","Thunder Strike","Consume","Compile Driver+1","Blizzard","Capacitor","Echo Form","Blizzard","Heatsinks","Loop+1"],"relics":["Cracked Core","Mummified Hand","Question Card","Ginger","Fusion Hammer","Art of War","Bronze Scales","Potion Belt","MawBank","Pen Nib","FaceOfCleric","Inserter","Ancient Tea Set","Bottled Flame","MealTicket","Bird Faced Urn"],"acts_visited":["Exordium","TheCity","TheBeyond","TheEnding"],"potions_floor_usage":[7,8,11,16,23,25,37,41,50,55],"damage_taken":[{"damage":0,"enemies":"2 Louse","floor":1,"turns":4},{"damage":0,"enemies":"Cultist","floor":2,"turns":4},{"damage":4,"enemies":"Jaw Worm","floor":3,"turns":2},{"damage":17,"enemies":"Large Slime","floor":4,"turns":6},{"damage":16,"enemies":"Gremlin Nob","floor":7,"turns":4},{"damage":10,"enemies":"Gremlin Gang","floor":8,"turns":3},{"damage":2,"enemies":"Looter","floor":10,"turns":3},{"damage":4,"enemies":"Lots of Slimes","floor":11,"turns":3},{"damage":6,"enemies":"2 Fungi Beasts","floor":13,"turns":3},{"damage":11,"enemies":"Lagavulin","floor":14,"turns":6},{"damage":10,"enemies":"Slime Boss","floor":16,"turns":6},{"damage":6,"enemies":"3 Byrds","floor":18,"turns":3},{"damage":1,"enemies":"Spheric Guardian","floor":21,"turns":3},{"damage":11,"enemies":"Snecko","floor":22,"turns":3},{"damage":15,"enemies":"Book of Stabbing","floor":23,"turns":2},{"damage":5,"enemies":"3 Cultists","floor":24,"turns":4},{"damage":22,"enemies":"Gremlin Leader","floor":25,"turns":3},{"damage":20,"enemies":"Book of Stabbing","floor":28,"turns":5},{"damage":5,"enemies":"Sentry and Sphere","floor":31,"turns":3},{"damage":36,"enemies":"Champ","floor":33,"turns":8},{"damage":0,"enemies":"3 Darklings","floor":35,"turns":4},{"damage":32,"enemies":"3 Shapes","floor":36,"turns":3},{"damage":17,"enemies":"Writhing Mass","floor":37,"turns":5},{"damage":18,"enemies":"Nemesis","floor":40,"turns":6},{"damage":5,"enemies":"Transient","floor":41,"turns":5},{"damage":20,"enemies":"4 Shapes","floor":44,"turns":3},{"damage":36,"enemies":"3 Darklings","floor":45,"turns":4},{"damage":12,"enemies":"Writhing Mass","floor":46,"turns":6},{"damage":22,"enemies":"4 Shapes","floor":48,"turns":4},{"damage":32,"enemies":"Donu and Deca","floor":50,"turns":7},{"damage":82,"enemies":"Shield and Spear","floor":54,"turns":5},{"damage":118,"enemies":"The Heart","floor":55,"turns":5}],"seed_played":"-2276994069426730410","potions_obtained":[{"floor":3,"key":"Dexterity Potion"},{"floor":7,"key":"SteroidPotion"},{"floor":8,"key":"Block Potion"},{"floor":13,"key":"Swift Potion"},{"floor":16,"key":"Swift Potion"},{"floor":18,"key":"FairyPotion"},{"floor":24,"key":"PowerPotion"},{"floor":28,"key":"EssenceOfSteel"},{"floor":35,"key":"ColorlessPotion"},{"floor":44,"key":"FairyPotion"},{"floor":45,"key":"SteroidPotion"},{"floor":48,"key":"Explosive Potion"}],"is_trial":false,"path_per_floor":["M","M","M","M","?","R","E","M","T","M","M","?","M","E","R","B",null,"M","?","$","M","M","E","M","E","T","?","E","?","R","M","R","B",null,"M","M","M","?","$","E","M","$","T","M","M","M","$","M","R","B",null,"R","$","E","B"],"character_chosen":"DEFECT","items_purchased":["Heatsinks","Bottled Flame","PowerPotion","Echo Form","Heatsinks"],"campfire_rested":4,"item_purchase_floors":[20,39,39,42,47],"current_hp_per_floor":[68,68,64,47,47,47,41,38,38,43,39,39,33,32,54,54,70,64,64,64,73,69,54,59,57,57,57,54,54,75,76,76,58,72,78,47,48,48,48,52,68,79,79,80,79,82,82,83,83,59,78,84,84,13,0,0],"gold":41,"neow_bonus":"RANDOM_COLORLESS_2","is_daily":false,"chose_seed":false,"campfire_upgraded":1,"win_rate":0.0,"timestamp":1613741179,"path_taken":["M","M","M","M","?","R","E","M","T","M","M","?","?","E","R","BOSS","M","?","$","M","M","E","M","E","T","?","E","?","R","M","R","BOSS","M","?","M","?","$","E","M","$","T","?","M","M","?","M","R","BOSS","R","$","E","BOSS"],"items_purchased_type":["Card","Relic","Potion","Card","Card"],"build_version":"2020-12-22","purchased_purges":3,"victory":false,"max_hp_per_floor":[75,75,75,75,75,75,75,75,75,75,75,75,75,75,75,75,75,75,75,75,75,75,75,75,75,75,75,75,75,75,76,76,77,77,78,79,80,80,77,78,79,79,79,80,81,82,82,83,83,84,84,84,84,85,85,85],"relic_stats":{"Inserter":[28],"counters":[32,134],"Pen Nib":[9],"Ginger":[5],"Question Card":24,"MawBank":156,"FaceOfCleric":13,"Mummified Hand":[293],"Bronze Scales":[332],"Bird Faced Urn":[36],"MealTicket":11,"Art of War":[19],"obtain_stats":[{"Potion Belt":25,"Inserter":34,"Pen Nib":28,"Ginger":14,"Question Card":9,"MawBank":26,"Ancient Tea Set":38,"Bottled Flame":39,"FaceOfCleric":29,"Mummified Hand":7,"Bronze Scales":23,"Bird Faced Urn":54,"MealTicket":40,"Fusion Hammer":17,"Art of War":19,"Cracked Core":0},{"Potion Belt":17,"Inserter":20,"Pen Nib":18,"Ginger":10,"Question Card":6,"MawBank":17,"Ancient Tea Set":23,"Bottled Flame":23,"FaceOfCleric":18,"Mummified Hand":5,"Bronze Scales":15,"Bird Faced Urn":31,"MealTicket":24,"Fusion Hammer":11,"Art of War":12,"Cracked Core":0},{"Potion Belt":62,"Inserter":78,"Pen Nib":67,"Ginger":38,"Question Card":23,"MawBank":62,"Ancient Tea Set":90,"Bottled Flame":90,"FaceOfCleric":67,"Mummified Hand":20,"Bronze Scales":55,"Bird Faced Urn":129,"MealTicket":96,"Fusion Hammer":44,"Art of War":47,"Cracked Core":0}]},"card_choices":[{"not_picked":["Thinking Ahead","Transmutation"],"picked":"Apotheosis","floor":0},{"not_picked":["Redo","Barrage","Force Field"],"picked":"SKIP","floor":1},{"not_picked":["Chaos","Tempest"],"picked":"Hologram","floor":2},{"not_picked":["Turbo","Redo"],"picked":"Ball Lightning","floor":3},{"not_picked":["Sweeping Beam","Gash"],"picked":"Self Repair","floor":4},{"not_picked":["Rip and Tear","Tempest"],"picked":"All For One","floor":7},{"not_picked":["Beam Cell","Sunder","Steam Power"],"picked":"SKIP","floor":8},{"not_picked":["Streamline","Aggregate","Reprogram"],"picked":"Ball Lightning","floor":10},{"not_picked":["Barrage","Hologram","Turbo"],"picked":"Static Discharge","floor":11},{"not_picked":["Streamline","BootSequence","Steam"],"picked":"Storm","floor":13},{"not_picked":["Redo","Hologram","Go for the Eyes","Beam Cell"],"picked":"SKIP","floor":14},{"not_picked":["Electrodynamics","Rainbow","Thunder Strike"],"picked":"Echo Form","floor":16},{"not_picked":["Blizzard","Redo","Auto Shields"],"picked":"Coolheaded","floor":18},{"not_picked":["Redo","Leap+1","Barrage"],"picked":"Genetic Algorithm","floor":21},{"not_picked":["Cold Snap","BootSequence","Hologram"],"picked":"Defragment","floor":22},{"not_picked":["Coolheaded","Steam","Redo"],"picked":"Echo Form","floor":23},{"not_picked":["Stack","Undo","Aggregate+1"],"picked":"Self Repair","floor":24},{"not_picked":["Sunder","Streamline","Turbo"],"picked":"Glacier","floor":25},{"not_picked":["Chaos","Sunder","Redo"],"picked":"Loop","floor":28},{"not_picked":["Gash","Stack+1","Ball Lightning"],"picked":"Loop+1","floor":31},{"not_picked":["Meteor Strike","Fission","Multi-Cast"],"picked":"Thunder Strike","floor":33},{"not_picked":["Reinforced Body","Genetic Algorithm","Cold Snap+1"],"picked":"Consume","floor":35},{"not_picked":["Sweeping Beam+1","Stack","Leap"],"picked":"Compile Driver+1","floor":36},{"not_picked":["Chaos","Coolheaded","Stack"],"picked":"Blizzard","floor":37},{"not_picked":["Barrage","Ball Lightning","Streamline"],"picked":"Capacitor","floor":40},{"not_picked":["Rebound","Compile Driver","Rip and Tear+1","Auto Shields"],"picked":"SKIP","floor":41},{"not_picked":["Steam Power","Coolheaded","Turbo","Streamline+1"],"picked":"SKIP","floor":44},{"not_picked":["Recycle","Leap","Hello World+1","Sunder+1"],"picked":"SKIP","floor":45},{"not_picked":["Barrage+1","Redo","Beam Cell"],"picked":"Blizzard","floor":46},{"not_picked":["Steam","Fusion+1","Tempest"],"picked":"Loop+1","floor":48},{"not_picked":["Hyperbeam","Steam Power","Go for the Eyes+1","Leap"],"picked":"SKIP","floor":54}],"player_experience":556036,"relics_obtained":[{"floor":7,"key":"Mummified Hand"},{"floor":9,"key":"Question Card"},{"floor":14,"key":"Ginger"},{"floor":23,"key":"Bronze Scales"},{"floor":25,"key":"Potion Belt"},{"floor":26,"key":"MawBank"},{"floor":28,"key":"Pen Nib"},{"floor":40,"key":"MealTicket"},{"floor":54,"key":"Bird Faced Urn"}],"event_choices":[{"cards_removed":["Strike_B"],"damage_healed":0,"gold_gain":0,"player_choice":"Card Removal","damage_taken":0,"max_hp_gain":0,"max_hp_loss":0,"event_name":"The Cleric","floor":5,"gold_loss":50},{"damage_healed":0,"gold_gain":0,"player_choice":"1 cards matched","damage_taken":0,"max_hp_gain":0,"max_hp_loss":0,"event_name":"Match and Keep!","floor":12,"gold_loss":0,"cards_obtained":["Amplify"]},{"damage_healed":0,"gold_gain":0,"player_choice":"Opened","damage_taken":0,"relics_obtained":["Art of War"],"max_hp_gain":0,"max_hp_loss":0,"event_name":"The Mausoleum","floor":19,"gold_loss":0,"cards_obtained":["Writhe"]},{"damage_healed":0,"gold_gain":0,"player_choice":"Ignored","damage_taken":0,"max_hp_gain":0,"max_hp_loss":0,"event_name":"Vampires","floor":27,"gold_loss":0},{"damage_healed":0,"gold_gain":0,"player_choice":"Trade","damage_taken":0,"relics_obtained":["FaceOfCleric"],"max_hp_gain":0,"max_hp_loss":0,"event_name":"FaceTrader","floor":29,"gold_loss":0},{"damage_healed":0,"gold_gain":0,"player_choice":"Gave Potion","damage_taken":0,"relics_obtained":["Ancient Tea Set"],"max_hp_gain":0,"max_hp_loss":0,"event_name":"WeMeetAgain","floor":38,"gold_loss":0}],"is_beta":false,"boss_relics":[{"not_picked":["SacredBark","SlaversCollar"],"picked":"Fusion Hammer"},{"not_picked":["Cursed Key","Coffee Dripper"],"picked":"Inserter"}],"items_purged_floors":[20,39,42],"is_endless":false,"potions_floor_spawned":[3,7,8,13,16,18,22,24,28,35,44,45,48],"killed_by":"The Heart","ascension_level":12}}