{"host":"xp27heuvanyklt0b","time":1613745069,"event":{"mods":["100% Spire Juice","BaseMod","CapriCore","Koishi","Lobotomy","Minty Spire (QoL Compilation)","StSLib","The Immortal"],"gold_per_floor":[113,133,106,106,119,119,136,136,136,60,25,25,35,35,35,130,130,143,155,170,170,95,95,122,122,122,136,162,162,11,46,46,149,149,166,166,177,177,177,210,210,242,265,265,265],"floor_reached":44,"language":"KOR","playtime":2009,"items_purged":[],"score":587,"play_id":"86130b5b-8dc8-4a17-84de-24a984cf6cfc","local_time":"20210219233109","is_ascension_mode":false,"campfire_choices":[{"data":"Eruption","floor":6,"key":"SMITH"},{"data":"Vigilance","floor":8,"key":"SMITH"},{"data":"ClearTheMind","floor":15,"key":"SMITH"},{"data":"Omniscience","floor":23,"key":"SMITH"},{"data":"SignatureMove","floor":25,"key":"SMITH"},{"data":"ForeignInfluence","floor":32,"key":"SMITH"},{"floor":41,"key":"RECALL"}],"circlet_count":0,"master_deck":["Strike_P","Defend_P","Defend_P","Defend_P","Defend_P","Vigilance+1","WindmillStrike","FlurryOfBlows","SignatureMove+1","Meditate","ClearTheMind+1","SashWhip","DeceiveReality","DeusExMachina","Sanctity","Consecrate","EmptyBody","Worship","Omniscience+1","Wireheading","Vengeance+1","WreathOfFlame+1","ForeignInfluence+1","Establishment","Writhe","CarveReality","FlurryOfBlows","Judgement","Parasite"],"relics":["PureWater","Juzu Bracelet","SlaversCollar","Matryoshka","Meat on the Bone","StrikeDummy","Incense Burner","Bronze Scales","Shuriken","Lee\u0027s Waffle","Thread and Needle","Black Star","MealTicket","Eternal Feather","Dream Catcher","Mango","Damaru"],"acts_visited":["Exordium","TheCity","TheBeyond"],"potions_floor_usage":[24,27,28,31,31,33,42],"damage_taken":[{"damage":5,"enemies":"2 Louse","floor":1,"turns":2},{"damage":0,"enemies":"Jaw Worm","floor":2,"turns":2},{"damage":0,"enemies":"Cultist","floor":5,"turns":2},{"damage":13,"enemies":"3 Louse","floor":7,"turns":5},{"damage":9,"enemies":"Blue Slaver","floor":13,"turns":4},{"damage":18,"enemies":"The Guardian","floor":16,"turns":15},{"damage":0,"enemies":"Shell Parasite","floor":18,"turns":4},{"damage":5,"enemies":"Chosen","floor":19,"turns":6},{"damage":17,"enemies":"Snecko","floor":20,"turns":5},{"damage":20,"enemies":"Slavers","floor":24,"turns":9},{"damage":20,"enemies":"3 Cultists","floor":27,"turns":5},{"damage":16,"enemies":"Book of Stabbing","floor":28,"turns":3},{"damage":0,"enemies":"Gremlin Leader","floor":31,"turns":3},{"damage":17,"enemies":"Collector","floor":33,"turns":8},{"damage":31,"enemies":"3 Darklings","floor":35,"turns":6},{"damage":0,"enemies":"3 Shapes","floor":37,"turns":5},{"damage":40,"enemies":"Nemesis","floor":40,"turns":7},{"damage":51,"enemies":"Reptomancer","floor":42,"turns":8},{"damage":30,"enemies":"Writhing Mass","floor":44,"turns":4}],"seed_played":"2612129637678181807","potions_obtained":[{"floor":2,"key":"AttackPotion"},{"floor":13,"key":"EssenceOfSteel"},{"floor":16,"key":"SteroidPotion"},{"floor":20,"key":"Block Potion"},{"floor":24,"key":"FearPotion"},{"floor":27,"key":"Explosive Potion"},{"floor":28,"key":"FearPotion"},{"floor":35,"key":"Explosive Potion"}],"is_trial":false,"path_per_floor":["M","M","?","?","M","R","M","R","T","$","?","?","M","$","R","B",null,"M","M","M","?","?","R","E","R","T","M","E","T","$","E","R","B",null,"M","?","M","?","?","E","R","E","T","M"],"character_chosen":"WATCHER","items_purchased":["ClearTheMind","SashWhip","Lee\u0027s Waffle"],"campfire_rested":0,"item_purchase_floors":[10,10,30],"current_hp_per_floor":[67,67,67,67,67,67,54,54,54,54,72,72,63,63,63,45,72,72,67,50,50,50,50,30,30,30,22,18,18,79,79,79,62,79,48,68,68,68,68,40,55,30,30,0,0],"gold":265,"neow_bonus":"RANDOM_COMMON_RELIC","is_daily":false,"chose_seed":false,"campfire_upgraded":6,"win_rate":0.0,"timestamp":1613745069,"path_taken":["M","M","?","?","M","R","M","R","T","?","?","?","M","$","R","BOSS","M","M","M","?","?","R","E","R","T","M","E","?","$","E","R","BOSS","M","?","M","?","?","E","R","E","T","M"],"items_purchased_type":["Card","Card","Relic"],"build_version":"2020-12-22","purchased_purges":0,"victory":false,"max_hp_per_floor":[72,72,72,72,72,72,72,72,72,72,72,72,72,72,72,72,72,72,72,72,72,72,72,72,72,72,72,72,72,79,79,79,79,79,79,79,79,79,79,79,79,93,93,93,93],"card_choices":[{"not_picked":["Protect","WaveOfTheHand"],"picked":"WindmillStrike","floor":1},{"not_picked":["Protect","SashWhip"],"picked":"FlurryOfBlows","floor":2},{"not_picked":["EmptyMind","Adaptation"],"picked":"SignatureMove","floor":5},{"not_picked":["Weave","Halt"],"picked":"Meditate","floor":7},{"not_picked":["SignatureMove","CutThroughFate"],"picked":"DeceiveReality","floor":13},{"not_picked":["MasterReality","Blasphemy"],"picked":"DeusExMachina","floor":16},{"not_picked":["EmptyBody","CutThroughFate"],"picked":"Sanctity","floor":18},{"not_picked":["Evaluate","DeceiveReality"],"picked":"Consecrate","floor":19},{"not_picked":["Adaptation","Halt"],"picked":"EmptyBody","floor":20},{"not_picked":["SignatureMove","CarveReality"],"picked":"Wireheading","floor":24},{"not_picked":["FlyingSleeves","Nirvana"],"picked":"Vengeance+1","floor":27},{"not_picked":["Vengeance","EmptyBody"],"picked":"WreathOfFlame+1","floor":28},{"not_picked":["FearNoEvil","Prostrate+1"],"picked":"ForeignInfluence","floor":31},{"not_picked":["Ragnarok","LessonLearned"],"picked":"Establishment","floor":33},{"not_picked":["JustLucky+1","ClearTheMind","Prostrate"],"picked":"SKIP","floor":35},{"not_picked":["Weave+1","FlyingSleeves+1"],"picked":"CarveReality","floor":37},{"not_picked":["FollowUp+1","Pray"],"picked":"FlurryOfBlows","floor":40},{"not_picked":["CarveReality+1","SashWhip"],"picked":"Judgement","floor":42}],"player_experience":349342,"relics_obtained":[{"floor":24,"key":"Matryoshka"},{"floor":26,"key":"Meat on the Bone"},{"floor":26,"key":"StrikeDummy"},{"floor":28,"key":"Incense Burner"},{"floor":29,"key":"Bronze Scales"},{"floor":29,"key":"Shuriken"},{"floor":31,"key":"Thread and Needle"},{"floor":40,"key":"MealTicket"},{"floor":40,"key":"Eternal Feather"},{"floor":42,"key":"Dream Catcher"},{"floor":42,"key":"Mango"},{"floor":43,"key":"Damaru"}],"event_choices":[{"damage_healed":0,"gold_gain":0,"player_choice":"Left Gold","damage_taken":0,"max_hp_gain":0,"max_hp_loss":0,"event_name":"World of Goop","floor":3,"gold_loss":27},{"damage_healed":0,"gold_gain":0,"player_choice":"Ignored","damage_taken":0,"max_hp_gain":0,"max_hp_loss":0,"event_name":"Golden Wing","floor":4,"gold_loss":0},{"damage_healed":18,"gold_gain":0,"player_choice":"Healed","damage_taken":0,"max_hp_gain":0,"max_hp_loss":0,"event_name":"The Cleric","floor":11,"gold_loss":35},{"damage_healed":0,"gold_gain":0,"player_choice":"Searched \u00270\u0027 times","damage_taken":0,"max_hp_gain":0,"max_hp_loss":0,"event_name":"Dead Adventurer","floor":12,"gold_loss":0},{"damage_healed":0,"gold_gain":0,"cards_transformed":["Strike_P","Strike_P"],"player_choice":"Became Test Subject","damage_taken":0,"max_hp_gain":0,"max_hp_loss":0,"event_name":"Drug Dealer","floor":21,"gold_loss":0,"cards_obtained":["Worship","Omniscience"]},{"cards_removed":["Strike_P"],"damage_healed":0,"gold_gain":0,"player_choice":"Gave Gold","damage_taken":0,"max_hp_gain":0,"max_hp_loss":0,"event_name":"Beggar","floor":22,"gold_loss":75},{"damage_healed":20,"gold_gain":0,"player_choice":"Writhe","damage_taken":0,"max_hp_gain":0,"max_hp_loss":0,"event_name":"Winding Halls","floor":36,"gold_loss":0,"cards_obtained":["Writhe"]},{"damage_healed":0,"gold_gain":0,"player_choice":"Ignored","damage_taken":0,"max_hp_gain":0,"max_hp_loss":0,"event_name":"Mysterious Sphere","floor":38,"gold_loss":0},{"cards_removed":["Eruption"],"damage_healed":0,"gold_gain":0,"player_choice":"Removed Attack","damage_taken":0,"max_hp_gain":0,"max_hp_loss":0,"event_name":"Falling","floor":39,"gold_loss":0}],"is_beta":false,"boss_relics":[{"not_picked":["Cursed Key","Runic Pyramid"],"picked":"SlaversCollar"},{"not_picked":["Sozu","Fusion Hammer"],"picked":"Black Star"}],"items_purged_floors":[],"is_endless":false,"potions_floor_spawned":[2,13,16,20,24,27,28,35],"killed_by":"Writhing Mass","ascension_level":0}}