{"host":"dm5k5rdu7cxz3rox","time":1613750349,"event":{"mods":["AchievementEnabler","BaseMod","Colored Powertips","Highlight Path","Minty Spire (QoL Compilation)","Relic Stats"],"gold_per_floor":[368,385,10,24,38,38,38,38,64,84,95,123,123,153,165,275,287,317,329,357,404,433,445,532,592,627,655,19,19,19,32,32,32,32],"floor_reached":33,"language":"ENG","playtime":2493,"items_purged":["Defend_B","Strike_B"],"score":453,"play_id":"1d5b19a8-6488-44af-ac08-d2e06e8ed2cd","local_time":"20210219105909","is_ascension_mode":true,"campfire_choices":[{"data":"Buffer","floor":6,"key":"SMITH"},{"floor":8,"key":"REST"},{"data":"Sweeping Beam","floor":13,"key":"SMITH"},{"data":"Go for the Eyes","floor":15,"key":"SMITH"},{"floor":23,"key":"REST"},{"floor":32,"key":"REST"}],"circlet_count":0,"master_deck":["AscendersBane","Strike_B","Defend_B","Defend_B","Defend_B","Zap+1","Dualcast","Cold Snap","Go for the Eyes+1","Rebound","Buffer+1","Conserve Battery","Sweeping Beam+1","Heatsinks","Hologram+1","Hologram","Turbo","Darkness+1","Leap","Panacea"],"relics":["Cracked Core","Mummified Hand","Tiny Chest","MawBank","Philosopher\u0027s Stone","Red Mask","Nunchaku","Lantern","Calipers","OrangePellets"],"acts_visited":["Exordium","TheCity"],"potions_floor_usage":[14,21,21,29,29],"damage_taken":[{"damage":10,"enemies":"2 Louse","floor":1,"turns":3},{"damage":1,"enemies":"Cultist","floor":2,"turns":4},{"damage":0,"enemies":"Small Slimes","floor":4,"turns":3},{"damage":19,"enemies":"Exordium Wildlife","floor":5,"turns":3},{"damage":0,"enemies":"Blue Slaver","floor":10,"turns":4},{"damage":0,"enemies":"Large Slime","floor":11,"turns":4},{"damage":0,"enemies":"Gremlin Nob","floor":12,"turns":5},{"damage":6,"enemies":"Lagavulin","floor":14,"turns":6},{"damage":11,"enemies":"The Guardian","floor":16,"turns":15},{"damage":8,"enemies":"Shell Parasite","floor":18,"turns":6},{"damage":15,"enemies":"Chosen","floor":20,"turns":6},{"damage":18,"enemies":"Masked Bandits","floor":21,"turns":4},{"damage":8,"enemies":"Centurion and Healer","floor":22,"turns":7},{"damage":16,"enemies":"Shelled Parasite and Fungi","floor":27,"turns":5},{"damage":5,"enemies":"Book of Stabbing","floor":29,"turns":5},{"damage":5,"enemies":"Cultist and Chosen","floor":31,"turns":5},{"damage":57,"enemies":"Automaton","floor":33,"turns":6}],"seed_played":"-1943061003586922408","potions_obtained":[{"floor":1,"key":"Fruit Juice"},{"floor":2,"key":"Weak Potion"},{"floor":12,"key":"Strength Potion"},{"floor":14,"key":"Ancient Potion"},{"floor":16,"key":"DuplicationPotion"},{"floor":18,"key":"PotionOfCapacity"},{"floor":22,"key":"LiquidBronze"},{"floor":27,"key":"SmokeBomb"}],"is_trial":false,"path_per_floor":["M","M","$","M","M","R","?","R","T","M","M","E","R","E","R","B",null,"M","?","M","?","M","R","?","T","T","M","$","E","?","M","R","B"],"character_chosen":"DEFECT","items_purchased":["Mummified Hand","Go for the Eyes","Calipers","Panacea","OrangePellets"],"campfire_rested":3,"item_purchase_floors":[3,3,28,28,28],"current_hp_per_floor":[40,39,39,39,20,20,20,42,42,42,42,42,42,41,41,30,68,60,60,45,27,19,43,35,35,35,19,19,14,14,9,33,0,0],"gold":32,"neow_bonus":"TWO_FIFTY_GOLD","is_daily":false,"chose_seed":false,"campfire_upgraded":3,"win_rate":0.0,"timestamp":1613750349,"path_taken":["M","M","$","M","M","R","?","R","T","M","M","E","R","E","R","BOSS","M","?","M","?","M","R","?","?","T","M","$","E","?","M","R","BOSS"],"items_purchased_type":["Relic","Card","Relic","Card","Relic"],"build_version":"2020-12-22","purchased_purges":2,"victory":false,"max_hp_per_floor":[75,75,75,75,75,75,75,75,75,75,75,75,75,80,80,80,80,80,80,80,80,80,80,80,80,80,80,80,80,80,80,80,80,80],"relic_stats":{"OrangePellets":[0],"Nunchaku":[3],"counters":[17,91],"Mummified Hand":[22],"Tiny Chest":1,"MawBank":168,"obtain_stats":[{"OrangePellets":28,"Nunchaku":25,"Lantern":26,"Calipers":28,"Mummified Hand":3,"Tiny Chest":12,"Philosopher\u0027s Stone":17,"Red Mask":21,"Cracked Core":0,"MawBank":14},{"OrangePellets":14,"Nunchaku":13,"Lantern":13,"Calipers":14,"Mummified Hand":2,"Tiny Chest":7,"Philosopher\u0027s Stone":9,"Red Mask":12,"Cracked Core":0,"MawBank":8},{"OrangePellets":75,"Nunchaku":70,"Lantern":70,"Calipers":75,"Mummified Hand":7,"Tiny Chest":26,"Philosopher\u0027s Stone":47,"Red Mask":63,"Cracked Core":0,"MawBank":32}]},"card_choices":[{"not_picked":["Fusion","Scrape"],"picked":"Cold Snap","floor":1},{"not_picked":["Leap","Turbo","Reprogram"],"picked":"SKIP","floor":2},{"not_picked":["Stack","Melter"],"picked":"Rebound","floor":4},{"not_picked":["Redo","Streamline"],"picked":"Buffer","floor":5},{"not_picked":["Streamline","Stack"],"picked":"Conserve Battery","floor":10},{"not_picked":["Barrage","Redo","Fusion"],"picked":"SKIP","floor":11},{"not_picked":["Leap","Hello World"],"picked":"Sweeping Beam","floor":12},{"not_picked":["Multi-Cast","Streamline"],"picked":"Heatsinks","floor":14},{"not_picked":["Sweeping Beam","Blizzard"],"picked":"Hologram+1","floor":18},{"not_picked":["Beam Cell","Barrage"],"picked":"Darkness+1","floor":20},{"not_picked":["Capacitor","Barrage","Turbo"],"picked":"SKIP","floor":22},{"not_picked":["Fusion","Sweeping Beam"],"picked":"Leap","floor":27},{"not_picked":["Conserve Battery","Rip and Tear","Hyperbeam"],"picked":"SKIP","floor":31}],"player_experience":348210,"relics_obtained":[{"floor":12,"key":"Tiny Chest"},{"floor":14,"key":"MawBank"},{"floor":21,"key":"Red Mask"},{"floor":25,"key":"Nunchaku"},{"floor":26,"key":"Lantern"}],"event_choices":[{"damage_healed":0,"gold_gain":0,"player_choice":"Upgraded","damage_taken":0,"max_hp_gain":0,"max_hp_loss":0,"event_name":"Upgrade Shrine","floor":7,"gold_loss":0,"cards_upgraded":["Zap"]},{"damage_healed":0,"gold_gain":0,"cards_transformed":["Strike_B","Strike_B"],"player_choice":"Became Test Subject","damage_taken":0,"max_hp_gain":0,"max_hp_loss":0,"event_name":"Drug Dealer","floor":19,"gold_loss":0,"cards_obtained":["Hologram","Turbo"]},{"damage_healed":0,"gold_gain":0,"player_choice":"Fought Bandits","damage_taken":0,"max_hp_gain":0,"max_hp_loss":0,"event_name":"Masked Bandits","floor":21,"gold_loss":0},{"damage_healed":0,"gold_gain":75,"player_choice":"Touch","damage_taken":8,"max_hp_gain":0,"max_hp_loss":0,"event_name":"FaceTrader","floor":24,"gold_loss":0},{"damage_healed":0,"gold_gain":0,"player_choice":"Ignored","damage_taken":0,"max_hp_gain":0,"max_hp_loss":0,"event_name":"Cursed Tome","floor":30,"gold_loss":0}],"is_beta":false,"boss_relics":[{"not_picked":["Fusion Hammer","Tiny House"],"picked":"Philosopher\u0027s Stone"}],"items_purged_floors":[3,28],"is_endless":false,"potions_floor_spawned":[1,2,12,14,16,18,22,27,29],"killed_by":"Automaton","ascension_level":10}}