{"host":"qgrlfjrqk9z96gfi","time":1613700820,"event":{"mods":["BaseMod","Block Reminder","Colored Map","Custom Start","DeckTracker","Minty Spire (QoL Compilation)"],"gold_per_floor":[111,186,186,202,202,202,202,202],"floor_reached":7,"language":"ENG","playtime":136,"items_purged":[],"score":78,"play_id":"6a645238-183b-49ce-9f0a-18a8c97d5233","local_time":"20210218161340","is_ascension_mode":true,"campfire_choices":[{"data":"Dash","floor":6,"key":"SMITH"}],"circlet_count":0,"master_deck":["AscendersBane","Strike_G","Strike_G","Strike_G","Strike_G","Strike_G","Defend_G","Defend_G","Defend_G","Defend_G","Defend_G","Survivor","Neutralize","Phantasmal Killer+1","Endless Agony","Dash+1"],"relics":["Ring of the Snake"],"acts_visited":["Exordium"],"potions_floor_usage":[7],"damage_taken":[{"damage":0,"enemies":"Jaw Worm","floor":1,"turns":4},{"damage":3,"enemies":"2 Louse","floor":4,"turns":3},{"damage":38,"enemies":"Gremlin Nob","floor":7,"turns":4}],"seed_played":"-6580754147775884221","potions_obtained":[{"floor":4,"key":"GhostInAJar"}],"is_trial":false,"path_per_floor":["M","?","?","M","?","R","E"],"character_chosen":"THE_SILENT","items_purchased":[],"campfire_rested":0,"item_purchase_floors":[],"current_hp_per_floor":[44,33,33,30,30,30,0,0],"gold":202,"neow_bonus":"THREE_RARE_CARDS","is_daily":false,"chose_seed":false,"campfire_upgraded":1,"win_rate":0.0,"timestamp":1613700820,"path_taken":["M","?","?","M","?","R","E"],"items_purchased_type":[],"build_version":"2020-12-22","purchased_purges":0,"victory":false,"max_hp_per_floor":[66,66,66,66,66,66,66,66],"card_choices":[{"not_picked":["A Thousand Cuts","Envenom"],"picked":"Phantasmal Killer","floor":0},{"not_picked":["Quick Slash","Bane"],"picked":"Endless Agony","floor":1},{"not_picked":["Deflect","Poisoned Stab"],"picked":"Dash","floor":4}],"player_experience":1164613,"relics_obtained":[],"event_choices":[{"damage_healed":0,"gold_gain":75,"player_choice":"Gather Gold","damage_taken":11,"max_hp_gain":0,"max_hp_loss":0,"event_name":"World of Goop","floor":2,"gold_loss":0},{"damage_healed":0,"gold_gain":0,"player_choice":"Ignored","damage_taken":0,"max_hp_gain":0,"max_hp_loss":0,"event_name":"Shining Light","floor":3,"gold_loss":0},{"damage_healed":0,"gold_gain":0,"player_choice":"Grow","damage_taken":0,"max_hp_gain":0,"max_hp_loss":0,"event_name":"Living Wall","floor":5,"gold_loss":0,"cards_upgraded":["Phantasmal Killer"]}],"is_beta":false,"boss_relics":[],"items_purged_floors":[],"is_endless":false,"potions_floor_spawned":[4],"killed_by":"Gremlin Nob","ascension_level":20}}