{"host":"9kaxb8gkmgtddido","time":1613720394,"event":{"mods":["2.2 Compatiblity","AchievementEnabler","AlwaysNeverKeys","Aspiration","BaseMod","Card Forge","Colored Map","Colored Powertips","Custom Start","DeckTracker","Gremlin Mod","Gremlin Skip","Hubris","Mimic Mod","Minty Spire (QoL Compilation)","Permanent Neow","Quick Restart","Rare Cards Sparkle","Relic Filter","Replay The Spire","Shop Mod","StSLib","SuperFastMode","Synergy Search","TheBandit"],"gold_per_floor":[111,129,129,25,25,55,55,81,81,81,81,81],"floor_reached":10,"language":"ENG","playtime":400,"items_purged":[],"score":93,"play_id":"19fb8af3-bea6-4cfc-bda7-be8f7ae453a0","local_time":"20210219153954","is_ascension_mode":true,"campfire_choices":[{"data":"wariomod:ImFeelingLucky","floor":7,"key":"SMITH"}],"circlet_count":0,"master_deck":["wariomod:Strike","wariomod:Strike","wariomod:Strike","wariomod:Defend","wariomod:Defend","wariomod:Defend","wariomod:Step","wariomod:Leap","wariomod:ImFeelingLucky+1","wariomod:AwfulLook"],"relics":["wariomod:TheHat","Hammer of Thor","Seething Fire","Anvil of the Gods","aspiration:DSix","Strawberry","Pet Ghost"],"acts_visited":["Exordium"],"potions_floor_usage":[4],"damage_taken":[{"damage":0,"enemies":"Jaw Worm","floor":1,"turns":3},{"damage":4,"enemies":"Small Slimes","floor":2,"turns":3},{"damage":37,"enemies":"Lagavulin","floor":6,"turns":6},{"damage":32,"enemies":"Gremlin Nob","floor":8,"turns":4},{"damage":15,"enemies":"Lagavulin","floor":10,"turns":3}],"seed_played":"-8968973529897858052","potions_obtained":[],"is_trial":false,"path_per_floor":["M","M","?","$","?","E","R","E","T","E"],"character_chosen":"THE_BANDIT","items_purchased":["Fruit Juice"],"campfire_rested":0,"item_purchase_floors":[4],"current_hp_per_floor":[80,76,76,81,81,51,51,19,19,4,4,4],"gold":81,"neow_bonus":"DSIX","is_daily":false,"chose_seed":false,"campfire_upgraded":1,"win_rate":0.0,"timestamp":1613720394,"path_taken":["M","M","?","$","?","E","R","E","T","E"],"items_purchased_type":["Potion"],"build_version":"2020-12-22","purchased_purges":0,"victory":false,"max_hp_per_floor":[80,80,80,85,85,92,92,92,92,92,92,92],"card_choices":[{"not_picked":["wariomod:DoubleDash","wariomod:SmallSprint"],"picked":"wariomod:ImFeelingLucky","floor":1},{"not_picked":["wariomod:EmptyMind","wariomod:BodyBlock"],"picked":"wariomod:AwfulLook","floor":2},{"not_picked":["wariomod:GreaterGuard","wariomod:Purify","wariomod:DoubleDip"],"picked":"SKIP","floor":6},{"not_picked":["wariomod:BoomBoom","wariomod:ShipSmash","wariomod:SpaceSwap"],"picked":"SKIP","floor":8}],"player_experience":688032,"relics_obtained":[{"floor":6,"key":"Strawberry"},{"floor":8,"key":"Pet Ghost"}],"event_choices":[{"damage_healed":0,"gold_gain":0,"player_choice":"Ignored","damage_taken":0,"max_hp_gain":0,"max_hp_loss":0,"event_name":"Liars Game","floor":3,"gold_loss":0}],"is_beta":false,"boss_relics":[],"items_purged_floors":[],"is_endless":false,"potions_floor_spawned":[],"killed_by":"Lagavulin","ascension_level":5}}