{"host":"vrqilyg3eq27f2tn","time":1613698619,"event":{"mods":["2.2 Compatiblity","Aspiration","BaseMod","Colored Powertips","Downfall","Friendly Minions","Hermit","Minty Spire (QoL Compilation)","Relic Stats","Reliquary","Replay The Spire","StSLib","The Cursed"],"gold_per_floor":[116,216,230,254,270,270,281,281,281,308,324,324,352,199,199,199,199],"floor_reached":16,"language":"ENG","playtime":908,"items_purged":[],"score":110,"play_id":"63769c77-64f4-4923-b710-17145d27721d","local_time":"20210218203659","is_ascension_mode":false,"campfire_choices":[{"data":"hermit:CursedWeapon","floor":6,"key":"SMITH"},{"data":"hermit:Snapshot","floor":8,"key":"SMITH"},{"data":"Slimebound:MassFeed","floor":12,"key":"SMITH"},{"floor":15,"key":"REST"}],"circlet_count":0,"master_deck":["hermit:Strike_Hermit","hermit:Strike_Hermit","hermit:Strike_Hermit","hermit:Strike_Hermit","hermit:Defend_Hermit","hermit:Defend_Hermit","hermit:Defend_Hermit","hermit:Defend_Hermit","hermit:Snapshot+1","hermit:Covet","hermit:CursedWeapon+1","Slimebound:MassFeed+1","hermit:GoldenBullet"],"relics":["hermit:Momento","aspiration:Nostalgia","m_BurningSludge","ReplayFunnel","Matryoshka","PreservedInsect","reliquary:TuningFork","Lantern"],"acts_visited":["Exordium"],"potions_floor_usage":[11,11,13,16],"damage_taken":[{"damage":0,"enemies":"2 Louse","floor":1,"turns":3},{"damage":1,"enemies":"Cultist","floor":3,"turns":3},{"damage":9,"enemies":"Small Slimes","floor":5,"turns":3},{"damage":16,"enemies":"Exordium Wildlife","floor":7,"turns":3},{"damage":23,"enemies":"3 Sentries","floor":10,"turns":8},{"damage":0,"enemies":"2 Fungi Beasts","floor":11,"turns":1},{"damage":17,"enemies":"Lagavulin","floor":13,"turns":4},{"damage":44,"enemies":"Hexaghost","floor":16,"turns":12}],"seed_played":"6465346719587462694","potions_obtained":[{"floor":5,"key":"hermit:Tonic"},{"floor":7,"key":"Explosive Potion"},{"floor":10,"key":"AttackPotion"},{"floor":13,"key":"Dexterity Potion"}],"is_trial":false,"path_per_floor":["M","?","M","T","M","R","M","R","T","E","M","R","E","$","R","B"],"character_chosen":"HERMIT","items_purchased":["Lantern"],"campfire_rested":1,"item_purchase_floors":[14],"current_hp_per_floor":[75,75,74,74,65,65,49,49,49,26,32,32,19,19,44,0,0],"gold":199,"neow_bonus":"NOSTALGIA","is_daily":false,"chose_seed":false,"campfire_upgraded":3,"win_rate":0.0,"timestamp":1613698619,"path_taken":["M","?","?","?","M","R","M","R","T","E","M","R","E","$","R","BOSS"],"items_purchased_type":["Relic"],"build_version":"2020-12-22","purchased_purges":0,"victory":false,"max_hp_per_floor":[75,75,75,75,75,75,75,75,75,75,81,81,85,85,85,85,85],"relic_stats":{"counters":[8,37],"PreservedInsect":28,"obtain_stats":[{"ReplayFunnel":4,"Lantern":14,"Matryoshka":9,"aspiration:Nostalgia":0,"PreservedInsect":10,"reliquary:TuningFork":13,"hermit:Momento":0,"m_BurningSludge":0},{"ReplayFunnel":2,"Lantern":7,"Matryoshka":4,"aspiration:Nostalgia":0,"PreservedInsect":5,"reliquary:TuningFork":7,"hermit:Momento":0,"m_BurningSludge":0},{"ReplayFunnel":6,"Lantern":25,"Matryoshka":12,"aspiration:Nostalgia":0,"PreservedInsect":20,"reliquary:TuningFork":25,"hermit:Momento":0,"m_BurningSludge":0}]},"card_choices":[{"not_picked":["hermit:BodyArmor","hermit:ShadowCloak","hermit:Roulette"],"picked":"SKIP","floor":1},{"not_picked":["Slimebound:ViciousTackle","Whirlwind"],"picked":"hermit:CursedWeapon","floor":3},{"not_picked":["hermit:HoleUp","hermit:Scavenge","hermit:TrackingShot"],"picked":"SKIP","floor":5},{"not_picked":["hermit:SprayPray","hermit:HighCaliber","hermit:TakeAim"],"picked":"SKIP","floor":7},{"not_picked":["hermit:Misfire","hermit:Manifest"],"picked":"Slimebound:MassFeed","floor":10},{"not_picked":["hermit:FullyLoaded","hermit:LowProfile","hermit:WideOpen"],"picked":"SKIP","floor":11},{"not_picked":["hermit:Midnight","hermit:Feint"],"picked":"hermit:GoldenBullet","floor":13}],"player_experience":362030,"relics_obtained":[{"floor":4,"key":"ReplayFunnel"},{"floor":9,"key":"Matryoshka"},{"floor":10,"key":"PreservedInsect"},{"floor":13,"key":"reliquary:TuningFork"}],"event_choices":[{"damage_healed":0,"gold_gain":100,"player_choice":"Gold","damage_taken":0,"max_hp_gain":0,"max_hp_loss":0,"event_name":"Wheel of Change","floor":2,"gold_loss":0}],"is_beta":false,"boss_relics":[],"items_purged_floors":[],"is_endless":false,"potions_floor_spawned":[5,7,10,13],"killed_by":"Hexaghost","ascension_level":0}}