{"host":"kh6fvhxn285ncg0o","time":1613753987,"event":{"mods":["Act Like it!","BaseMod","Colored Map","Friendly Minions","Keyboard Shortcuts","Minty Spire (QoL Compilation)","Quick Restart","Relic Stats","StSLib","SuperFastMode","UnlockEverythingMod"],"gold_per_floor":[114,114,189,114,114,114,154,154,203,227,265,98,111,130,130,221,221,239,239,139,158,176,217,217,253,300,344,344,363,384,408,408,504,504,525,359,390,390,411,447,447,485,530,550,565,327,370,370,370,370,370,370,370,15,54,54],"floor_reached":57,"language":"KOR","playtime":1275,"items_purged":["Strike_R","Strike_R","Strike_R","Strike_R","Defend_R"],"score":2841,"play_id":"2bb8597f-fa9a-4194-b249-f5f92977ad72","local_time":"20210220015947","is_ascension_mode":true,"campfire_choices":[{"data":"Bash","floor":6.0,"key":"SMITH"},{"data":"Spot Weakness","floor":8.0,"key":"SMITH"},{"data":"Whirlwind","floor":15.0,"key":"SMITH"},{"data":"Offering","floor":24.0,"key":"SMITH"},{"data":"Whirlwind","floor":28.0,"key":"SMITH"},{"data":"Feel No Pain","floor":32.0,"key":"SMITH"},{"floor":49,"key":"RECALL"},{"data":"Battle Trance","floor":53,"key":"SMITH"}],"circlet_count":0,"master_deck":["AscendersBane","Defend_R","Defend_R","Bash+1","Spot Weakness+1","Clothesline","Combust","Whirlwind+1","Offering+1","Shrug It Off","Headbutt","Reaper","Feel No Pain+1","Whirlwind+1","Brutality","Burning Pact","Fiend Fire","Sword Boomerang+1","Reaper","Battle Trance+1","Seeing Red","Spot Weakness","Sever Soul"],"relics":["Burning Blood","NeowsBlessing","Golden Idol","TungstenRod","Orichalcum","Omamori","Chemical X","Velvet Choker","Happy Flower","White Beast Statue","Blood Vial","Calling Bell","Oddly Smooth Stone","Blue Candle","Bird Faced Urn","Ice Cream","Paper Frog","Dream Catcher","Vajra","Smiling Mask","ClockworkSouvenir","Art of War"],"acts_visited":["Exordium","TheCity","TheBeyond","TheEnding"],"potions_floor_usage":[40,42,51,51,51,55,56,56],"damage_taken":[{"damage":0.0,"enemies":"Small Slimes","floor":1.0,"turns":1.0},{"damage":0.0,"enemies":"3 Sentries","floor":7.0,"turns":2.0},{"damage":0.0,"enemies":"Jaw Worm","floor":10.0,"turns":1.0},{"damage":35.0,"enemies":"Gremlin Nob","floor":11.0,"turns":5.0},{"damage":2.0,"enemies":"2 Louse","floor":13.0,"turns":3.0},{"damage":3.0,"enemies":"Red Slaver","floor":14.0,"turns":3.0},{"damage":42.0,"enemies":"The Guardian","floor":16.0,"turns":10.0},{"damage":0.0,"enemies":"3 Byrds","floor":18.0,"turns":3.0},{"damage":4.0,"enemies":"2 Thieves","floor":21.0,"turns":3.0},{"damage":11.0,"enemies":"Chosen and Byrds","floor":22.0,"turns":4.0},{"damage":20.0,"enemies":"Gremlin Leader","floor":23.0,"turns":3.0},{"damage":23.0,"enemies":"Book of Stabbing","floor":25.0,"turns":4.0},{"damage":18.0,"enemies":"Gremlin Leader","floor":27.0,"turns":5.0},{"damage":1.0,"enemies":"3 Cultists","floor":29.0,"turns":3.0},{"damage":5.0,"enemies":"Snake Plant","floor":30.0,"turns":2.0},{"damage":0.0,"enemies":"Chosen and Byrds","floor":31.0,"turns":2.0},{"damage":67,"enemies":"Automaton","floor":33,"turns":7},{"damage":5,"enemies":"3 Darklings","floor":35,"turns":1},{"damage":3,"enemies":"Mind Bloom Boss Battle","floor":37,"turns":7},{"damage":4,"enemies":"Orb Walker","floor":39,"turns":2},{"damage":11,"enemies":"Giant Head","floor":40,"turns":4},{"damage":12,"enemies":"Nemesis","floor":42,"turns":5},{"damage":24,"enemies":"Writhing Mass","floor":44,"turns":4},{"damage":16,"enemies":"3 Darklings","floor":45,"turns":2},{"damage":7,"enemies":"Reptomancer","floor":47,"turns":3},{"damage":68,"enemies":"Time Eater","floor":50,"turns":7},{"damage":29,"enemies":"Donu and Deca","floor":51,"turns":5},{"damage":60,"enemies":"Shield and Spear","floor":55,"turns":3},{"damage":99,"enemies":"The Heart","floor":56,"turns":8}],"seed_played":"1081184447034498745","potions_obtained":[{"floor":7.0,"key":"Regen Potion"},{"floor":13.0,"key":"LiquidMemories"},{"floor":14.0,"key":"BloodPotion"},{"floor":23.0,"key":"BlessingOfTheForge"},{"floor":27.0,"key":"Weak Potion"},{"floor":29.0,"key":"Strength Potion"},{"floor":30.0,"key":"SkillPotion"},{"floor":31.0,"key":"Energy Potion"},{"floor":40,"key":"BlessingOfTheForge"},{"floor":42,"key":"Ancient Potion"},{"floor":45,"key":"FairyPotion"},{"floor":47,"key":"EntropicBrew"},{"floor":55,"key":"BlessingOfTheForge"}],"is_trial":false,"path_per_floor":["M","?","?","$","?","R","E","R","T","M","E","$","M","M","R","B",null,"M","?","$","M","M","E","R","E","T","E","R","M","M","M","R","B",null,"M","$","?","?","M","E","?","E","T","M","M","$","E","?","R","B","B",null,"R","$","E","B",null],"character_chosen":"IRONCLAD","items_purchased":["Chemical X","Burning Pact","Battle Trance","ClockworkSouvenir","PowerPotion","Spot Weakness"],"campfire_rested":0,"item_purchase_floors":[12,36,46,54,54,54],"current_hp_per_floor":[74,48,37,37,37,37,43,43,43,49,34,34,38,41,41,20,61,67,67,67,69,64,50,50,33,33,45,45,59,68,75,75,26,63,75,75,75,66,75,75,75,73,73,60,65,65,75,75,75,28,68,73,73,73,72,39],"gold":54,"neow_bonus":"THREE_ENEMY_KILL","is_daily":false,"chose_seed":false,"campfire_upgraded":7,"win_rate":0.0,"timestamp":1613753987,"path_taken":["M","?","?","$","?","R","E","R","T","?","E","$","M","M","R","BOSS","M","?","$","M","?","E","R","E","T","E","R","M","?","M","R","BOSS","M","$","?","?","M","E","?","E","T","?","M","$","E","?","R","BOSS","BOSS","R","$","E","BOSS"],"items_purchased_type":["Relic","Card","Card","Relic","Potion","Card"],"build_version":"2020-12-22","purchased_purges":5,"victory":true,"max_hp_per_floor":[75,75,75,75,75,75,75,75,75,75,75,75,75,75,75,75,75,75,75,75,75,75,75,75,75,75,75,75,75,75,75,75,75,75,75,75,75,75,75,75,75,75,75,75,75,75,75,75,75,75,75,75,75,75,75,75],"relic_stats":{"Happy Flower":[24],"counters":[29,112],"Golden Idol":224,"Blue Candle":[0],"Orichalcum":[306],"Smiling Mask":125,"Burning Blood":155,"Blood Vial":22,"Dream Catcher":0,"Bird Faced Urn":[36],"Art of War":[1],"Chemical X":[55],"obtain_stats":[{"Ice Cream":37,"NeowsBlessing":0,"Happy Flower":23,"Golden Idol":2,"Blue Candle":34,"Velvet Choker":17,"Oddly Smooth Stone":34,"Vajra":43,"Omamori":11,"Orichalcum":9,"Smiling Mask":47,"Burning Blood":0,"White Beast Statue":25,"ClockworkSouvenir":54,"Blood Vial":27,"Calling Bell":34,"Dream Catcher":42,"Bird Faced Urn":34,"Art of War":55,"Chemical X":12,"TungstenRod":7,"Paper Frog":40},{"Ice Cream":19,"NeowsBlessing":0,"Happy Flower":11,"Golden Idol":1,"Blue Candle":17,"Velvet Choker":7,"Oddly Smooth Stone":17,"Vajra":22,"Omamori":4,"Orichalcum":2,"Smiling Mask":25,"Burning Blood":0,"White Beast Statue":12,"ClockworkSouvenir":27,"Blood Vial":13,"Calling Bell":17,"Dream Catcher":22,"Bird Faced Urn":17,"Art of War":28,"Chemical X":4,"TungstenRod":2,"Paper Frog":21},{"Ice Cream":69,"NeowsBlessing":0,"Happy Flower":38,"Golden Idol":1,"Blue Candle":61,"Velvet Choker":25,"Oddly Smooth Stone":61,"Vajra":80,"Omamori":9,"Orichalcum":3,"Smiling Mask":89,"Burning Blood":0,"White Beast Statue":42,"ClockworkSouvenir":101,"Blood Vial":47,"Calling Bell":61,"Dream Catcher":80,"Bird Faced Urn":61,"Art of War":104,"Chemical X":9,"TungstenRod":3,"Paper Frog":75}],"TungstenRod":218},"card_choices":[{"not_picked":["Searing Blow","Sword Boomerang"],"picked":"Spot Weakness","floor":7.0},{"not_picked":["Rupture","Dual Wield","Wild Strike"],"picked":"SKIP","floor":10.0},{"not_picked":["Rupture","Dual Wield","Wild Strike"],"picked":"SKIP","floor":10.0},{"not_picked":["Rupture","Dual Wield","Wild Strike"],"picked":"SKIP","floor":10.0},{"not_picked":["Blood for Blood","Exhume"],"picked":"Clothesline","floor":11.0},{"not_picked":["Twin Strike","Havoc"],"picked":"Combust","floor":13.0},{"not_picked":["Headbutt","Cleave"],"picked":"Whirlwind","floor":14.0},{"not_picked":["Barricade","Exhume"],"picked":"Offering","floor":16.0},{"not_picked":["Pummel","Ghostly Armor"],"picked":"Shrug It Off","floor":18.0},{"not_picked":["Iron Wave","Sword Boomerang","Clash"],"picked":"SKIP","floor":21.0},{"not_picked":["Anger","Double Tap"],"picked":"Reaper","floor":23.0},{"not_picked":["Headbutt","Clash"],"picked":"Feel No Pain","floor":25.0},{"not_picked":["Perfected Strike","Power Through"],"picked":"Whirlwind","floor":27.0},{"not_picked":["Whirlwind","Sever Soul","Heavy Blade+1"],"picked":"SKIP","floor":29.0},{"not_picked":["Pommel Strike","Thunderclap","Clothesline"],"picked":"SKIP","floor":30.0},{"not_picked":["Dual Wield","Wild Strike","Combust"],"picked":"SKIP","floor":31.0},{"not_picked":["Limit Break","Immolate"],"picked":"Brutality","floor":33},{"not_picked":["Shrug It Off","Warcry","Bloodletting"],"picked":"SKIP","floor":35},{"not_picked":["Clothesline","Armaments"],"picked":"Fiend Fire","floor":37},{"not_picked":["Burning Pact","Anger+1","Body Slam"],"picked":"SKIP","floor":39},{"not_picked":["Berserk","Rupture"],"picked":"Sword Boomerang+1","floor":40},{"not_picked":["Pummel","Twin Strike","Whirlwind+1"],"picked":"SKIP","floor":42},{"not_picked":["Metallicize","Infernal Blade","Anger"],"picked":"SKIP","floor":44},{"not_picked":["Reckless Charge","Clothesline","Heavy Blade"],"picked":"SKIP","floor":45},{"not_picked":["Heavy Blade","Double Tap"],"picked":"Seeing Red","floor":47},{"not_picked":["Immolate","Warcry"],"picked":"Sever Soul","floor":55}],"player_experience":1467184,"relics_obtained":[{"floor":7.0,"key":"TungstenRod"},{"floor":9.0,"key":"Orichalcum"},{"floor":11.0,"key":"Omamori"},{"floor":23.0,"key":"Happy Flower"},{"floor":25.0,"key":"White Beast Statue"},{"floor":27.0,"key":"Blood Vial"},{"floor":34,"key":"Oddly Smooth Stone"},{"floor":34,"key":"Blue Candle"},{"floor":34,"key":"Bird Faced Urn"},{"floor":37,"key":"Ice Cream"},{"floor":40,"key":"Paper Frog"},{"floor":42,"key":"Dream Catcher"},{"floor":43,"key":"Vajra"},{"floor":47,"key":"Smiling Mask"},{"floor":55,"key":"Art of War"}],"event_choices":[{"damage_healed":0.0,"max_hp_gain":0.0,"max_hp_loss":0.0,"gold_gain":0.0,"event_name":"Golden Idol","player_choice":"Take Damage","floor":2.0,"gold_loss":0.0,"damage_taken":26.0,"relics_obtained":["Golden Idol"]},{"damage_healed":0.0,"max_hp_gain":0.0,"max_hp_loss":0.0,"gold_gain":75.0,"event_name":"World of Goop","player_choice":"Gather Gold","floor":3.0,"gold_loss":0.0,"damage_taken":11.0},{"damage_healed":0.0,"max_hp_gain":0.0,"max_hp_loss":0.0,"gold_gain":0.0,"event_name":"Match and Keep!","player_choice":"0 cards matched","floor":5.0,"gold_loss":0.0,"damage_taken":0.0,"cards_obtained":[]},{"damage_healed":0.0,"max_hp_gain":0.0,"max_hp_loss":0.0,"gold_gain":0.0,"cards_transformed":["Strike_R"],"event_name":"Transmorgrifier","player_choice":"Transformed","floor":19.0,"gold_loss":0.0,"damage_taken":0.0,"cards_obtained":["Headbutt"]},{"damage_healed":0,"gold_gain":0,"player_choice":"Fight","damage_taken":0,"max_hp_gain":0,"max_hp_loss":0,"event_name":"MindBloom","floor":37,"gold_loss":0},{"damage_healed":0,"gold_gain":0,"player_choice":"Memory 3","damage_taken":10,"max_hp_gain":0,"max_hp_loss":0,"event_name":"SensoryStone","floor":38,"gold_loss":0},{"damage_healed":0,"gold_gain":0,"player_choice":"Copied","damage_taken":0,"max_hp_gain":0,"max_hp_loss":0,"event_name":"Duplicator","floor":41,"gold_loss":0,"cards_obtained":["Reaper"]},{"cards_removed":["Defend_R"],"damage_healed":0,"gold_gain":0,"player_choice":"Purged","damage_taken":0,"max_hp_gain":0,"max_hp_loss":0,"event_name":"Purifier","floor":48,"gold_loss":0}],"is_beta":false,"boss_relics":[{"not_picked":["Empty Cage","SlaversCollar"],"picked":"Velvet Choker"},{"not_picked":["Runic Pyramid","Pandora\u0027s Box"],"picked":"Calling Bell"}],"items_purged_floors":[4,20,36,46,54],"is_endless":false,"potions_floor_spawned":[7,13,14,23,27,29,30,31,33,35,37,39,40,42,44,45,47,55],"ascension_level":20}}