{"host":"dmtlrev5pkc1867p","time":1613729928,"event":{"mods":["AchievementEnabler","BaseMod","Colored Map","Colored Powertips","Downfall","Hermit","Highlight Path","Hubris","Infinite Spire","Marisa¡]Ãú«B¡@Å]²z¨F¡^","Minty Spire (QoL Compilation)","Permanent Neow","Quick Restart","Rare Cards Sparkle","Relic Sorter","Relic Stats","Replay The Spire","Shop Mod","StSLib","SuperFastMode","The Construct","The Cursed","The Mystic","The Necromancer","The Poker Player","The Runesmith","The Servant 0.9.4"],"gold_per_floor":[99,117,65,76,89,89,114,127,27,39,24,54,73,89,89,89,89],"floor_reached":16,"language":"ZHS","playtime":3684,"items_purged":[],"score":156,"play_id":"14cc1613-bc4b-4d3d-a7a8-f0e953d5a9b7","local_time":"20210219181848","is_ascension_mode":true,"campfire_choices":[{"floor":1.0,"key":"RECALL"},{"floor":6.0,"key":"REST"},{"floor":9.0,"key":"REST"},{"floor":15,"key":"REST"}],"circlet_count":0,"master_deck":["AscendersBane","TheCursedMod:Strike_TheCursed","TheCursedMod:Strike_TheCursed","TheCursedMod:Strike_TheCursed","TheCursedMod:Strike_TheCursed","TheCursedMod:Defend_TheCursed","TheCursedMod:Defend_TheCursed","TheCursedMod:Defend_TheCursed","TheCursedMod:Defend_TheCursed","TheCursedMod:CursedWand","TheCursedMod:CleanUpWorkshop","TheCursedMod:Dregs","TheCursedMod:CircleOfCorruption","TheCursedMod:HellfireBreathing","TheCursedMod:SpitefulPlan","TheCursedMod:WearCloak","TheCursedMod:SpitefulStrike","TheCursedMod:AshesToAshes","TheCursedMod:RapidMovement","TheCursedMod:NeowsMight","TheCursedMod:FleshFromBone+1","TheCursedMod:CircleOfFocus+1","TheCursedMod:SoulReap"],"relics":["TheCursedMod:BlackMagic101","hubris:AstralHammer","downfall:HeartBlessingBlue","Toxic Egg 2"],"acts_visited":["Exordium"],"potions_floor_usage":[],"damage_taken":[{"damage":1.0,"enemies":"Cultist","floor":2.0,"turns":5.0},{"damage":0.0,"enemies":"downfall:FleeingMerchant","floor":3.0,"turns":4.0},{"damage":5.0,"enemies":"Small Slimes","floor":4.0,"turns":4.0},{"damage":6.0,"enemies":"Jaw Worm","floor":5.0,"turns":4.0},{"damage":1.0,"enemies":"downfall:LooterAlt","floor":8.0,"turns":3.0},{"damage":1.0,"enemies":"Red Slaver","floor":10.0,"turns":3.0},{"damage":3.0,"enemies":"downfall:FleeingMerchant","floor":11.0,"turns":4.0},{"damage":35.0,"enemies":"3 Sentries","floor":12.0,"turns":15.0},{"damage":2.0,"enemies":"Blue Slaver","floor":13.0,"turns":5.0},{"damage":2.0,"enemies":"2 Fungi Beasts","floor":14.0,"turns":2.0},{"damage":30,"enemies":"SI_SHIV_ARCHETYPE","floor":16,"turns":31}],"seed_played":"7937682874286044374","potions_obtained":[{"floor":4.0,"key":"Elixir"},{"floor":8.0,"key":"Ancient Potion"},{"floor":10.0,"key":"bronze:BurnAndBuffPotion"},{"floor":13.0,"key":"Toxic Potion"}],"is_trial":false,"path_per_floor":["R","M","$","M","M","R","T","M","R","M","$","E","M","M","R","B"],"character_chosen":"THE_CURSED","items_purchased":["TheCursedMod:SpitefulPlan"],"campfire_rested":3,"item_purchase_floors":[3],"current_hp_per_floor":[50,49,49,44,38,60,60,59,85,84,81,46,44,42,67,37,37],"gold":89,"neow_bonus":"ONE_RARE_RELIC","is_daily":false,"chose_seed":false,"campfire_upgraded":0,"win_rate":0.0,"timestamp":1613729928,"path_taken":["R","M","$","M","M","R","T","M","R","M","$","E","M","M","M","BOSS"],"items_purchased_type":["Card"],"build_version":"2020-12-22","purchased_purges":0,"victory":false,"max_hp_per_floor":[75,75,75,75,75,75,75,75,85,85,85,85,85,85,85,85,85],"relic_stats":{"counters":[11,80],"obtain_stats":[{"TheCursedMod:BlackMagic101":0,"hubris:AstralHammer":0,"downfall:HeartBlessingBlue":9,"Toxic Egg 2":12},{"TheCursedMod:BlackMagic101":0,"hubris:AstralHammer":0,"downfall:HeartBlessingBlue":5,"Toxic Egg 2":8},{"TheCursedMod:BlackMagic101":0,"hubris:AstralHammer":0,"downfall:HeartBlessingBlue":20,"Toxic Egg 2":42}]},"card_choices":[{"not_picked":["TheCursedMod:CursedMace","TheCursedMod:Stretching"],"picked":"TheCursedMod:CircleOfCorruption","floor":2.0},{"not_picked":["TheCursedMod:Hemoplague","TheCursedMod:CircleOfFlame"],"picked":"TheCursedMod:HellfireBreathing","floor":3.0},{"not_picked":["TheCursedMod:CircleOfCorruption","TheCursedMod:SpitefulPray"],"picked":"TheCursedMod:WearCloak","floor":4.0},{"not_picked":["TheCursedMod:WearCloak","TheCursedMod:SmokeScreen"],"picked":"TheCursedMod:SpitefulStrike","floor":5.0},{"not_picked":["TheCursedMod:Stretching","TheCursedMod:CursedMace"],"picked":"TheCursedMod:AshesToAshes","floor":8.0},{"not_picked":["TheCursedMod:Obscuration","TheCursedMod:CircleOfWindfury"],"picked":"TheCursedMod:RapidMovement","floor":10.0},{"not_picked":["TheCursedMod:Obscuration","TheCursedMod:CircleOfBlood"],"picked":"TheCursedMod:NeowsMight","floor":11.0},{"not_picked":["TheCursedMod:Stretching+1","TheCursedMod:SpitefulStrike"],"picked":"TheCursedMod:FleshFromBone+1","floor":12.0},{"not_picked":["TheCursedMod:FleshFromBone+1","TheCursedMod:Torture+1"],"picked":"TheCursedMod:CircleOfFocus+1","floor":13.0},{"not_picked":["TheCursedMod:SpitefulStrike","TheCursedMod:VitalStrike"],"picked":"TheCursedMod:SoulReap","floor":14.0}],"player_experience":725788,"relics_obtained":[{"floor":12.0,"key":"Toxic Egg 2"}],"event_choices":[],"is_beta":false,"boss_relics":[],"items_purged_floors":[],"is_endless":false,"potions_floor_spawned":[4,8,10,13],"killed_by":"SI_SHIV_ARCHETYPE","ascension_level":10}}