{"host":"11728qvdvolffudn","time":1613694908,"event":{"mods":["BaseMod","Block Reminder","Colored Powertips","Curses Come First","Custom Start","Displayed Cursed Tome","Highlight Path","Minty Spire (QoL Compilation)","Permanent Neow","Quick Restart","Rare Cards Sparkle","Relic Stats","StSLib","Weighted Paths"],"gold_per_floor":[119,133,308,198,198,233,133,133,133,156,156,13,25,38,38,138,188,203,217,217,11,11,11,22,22,45,45,65,65,0,0,0,101,101,120,120,170,185,185,213,232,232,232,232,82,100,117,130,130,130],"floor_reached":51,"language":"ENG","playtime":2126,"items_purged":["Doubt","Strike_R","Strike_R","Flex"],"score":848,"play_id":"3386fde5-ee67-40ea-adf7-c18f70e9c028","local_time":"20210219003508","is_ascension_mode":true,"campfire_choices":[{"data":"Limit Break","floor":8,"key":"SMITH"},{"floor":11,"key":"REST"},{"floor":15,"key":"REST"},{"data":"Defend_R","floor":23,"key":"SMITH"},{"data":"Defend_R","floor":25,"key":"SMITH"},{"data":"Defend_R","floor":27,"key":"SMITH"},{"data":"Pummel","floor":29,"key":"SMITH"},{"data":"Pummel","floor":32,"key":"SMITH"},{"data":"Limit Break","floor":42,"key":"SMITH"},{"data":"Flex","floor":44,"key":"SMITH"},{"floor":49,"key":"REST"}],"circlet_count":0,"master_deck":["Strike_R+1","Strike_R","Strike_R","Defend_R+1","Defend_R+1","Defend_R+1","Defend_R+1","Bash+1","Limit Break+1","Flex+1","Battle Trance","Inflame","Cleave","Pummel+1","Pummel+1","Flex","Limit Break+1","Cleave","Parasite"],"relics":["Burning Blood","Singing Bowl","Strawberry","Odd Mushroom","Brimstone","Tiny House","Oddly Smooth Stone","Busted Crown","Torii","Art of War","Pocketwatch"],"acts_visited":["Exordium","TheCity","TheBeyond"],"potions_floor_usage":[6,16,24,33,48,49,50],"damage_taken":[{"damage":8,"enemies":"Jaw Worm","floor":1,"turns":6},{"damage":3,"enemies":"2 Louse","floor":2,"turns":2},{"damage":37,"enemies":"3 Sentries","floor":6,"turns":7},{"damage":30,"enemies":"The Mushroom Lair","floor":10,"turns":4},{"damage":0,"enemies":"Small Slimes","floor":13,"turns":1},{"damage":11,"enemies":"Blue Slaver","floor":14,"turns":3},{"damage":51,"enemies":"Hexaghost","floor":16,"turns":7},{"damage":6,"enemies":"Chosen","floor":18,"turns":3},{"damage":26,"enemies":"3 Byrds","floor":19,"turns":4},{"damage":22,"enemies":"Snake Plant","floor":24,"turns":2},{"damage":7,"enemies":"Centurion and Healer","floor":28,"turns":3},{"damage":43,"enemies":"Automaton","floor":33,"turns":6},{"damage":3,"enemies":"3 Darklings","floor":35,"turns":3},{"damage":0,"enemies":"Mind Bloom Boss Battle","floor":37,"turns":2},{"damage":15,"enemies":"Orb Walker","floor":38,"turns":3},{"damage":1,"enemies":"Giant Head","floor":40,"turns":3},{"damage":26,"enemies":"Maw","floor":41,"turns":3},{"damage":34,"enemies":"3 Darklings","floor":46,"turns":4},{"damage":52,"enemies":"4 Shapes","floor":47,"turns":3},{"damage":0,"enemies":"Writhing Mass","floor":48,"turns":3},{"damage":60,"enemies":"Donu and Deca","floor":50,"turns":4}],"seed_played":"-6134529111924984311","potions_obtained":[{"floor":1,"key":"SkillPotion"},{"floor":13,"key":"EssenceOfSteel"},{"floor":16,"key":"ElixirPotion"},{"floor":17,"key":"LiquidBronze"},{"floor":19,"key":"LiquidBronze"},{"floor":33,"key":"BloodPotion"},{"floor":38,"key":"SpeedPotion"},{"floor":47,"key":"LiquidBronze"},{"floor":48,"key":"Fire Potion"}],"is_trial":false,"path_per_floor":["M","M","?","$","?","E","$","R","T","?","R","$","M","M","R","B",null,"M","M","?","$","?","R","M","R","T","R","M","R","?","$","R","B",null,"M","?","?","M","$","E","M","R","T","R","$","M","M","M","R","B",null],"character_chosen":"IRONCLAD","items_purchased":["Inflame","Brimstone","Pummel"],"campfire_rested":3,"item_purchase_floors":[4,12,21],"current_hp_per_floor":[78,80,80,80,64,35,35,35,42,18,44,44,52,47,74,31,100,102,82,61,61,61,61,47,47,47,47,48,48,48,48,48,11,111,113,115,117,110,110,117,99,99,99,99,99,73,27,35,98,44],"gold":130,"neow_bonus":"ONE_RANDOM_RARE_CARD","is_daily":false,"chose_seed":false,"campfire_upgraded":8,"win_rate":0.0,"timestamp":1613694908,"path_taken":["M","M","?","$","?","E","$","R","T","?","R","?","M","?","R","BOSS","M","M","?","$","?","R","M","R","T","R","M","R","?","$","R","BOSS","M","?","?","M","?","E","M","R","T","R","$","M","M","?","R","BOSS"],"items_purchased_type":["Card","Relic","Card"],"build_version":"2020-12-22","purchased_purges":4,"victory":true,"max_hp_per_floor":[80,80,80,80,80,82,82,82,89,89,89,89,91,91,91,93,100,102,102,107,107,107,107,109,109,109,109,111,111,111,111,111,111,111,113,115,117,119,119,121,123,123,123,123,123,125,125,127,127,127],"relic_stats":{"Busted Crown":18,"Singing Bowl":30,"Torii":6,"counters":[21,76],"Art of War":[1],"obtain_stats":[{"Tiny House":17,"Busted Crown":34,"Singing Bowl":6,"Torii":37,"Brimstone":12,"Strawberry":9,"Oddly Smooth Stone":26,"Art of War":40,"Odd Mushroom":10,"Burning Blood":0,"Pocketwatch":43},{"Tiny House":7,"Busted Crown":12,"Singing Bowl":3,"Torii":14,"Brimstone":4,"Strawberry":3,"Oddly Smooth Stone":10,"Art of War":16,"Odd Mushroom":4,"Burning Blood":0,"Pocketwatch":17},{"Tiny House":30,"Busted Crown":48,"Singing Bowl":15,"Torii":53,"Brimstone":19,"Strawberry":15,"Oddly Smooth Stone":39,"Art of War":59,"Odd Mushroom":19,"Burning Blood":0,"Pocketwatch":62}],"Burning Blood":116,"Pocketwatch":[3]},"card_choices":[{"not_picked":["Intimidate","Shrug It Off"],"picked":"Flex","floor":1},{"not_picked":["Heavy Blade","Warcry"],"picked":"Battle Trance","floor":2},{"not_picked":["Wild Strike","Armaments","Dropkick"],"picked":"Singing Bowl","floor":6},{"not_picked":["Twin Strike","Wild Strike"],"picked":"Cleave","floor":10},{"not_picked":["Reckless Charge","Wild Strike","Clothesline"],"picked":"Singing Bowl","floor":13},{"not_picked":["Havoc","Twin Strike"],"picked":"Pummel","floor":14},{"not_picked":["Exhume","Fiend Fire","Double Tap"],"picked":"Singing Bowl","floor":16},{"not_picked":["Body Slam","Wild Strike","Twin Strike"],"picked":"Singing Bowl","floor":17},{"not_picked":["Iron Wave","Entrench","Shockwave+1"],"picked":"Singing Bowl","floor":18},{"not_picked":["Sever Soul","Wild Strike+1"],"picked":"Flex","floor":19},{"not_picked":["Clothesline","Wild Strike+1","Twin Strike"],"picked":"Singing Bowl","floor":24},{"not_picked":["Clothesline+1","Wild Strike","Armaments"],"picked":"Singing Bowl","floor":28},{"not_picked":["Demon Form","Berserk"],"picked":"Limit Break","floor":33},{"not_picked":["Bloodletting+1"],"picked":"Singing Bowl","floor":35},{"not_picked":["Discovery"],"picked":"Singing Bowl","floor":36},{"not_picked":["Seeing Red+1"],"picked":"Singing Bowl","floor":37},{"not_picked":["Pommel Strike+1"],"picked":"Singing Bowl","floor":38},{"not_picked":["Heavy Blade"],"picked":"Singing Bowl","floor":40},{"not_picked":["Shockwave+1"],"picked":"Singing Bowl","floor":41},{"not_picked":["Metallicize+1"],"picked":"Singing Bowl","floor":46},{"not_picked":[],"picked":"Cleave","floor":47},{"not_picked":["Sever Soul+1"],"picked":"Singing Bowl","floor":48}],"player_experience":222102,"relics_obtained":[{"floor":6,"key":"Singing Bowl"},{"floor":9,"key":"Strawberry"},{"floor":10,"key":"Odd Mushroom"},{"floor":26,"key":"Oddly Smooth Stone"},{"floor":37,"key":"Torii"},{"floor":40,"key":"Art of War"},{"floor":43,"key":"Pocketwatch"}],"event_choices":[{"damage_healed":0,"gold_gain":175,"player_choice":"AGREE","damage_taken":0,"max_hp_gain":0,"max_hp_loss":0,"event_name":"Liars Game","floor":3,"gold_loss":0,"cards_obtained":["Doubt"]},{"damage_healed":0,"gold_gain":0,"player_choice":"Entered Light","damage_taken":16,"max_hp_gain":0,"max_hp_loss":0,"event_name":"Shining Light","floor":5,"gold_loss":0,"cards_upgraded":["Defend_R","Strike_R"]},{"damage_healed":0,"gold_gain":0,"player_choice":"Fought Mushrooms","damage_taken":0,"max_hp_gain":0,"max_hp_loss":0,"event_name":"Mushrooms","floor":10,"gold_loss":0},{"damage_healed":0,"gold_gain":0,"player_choice":"Shed Blood","damage_taken":26,"max_hp_gain":5,"max_hp_loss":0,"event_name":"Forgotten Altar","floor":20,"gold_loss":0},{"damage_healed":0,"gold_gain":0,"player_choice":"Read","damage_taken":0,"max_hp_gain":0,"max_hp_loss":0,"event_name":"The Library","floor":22,"gold_loss":0,"cards_obtained":["Flex"]},{"damage_healed":0,"gold_gain":0,"player_choice":"Paid Fearfully","damage_taken":0,"max_hp_gain":0,"max_hp_loss":0,"event_name":"Masked Bandits","floor":30,"gold_loss":65},{"damage_healed":0,"gold_gain":0,"player_choice":"Memory 1","damage_taken":0,"max_hp_gain":0,"max_hp_loss":0,"event_name":"SensoryStone","floor":36,"gold_loss":0},{"damage_healed":0,"gold_gain":0,"player_choice":"Fight","damage_taken":0,"max_hp_gain":0,"max_hp_loss":0,"event_name":"MindBloom","floor":37,"gold_loss":0}],"is_beta":false,"boss_relics":[{"not_picked":["Astrolabe","SacredBark"],"picked":"Tiny House"},{"not_picked":["Sozu","Snecko Eye"],"picked":"Busted Crown"}],"items_purged_floors":[4,7,21,45],"is_endless":false,"potions_floor_spawned":[1,13,16,19,33,38,41,47,48],"ascension_level":4}}