{"host":"t39frk1gt0zfm79h","time":1613771240,"event":{"mods":["BaseMod","Better Altar","Better Match","Better Note","Better Sensory Stone","Better Skull","Better Third Choice","Block Reminder","Colored Map","Downfall","Hermit","Infinite Spire","Minty Spire (QoL Compilation)","Relic Stats","StSLib"],"gold_per_floor":[109,109,119,135,135,135,153,153,153,153,44,219,219,244,244,340,340,350,369,369,388,405,405,405],"floor_reached":23,"language":"ENG","playtime":1016,"items_purged":["hermit:Strike_Hermit"],"score":191,"play_id":"8a6b3848-16b7-4a81-a0e6-603cafadc3ca","local_time":"20210219134720","is_ascension_mode":false,"campfire_choices":[{"data":"1","floor":6,"key":"LIFT"},{"data":"2","floor":8,"key":"LIFT"},{"data":"3","floor":10,"key":"LIFT"},{"data":"hermit:ShadowCloak","floor":13,"key":"SMITH"},{"data":"hermit:BigShot","floor":15,"key":"SMITH"}],"circlet_count":0,"master_deck":["hermit:Strike_Hermit","hermit:Strike_Hermit","hermit:Defend_Hermit","hermit:Defend_Hermit","hermit:Defend_Hermit","hermit:Defend_Hermit","hermit:Snapshot","hermit:Covet","hermit:SprayPray","hermit:Quickdraw","hermit:Enervate","hermit:BigShot+1","hermit:ShadowCloak+1","Doubt","hermit:GhostlyPresence","hermit:FromBeyond","hermit:CalledShot+1","hermit:TrackingShot","Neutralize+1","hermit:Gestalt"],"relics":["hermit:ClaspedLocket","NeowsBlessing","Girya","White Beast Statue","Toy Ornithopter"],"acts_visited":["Exordium","TheCity"],"potions_floor_usage":[14,16,22],"damage_taken":[{"damage":0,"enemies":"Jaw Worm","floor":1,"turns":1},{"damage":0,"enemies":"infinitespire:Voidling","floor":3,"turns":1},{"damage":0,"enemies":"2 Louse","floor":4,"turns":1},{"damage":0,"enemies":"Large Slime","floor":7,"turns":5},{"damage":4,"enemies":"Lagavulin","floor":14,"turns":6},{"damage":8,"enemies":"Slime Boss","floor":16,"turns":12},{"damage":0,"enemies":"Spheric Guardian","floor":18,"turns":3},{"damage":12,"enemies":"3 Byrds","floor":19,"turns":7},{"damage":6,"enemies":"Snecko","floor":21,"turns":3},{"damage":22,"enemies":"Snake Plant","floor":22,"turns":5},{"damage":46,"enemies":"Slavers","floor":23,"turns":5}],"seed_played":"339307921021421050","potions_obtained":[{"floor":1,"key":"Fire Potion"},{"floor":4,"key":"Dexterity Potion"},{"floor":7,"key":"hermit:BlackBile"},{"floor":14,"key":"SteroidPotion"},{"floor":16,"key":"hermit:Tonic"},{"floor":18,"key":"hermit:BlackBile"},{"floor":22,"key":"Fruit Juice"}],"is_trial":false,"path_per_floor":["M","?","M","M","?","R","M","R","T","R","$","?","R","E","R","B",null,"M","M","?","M","M","E"],"character_chosen":"HERMIT","items_purchased":["hermit:ShadowCloak"],"campfire_rested":0,"item_purchase_floors":[11],"current_hp_per_floor":[75,75,75,75,72,72,72,72,72,72,72,72,72,68,68,65,75,75,63,63,57,45,0,0],"gold":405,"neow_bonus":"THREE_ENEMY_KILL","is_daily":false,"chose_seed":false,"campfire_upgraded":2,"win_rate":0.0,"timestamp":1613771240,"path_taken":["M","?","?","?","?","R","M","R","T","R","$","?","R","E","R","BOSS","M","M","?","M","M","E"],"items_purchased_type":["Card"],"build_version":"2020-12-22","purchased_purges":1,"victory":false,"max_hp_per_floor":[75,75,75,75,75,75,75,75,75,75,75,75,75,75,75,75,75,75,75,75,75,80,80,80],"relic_stats":{"counters":[11,49],"obtain_stats":[{"Girya":5,"hermit:ClaspedLocket":17,"NeowsBlessing":0,"hermit:Momento":0,"White Beast Statue":9,"Toy Ornithopter":14},{"Girya":3,"hermit:ClaspedLocket":6,"NeowsBlessing":0,"hermit:Momento":0,"White Beast Statue":4,"Toy Ornithopter":5},{"Girya":3,"hermit:ClaspedLocket":26,"NeowsBlessing":0,"hermit:Momento":0,"White Beast Statue":8,"Toy Ornithopter":14}],"Toy Ornithopter":10},"card_choices":[{"not_picked":["hermit:LuckOfTheDraw","hermit:Cheat"],"picked":"hermit:SprayPray","floor":1},{"not_picked":["hermit:PistolWhip","hermit:HoleUp"],"picked":"hermit:Quickdraw","floor":3},{"not_picked":["hermit:BodyArmor","hermit:Snipe"],"picked":"hermit:Enervate","floor":4},{"not_picked":["hermit:Snipe","hermit:CalledShot"],"picked":"hermit:BigShot","floor":7},{"not_picked":["hermit:Cheat","hermit:Snipe"],"picked":"hermit:GhostlyPresence","floor":14},{"not_picked":["hermit:HighNoon","hermit:OverwhelmingPower"],"picked":"hermit:FromBeyond","floor":16},{"not_picked":["hermit:Snipe","hermit:Glare"],"picked":"hermit:CalledShot+1","floor":18},{"not_picked":["hermit:Midnight+1","hermit:Headshot"],"picked":"hermit:TrackingShot","floor":19},{"not_picked":["hermit:Roulette","hermit:NoHoldsBarred","hermit:Coalescence"],"picked":"SKIP","floor":21},{"not_picked":["hermit:Headshot","hermit:Cheat"],"picked":"hermit:Gestalt","floor":22}],"player_experience":6033,"relics_obtained":[{"floor":9,"key":"White Beast Statue"},{"floor":14,"key":"Toy Ornithopter"}],"event_choices":[{"cards_removed":["hermit:Strike_Hermit"],"damage_healed":0,"gold_gain":0,"player_choice":"Purged","damage_taken":0,"max_hp_gain":0,"max_hp_loss":0,"event_name":"Purifier","floor":2,"gold_loss":0},{"damage_healed":0,"gold_gain":0,"player_choice":"Relic ","damage_taken":3,"max_hp_gain":0,"max_hp_loss":0,"event_name":"betterThird:BetterScrap","floor":5,"gold_loss":0,"cards_obtained":["Tempest"]},{"damage_healed":0,"gold_gain":175,"player_choice":"AGREE","damage_taken":44,"max_hp_gain":0,"max_hp_loss":0,"event_name":"betterThird:BetterSerpent","floor":12,"gold_loss":0},{"cards_removed":["hermit:GhostlyPresence"],"damage_healed":0,"gold_gain":0,"player_choice":"Take \u0026 Give","damage_taken":0,"max_hp_gain":0,"max_hp_loss":0,"event_name":"betterNote:BetterNote","floor":20,"gold_loss":0,"cards_obtained":["Neutralize"]}],"is_beta":false,"boss_relics":[{"not_picked":["hermit:DentedPlate","Coffee Dripper"],"picked":"hermit:ClaspedLocket"}],"items_purged_floors":[11],"is_endless":false,"potions_floor_spawned":[1,4,7,14,16,18,19,21,22],"killed_by":"Slavers","ascension_level":0}}