{"host":"lsq35p0sdkx2xifo","time":1613712546,"event":{"mods":["AchievementEnabler","BaseMod","Highlight Path","Minty Spire (QoL Compilation)","StSLib"],"gold_per_floor":[109,109,109,34,54,54,98,112,188,232,232,33,0,19,19,108,108,126,126,150,171,189,189,189,189],"floor_reached":24,"language":"ENG","playtime":1686,"items_purged":["Injury"],"score":371,"play_id":"92c66a5e-2bd7-4f06-9d92-f98e2545a7e7","local_time":"20210218212906","is_ascension_mode":true,"campfire_choices":[{"data":"Tools of the Trade","floor":6,"key":"SMITH"},{"floor":11,"key":"REST"},{"floor":15,"key":"REST"},{"floor":23,"key":"REST"}],"circlet_count":0,"master_deck":["AscendersBane","Strike_G","Strike_G","Strike_G","Strike_G","Defend_G","Defend_G","Defend_G","Defend_G","Defend_G","Survivor","Neutralize","Tools of the Trade+1","Dagger Spray","Bouncing Flask","Underhanded Strike","Catalyst","Underhanded Strike","Sadistic Nature","Adrenaline","Venomology","Prepared+1","After Image","Infinite Blades+1","Underhanded Strike"],"relics":["Ring of the Snake","Golden Idol","Akabeko","Sundial","White Beast Statue"],"acts_visited":["Exordium","TheCity"],"potions_floor_usage":[7,10,16,18,18,20,20,21,22,22,24,24],"damage_taken":[{"damage":2,"enemies":"Jaw Worm","floor":1,"turns":5},{"damage":2,"enemies":"Small Slimes","floor":5,"turns":4},{"damage":37,"enemies":"3 Sentries","floor":7,"turns":11},{"damage":0,"enemies":"2 Louse","floor":8,"turns":2},{"damage":10,"enemies":"Gremlin Nob","floor":10,"turns":3},{"damage":5,"enemies":"Gremlin Gang","floor":14,"turns":4},{"damage":12,"enemies":"Slime Boss","floor":16,"turns":8},{"damage":13,"enemies":"Shell Parasite","floor":18,"turns":5},{"damage":0,"enemies":"Spheric Guardian","floor":20,"turns":2},{"damage":30,"enemies":"Cultist and Chosen","floor":21,"turns":8},{"damage":5,"enemies":"Centurion and Healer","floor":22,"turns":6},{"damage":30,"enemies":"Book of Stabbing","floor":24,"turns":5}],"seed_played":"7937492143460269459","potions_obtained":[{"floor":1,"key":"SpeedPotion"},{"floor":8,"key":"Poison Potion"},{"floor":10,"key":"Dexterity Potion"},{"floor":14,"key":"DuplicationPotion"},{"floor":16,"key":"AttackPotion"},{"floor":18,"key":"CunningPotion"},{"floor":20,"key":"FearPotion"},{"floor":22,"key":"SkillPotion"}],"is_trial":false,"path_per_floor":["M","?","?","$","M","R","E","M","T","E","R","$","?","M","R","B",null,"M","?","M","M","M","R","E"],"character_chosen":"THE_SILENT","items_purchased":["Sadistic Nature"],"campfire_rested":3,"item_purchase_floors":[12],"current_hp_per_floor":[57,57,57,57,55,55,18,18,18,8,27,27,27,22,41,29,57,44,44,44,14,9,28,0,0],"gold":189,"neow_bonus":"THREE_RARE_CARDS","is_daily":false,"chose_seed":false,"campfire_upgraded":1,"win_rate":0.0,"timestamp":1613712546,"path_taken":["M","?","?","$","M","R","E","M","T","E","R","$","?","M","R","BOSS","M","?","?","M","M","R","E"],"items_purchased_type":["Card"],"build_version":"2020-12-22","purchased_purges":1,"victory":false,"max_hp_per_floor":[66,66,66,66,66,66,66,66,66,66,66,66,66,66,66,66,66,66,66,66,66,66,66,66,66],"card_choices":[{"not_picked":["Glass Knife","Unload"],"picked":"Tools of the Trade","floor":0},{"not_picked":["Slice","Concentrate"],"picked":"Dagger Spray","floor":1},{"not_picked":["Prepared","Crippling Poison"],"picked":"Bouncing Flask","floor":5},{"not_picked":["Distraction","Outmaneuver"],"picked":"Underhanded Strike","floor":7},{"not_picked":["Slice","Cloak And Dagger"],"picked":"Catalyst","floor":8},{"not_picked":["Prepared","Accuracy"],"picked":"Underhanded Strike","floor":10},{"not_picked":["Acrobatics","Bane"],"picked":"Adrenaline","floor":14},{"not_picked":["Storm of Steel","Unload"],"picked":"Venomology","floor":16},{"not_picked":["Predator","Backstab"],"picked":"Prepared+1","floor":18},{"not_picked":["Well Laid Plans","Dodge and Roll"],"picked":"Infinite Blades+1","floor":20},{"not_picked":["Leg Sweep","Dodge and Roll"],"picked":"Underhanded Strike","floor":21},{"not_picked":["Flying Knee","Blade Dance","Expertise"],"picked":"SKIP","floor":22}],"player_experience":1290316,"relics_obtained":[{"floor":7,"key":"Akabeko"},{"floor":9,"key":"Sundial"},{"floor":10,"key":"White Beast Statue"}],"event_choices":[{"cards_removed":["Pain"],"damage_healed":0,"gold_gain":0,"player_choice":"Forget","damage_taken":0,"max_hp_gain":0,"max_hp_loss":0,"event_name":"Living Wall","floor":2,"gold_loss":0},{"damage_healed":0,"gold_gain":0,"player_choice":"Take Wound","damage_taken":0,"relics_obtained":["Golden Idol"],"max_hp_gain":0,"max_hp_loss":0,"event_name":"Golden Idol","floor":3,"gold_loss":0,"cards_obtained":["Injury"]},{"damage_healed":0,"gold_gain":0,"player_choice":"Left Gold","damage_taken":0,"max_hp_gain":0,"max_hp_loss":0,"event_name":"World of Goop","floor":13,"gold_loss":33},{"damage_healed":0,"gold_gain":0,"cards_transformed":["Strike_G"],"player_choice":"Transformed","damage_taken":0,"max_hp_gain":0,"max_hp_loss":0,"event_name":"Transmorgrifier","floor":19,"gold_loss":0,"cards_obtained":["After Image"]}],"is_beta":false,"boss_relics":[{"not_picked":["Fusion Hammer","Snecko Eye","Coffee Dripper"]}],"items_purged_floors":[4],"is_endless":false,"potions_floor_spawned":[1,8,10,14,16,18,20,21,22],"killed_by":"Book of Stabbing","ascension_level":16}}