{"host":"x4954lblgztusody","time":1613697111,"event":{"mods":["BaseMod","Clockwork Mod","Colored Map","Curses Come First","Minty Spire (QoL Compilation)","Rare Cards Sparkle","Shop Mod","StSLib","The Animator","WarShipGirlsR/战舰少女R mod"],"gold_per_floor":[125,148,159,109,1,1,1,27,27,66,103,130,168,183,183,292,292,309,337,363,385,405,405,439,439,439,439,461,481,504,521,521,626,626,642,642,661,194,194,227,227,241,268,286,301,20,20,49,49,53,53,53,14,14,14],"floor_reached":54,"language":"ENG","playtime":7645,"items_purged":["animator:Defend","animator:NarberalGamma","animator:Sebas"],"score":930,"play_id":"1fbc6df0-1efd-4a15-8098-c13f61c0b170","local_time":"20210218171151","is_ascension_mode":true,"campfire_choices":[{"data":"animator:GuildGirl","floor":6.0,"key":"SMITH"},{"data":"animator:Laby","floor":15.0,"key":"SMITH"},{"data":"animator:Mikaela","floor":23.0,"key":"SMITH"},{"data":"animator:Mikaela","floor":27.0,"key":"SMITH"},{"data":"animator:Laby","floor":32.0,"key":"SMITH"},{"floor":41.0,"key":"REST"},{"floor":49,"key":"RECALL"},{"data":"animator:Entoma+4","floor":52,"key":"SMITH"}],"circlet_count":0,"master_deck":["animator:Strike_Elsword","animator:Defend_Elsword","animator:Defend","animator:Defend","animator:Chung","animator:LimeBell","animator:Priestess","animator:Darkness+1","animator:Mikaela+1","animator:GuildGirl+1","animator:Chung","animator:Mikaela+1","animator:Laby+1","animator:Yuuichirou","animator:Elsword","animator:Aqua","animator:Saber","animator:Fredrika","animator:Verdia","animator:Verdia","animator:Elsword","animator:Evileye","animator:Laby+1","animator:GuildGirl+1","animator:Wiz","animator:Cocytus","animator:Verdia","animator:Evileye+1","animator:Verdia","animator:TanyaDegurechaff","animator:Entoma+5","animator:Arpeggio","animator:Elsword","animator:GuildGirl"],"relics":["animator:LivingPicture","animator:TheMissingPiece","animator:PurgingStone","White Beast Statue","Toy Ornithopter","Omamori","SlaversCollar","Ornamental Fan","Paper Crane","CloakClasp","animator:RacePiece","Anchor","animator:BattleDrones","Bottled Tornado","Bronze Scales","Gremlin Horn","Pantograph"],"acts_visited":["Exordium","TheCity","TheBeyond","TheEnding"],"potions_floor_usage":[48,50,50],"damage_taken":[{"damage":1.0,"enemies":"Small Slimes","floor":1.0,"turns":4.0},{"damage":4.0,"enemies":"Cultist","floor":2.0,"turns":6.0},{"damage":0.0,"enemies":"2 Louse","floor":3.0,"turns":4.0},{"damage":6.0,"enemies":"Lots of Slimes","floor":8.0,"turns":9.0},{"damage":7.0,"enemies":"3 Sentries","floor":10.0,"turns":18.0},{"damage":4.0,"enemies":"Exordium Wildlife","floor":11.0,"turns":7.0},{"damage":17.0,"enemies":"Exordium Thugs","floor":12.0,"turns":6.0},{"damage":34.0,"enemies":"Gremlin Nob","floor":13.0,"turns":7.0},{"damage":0.0,"enemies":"Blue Slaver","floor":14.0,"turns":4.0},{"damage":0.0,"enemies":"Hexaghost","floor":16.0,"turns":9.0},{"damage":2.0,"enemies":"Chosen","floor":18.0,"turns":6.0},{"damage":11.0,"enemies":"Spheric Guardian","floor":19.0,"turns":6.0},{"damage":4.0,"enemies":"Centurion and Healer","floor":20.0,"turns":11.0},{"damage":16.0,"enemies":"Cultist and Chosen","floor":21.0,"turns":9.0},{"damage":11.0,"enemies":"Snake Plant","floor":22.0,"turns":7.0},{"damage":0.0,"enemies":"Book of Stabbing","floor":24.0,"turns":6.0},{"damage":0.0,"enemies":"Shelled Parasite and Fungi","floor":28.0,"turns":10.0},{"damage":0.0,"enemies":"Centurion and Healer","floor":29.0,"turns":10.0},{"damage":0.0,"enemies":"Snecko","floor":30.0,"turns":6.0},{"damage":8.0,"enemies":"Cultist and Chosen","floor":31.0,"turns":7.0},{"damage":0.0,"enemies":"Automaton","floor":33.0,"turns":12.0},{"damage":3.0,"enemies":"Orb Walker","floor":35.0,"turns":6.0},{"damage":16.0,"enemies":"3 Shapes","floor":37.0,"turns":10.0},{"damage":30.0,"enemies":"Giant Head","floor":40.0,"turns":12.0},{"damage":29.0,"enemies":"Spire Growth","floor":42.0,"turns":8.0},{"damage":22.0,"enemies":"Maw","floor":44.0,"turns":11.0},{"damage":12.0,"enemies":"Transient","floor":45.0,"turns":5.0},{"damage":0,"enemies":"Reptomancer","floor":48,"turns":9},{"damage":17,"enemies":"Time Eater","floor":50,"turns":12},{"damage":78,"enemies":"Shield and Spear","floor":54,"turns":8}],"seed_played":"7002191520039157615","potions_obtained":[{"floor":3.0,"key":"BlessingOfTheForge"},{"floor":8.0,"key":"BlessingOfTheForge"},{"floor":10.0,"key":"Swift Potion"},{"floor":12.0,"key":"FearPotion"},{"floor":13.0,"key":"animator:FalseLifePotion"},{"floor":14.0,"key":"GamblersBrew"},{"floor":16.0,"key":"Weak Potion"},{"floor":18.0,"key":"Strength Potion"},{"floor":19.0,"key":"Weak Potion"},{"floor":21.0,"key":"DuplicationPotion"},{"floor":22.0,"key":"SneckoOil"},{"floor":24.0,"key":"BlessingOfTheForge"},{"floor":28.0,"key":"DistilledChaos"},{"floor":29.0,"key":"Block Potion"},{"floor":30.0,"key":"EssenceOfSteel"},{"floor":31.0,"key":"Dexterity Potion"},{"floor":33.0,"key":"Block Potion"},{"floor":35.0,"key":"DuplicationPotion"},{"floor":40.0,"key":"ColorlessPotion"},{"floor":42.0,"key":"FearPotion"},{"floor":44.0,"key":"Fire Potion"},{"floor":45.0,"key":"AttackPotion"},{"floor":48,"key":"Energy Potion"}],"is_trial":false,"path_per_floor":["M","M","M","?","$","R","?","M","T","E","M","M","E","M","R","B",null,"M","M","M","M","M","R","E","T","T","R","M","M","M","M","R","B",null,"M","?","M","$","?","E","R","M","T","M","M","$","T","E","R","B",null,"R","$","E"],"character_chosen":"THE_ANIMATOR","items_purchased":["animator:GuildGirl","animator:Verdia","animator:TanyaDegurechaff","Anchor","Bronze Scales","animator:GuildGirl"],"campfire_rested":1,"item_purchase_floors":[5,38,38,38,46,53],"current_hp_per_floor":[65,61,61,61,61,61,61,55,55,48,44,37,4,10,10,17,68,66,57,55,41,37,37,49,49,49,49,51,53,55,50,50,57,69,66,66,52,52,52,29,49,22,22,9,9,9,9,18,18,38,73,73,73,0,0],"gold":14,"neow_bonus":"RANDOM_COLORLESS","is_daily":false,"chose_seed":false,"campfire_upgraded":6,"win_rate":0.0,"timestamp":1613697111,"path_taken":["M","M","M","?","$","R","?","M","T","E","M","M","E","M","R","BOSS","M","M","M","?","M","R","E","?","T","R","M","M","M","?","R","BOSS","M","?","?","$","?","E","R","M","T","?","M","$","?","E","R","BOSS","R","$","E"],"items_purchased_type":["Card","Card","Card","Relic","Relic","Card"],"build_version":"2020-12-22","purchased_purges":3,"victory":false,"max_hp_per_floor":[66,66,66,66,66,66,66,66,66,66,66,66,67,68,68,68,68,68,68,68,68,68,68,68,68,68,68,68,68,68,69,69,69,69,69,69,69,69,69,69,69,69,69,71,71,71,71,73,73,73,73,73,73,73,73],"card_choices":[{"not_picked":["animator:IchigoKurosaki","animator:Canti"],"picked":"animator:LimeBell","floor":0.0},{"not_picked":["animator:Ain","animator:Nanami"],"picked":"animator:Priestess","floor":1.0},{"not_picked":["animator:Priestess","animator:Verdia"],"picked":"animator:Darkness","floor":2.0},{"not_picked":["animator:Aisha","animator:ChaikaBohdan"],"picked":"animator:Mikaela","floor":3.0},{"not_picked":["animator:Ciel","animator:Add"],"picked":"animator:Chung","floor":8.0},{"not_picked":["animator:Demiurge","animator:Caster"],"picked":"animator:Mikaela","floor":10.0},{"not_picked":["animator:Sebas","animator:Gillette"],"picked":"animator:Laby","floor":11.0},{"not_picked":["animator:Chris","animator:Nanami"],"picked":"animator:Yuuichirou","floor":12.0},{"not_picked":["animator:Ciel","animator:Rena"],"picked":"animator:Elsword","floor":13.0},{"not_picked":["animator:Emonzaemon","animator:RinTohsaka"],"picked":"animator:Aqua","floor":14.0},{"not_picked":["animator:PinaCoLada","animator:Gilgamesh"],"picked":"animator:Saber","floor":16.0},{"not_picked":["animator:Rider","animator:Mitsuba"],"picked":"animator:Fredrika","floor":18.0},{"not_picked":["animator:Guy","animator:Berserker"],"picked":"animator:Verdia","floor":19.0},{"not_picked":["animator:YunYun","animator:Aqua"],"picked":"animator:Verdia","floor":20.0},{"not_picked":["animator:Shichika","animator:Kazuma"],"picked":"animator:Elsword","floor":21.0},{"not_picked":["animator:Aisha","animator:PinaCoLada","animator:Raven"],"picked":"SKIP","floor":22.0},{"not_picked":["animator:PandorasActor+1","animator:AcuraTooru"],"picked":"animator:Evileye","floor":24.0},{"not_picked":["animator:Chung","animator:Ain"],"picked":"animator:Laby","floor":28.0},{"not_picked":["animator:Verdia","animator:Mitsuba"],"picked":"animator:GuildGirl+1","floor":29.0},{"not_picked":["animator:Archer","animator:CowGirl","animator:Raven"],"picked":"SKIP","floor":30.0},{"not_picked":["animator:RoryMercury+1","animator:Arpeggio"],"picked":"animator:Wiz","floor":31.0},{"not_picked":["animator:Megumin","animator:Chris"],"picked":"animator:Verdia","floor":35.0},{"not_picked":["animator:CrowleyEusford","animator:Ciel"],"picked":"animator:Evileye+1","floor":37.0},{"not_picked":["animator:AcuraTooru","animator:RinTohsaka"],"picked":"animator:Entoma","floor":40.0},{"not_picked":["animator:Ain","animator:Guren"],"picked":"animator:Arpeggio","floor":42.0},{"not_picked":["animator:PandorasActor","animator:Evileye"],"picked":"animator:Entoma","floor":44.0},{"not_picked":["animator:LizardPriest+1","animator:Azekura"],"picked":"animator:Entoma","floor":45.0},{"not_picked":["animator:Lancer","animator:LizardPriest"],"picked":"animator:Elsword","floor":48}],"player_experience":65740,"relics_obtained":[{"floor":9.0,"key":"White Beast Statue"},{"floor":10.0,"key":"Toy Ornithopter"},{"floor":13.0,"key":"Omamori"},{"floor":24.0,"key":"Ornamental Fan"},{"floor":25.0,"key":"Paper Crane"},{"floor":26.0,"key":"CloakClasp"},{"floor":40.0,"key":"Bottled Tornado"},{"floor":47.0,"key":"Gremlin Horn"},{"floor":48,"key":"Pantograph"}],"event_choices":[{"cards_removed":["animator:Strike"],"damage_healed":0.0,"max_hp_gain":0.0,"max_hp_loss":0.0,"gold_gain":0.0,"event_name":"The Cleric","player_choice":"Card Removal","floor":4.0,"gold_loss":50.0,"damage_taken":0.0},{"damage_healed":0.0,"max_hp_gain":0.0,"max_hp_loss":0.0,"gold_gain":0.0,"event_name":"Upgrade Shrine","player_choice":"Upgraded","floor":7.0,"gold_loss":0.0,"damage_taken":0.0,"cards_upgraded":["animator:Darkness"]},{"damage_healed":0.0,"max_hp_gain":0.0,"max_hp_loss":0.0,"gold_gain":0.0,"event_name":"SecretPortal","player_choice":"Ignored","floor":36.0,"gold_loss":0.0,"damage_taken":0.0},{"damage_healed":0.0,"max_hp_gain":0.0,"max_hp_loss":0.0,"gold_gain":0.0,"event_name":"WeMeetAgain","player_choice":"Gave Potion","floor":39.0,"gold_loss":0.0,"damage_taken":0.0,"relics_obtained":["animator:BattleDrones"]}],"is_beta":false,"boss_relics":[{"not_picked":["SacredBark","Fusion Hammer"],"picked":"SlaversCollar"},{"not_picked":["Calling Bell","Sozu"],"picked":"animator:RacePiece"}],"items_purged_floors":[5,38,46],"is_endless":false,"potions_floor_spawned":[3,8,10,11,12,13,14,16,18,19,20,21,22,24,28,29,30,31,33,35,37,40,42,44,45,48],"killed_by":"Shield and Spear","ascension_level":1}}