{"host":"iovigr651ajk16h5","time":1613746689,"event":{"mods":["2.2 Compatiblity","AchievementEnabler","Aspiration","BaseMod","Better Altar","Better Match","Better Note","Better Sensory Stone","Better Skull","Better Third Choice","Block Reminder","CapriCore","Colored Map","Ekko","Energized Spire","GifTheSpireLib","GungeonMod","Halation","Hermit","Highlight Path","Hubris","Infinite Spire","Koishi","Luminous","Marisa????????","Minty Spire (QoL Compilation)","Nova Terra(??·??)","Onozuka Komachi Mod","Permanent Neow","Prisma Mod","Quick Restart","Railgun Mod","Remilia??????","Replay The Spire","StSLib","Stuff the Spire","Td1madao Mod","The Administrix","The Bladedancer","The Bug Knight","The Construct","The Exalted","The Immortal","The Marked","The Problem Sleuth","The Servant 0.9.4","TheFirefly","TheSwordswoman","Trackpad","Waifu the Spire","WarShipGirlsR/????R mod","everything is the same but u backflip on backflip"],"gold_per_floor":[109,128,128,128,143,143,143,173,173,198,224,224,243,260,28,38,38,139,139,155,155,128,128,46,46,46,61,61,79,79,8,8,20,20,118,118,130,130,30,30,30],"floor_reached":40,"language":"ENG","playtime":1975,"items_purged":["Koishi:BasicStrike","Koishi:BasicStrike"],"score":419,"play_id":"9a5ca52a-f925-4a89-a560-4babca576293","local_time":"20210219095809","is_ascension_mode":false,"campfire_choices":[{"floor":9.0,"key":"REST"},{"floor":17.0,"key":"REST"},{"data":"Koishi:UnansweredLove","floor":25.0,"key":"SMITH"},{"floor":30,"key":"REST"},{"data":"Koishi:Catatonia","floor":32,"key":"SMITH"},{"data":"Koishi:ApparitionsStalkTheNight","floor":34,"key":"SMITH"}],"circlet_count":0,"master_deck":["Koishi:BasicStrike","Koishi:BasicDefend","Koishi:BasicDefend","Koishi:BasicDefend","Koishi:BasicDefend","Koishi:Provoke","Koishi:HauntingSlash","Koishi:RacingHeart","Koishi:PhantomStrike","Koishi:FleetingPhantom","Koishi:UnansweredLove+1","Koishi:StingingMind","Koishi:Catatonia+1","Koishi:MindNumbingTerror","Koishi:ApparitionsStalkTheNight","Koishi:RacingHeart","Koishi:DreadfulBlow","Koishi:ConfinedInnocent+1","Koishi:DNAsFlaw","Koishi:DreadfulBlow+1","Koishi:RuptureMind","Koishi:PredatoryInstincts","Koishi:ApparitionsStalkTheNight+1","Koishi:UnseenTerror","Koishi:DNAsFlaw","Koishi:Catatonia+1","Koishi:UnansweredLove"],"relics":["Koishi:ImaginaryFriend","NeowsBlessing","hubris:Icosahedron","DemoMod:WeirdEgg","Simple Rune","Anchor","Frozen Egg 2","Tiny Chest","hubris:CuriousFeather","Painkiller Herb"],"acts_visited":["Exordium","TheCity","TheBeyond"],"potions_floor_usage":[33,40],"damage_taken":[{"damage":0.0,"enemies":"Cultist","floor":1.0,"turns":1.0},{"damage":0.0,"enemies":"Small Slimes","floor":2.0,"turns":1.0},{"damage":0.0,"enemies":"Jaw Worm","floor":5.0,"turns":1.0},{"damage":35.0,"enemies":"3 Sentries","floor":8.0,"turns":13.0},{"damage":18.0,"enemies":"Lagavulin","floor":10.0,"turns":8.0},{"damage":1.0,"enemies":"Blue Slaver","floor":13.0,"turns":4.0},{"damage":1.0,"enemies":"Looter","floor":14.0,"turns":3.0},{"damage":8.0,"enemies":"Large Slime","floor":16.0,"turns":4.0},{"damage":46.0,"enemies":"Hexaghost","floor":18.0,"turns":8.0},{"damage":26.0,"enemies":"Shell Parasite","floor":20.0,"turns":4.0},{"damage":10.0,"enemies":"2 Thieves","floor":22.0,"turns":5.0},{"damage":17.0,"enemies":"Sentry and Sphere","floor":27.0,"turns":7.0},{"damage":11,"enemies":"Snecko","floor":29,"turns":7},{"damage":23,"enemies":"Centurion and Healer","floor":33,"turns":6},{"damage":19,"enemies":"Champ","floor":35,"turns":12},{"damage":16,"enemies":"Orb Walker","floor":37,"turns":4},{"damage":30,"enemies":"Orin","floor":40,"turns":5}],"seed_played":"5991972257605414774","potions_obtained":[{"floor":10.0,"key":"Languid Potion"},{"floor":13.0,"key":"DemoMod:LeadSkinPotion"},{"floor":27.0,"key":"Fire Potion"},{"floor":29,"key":"Fire Potion"},{"floor":33,"key":"Explosive Potion"},{"floor":35,"key":"AttackPotion"}],"is_trial":false,"path_per_floor":["M","M","?","?","M","PTL","PTL","E","R","E","T","T","M","M","$","M","R","B",null,"M","?","M","?","$","R","?","M","T","M","R","$","R","M","R","B",null,"?","?","T","?"],"character_chosen":"KOISHI","items_purchased":["Koishi:MindNumbingTerror","Koishi:ApparitionsStalkTheNight","Koishi:RacingHeart","Koishi:RuptureMind","Koishi:UnseenTerror"],"campfire_rested":3,"item_purchase_floors":[15,15,15,24,31],"current_hp_per_floor":[60,60,60,60,60,60,60,25,43,37,37,37,40,42,42,39,57,33,60,43,43,39,39,39,39,39,31,31,38,56,56,56,54,54,60,60,55,55,55,25,25],"gold":30,"neow_bonus":"THREE_ENEMY_KILL","is_daily":false,"chose_seed":false,"campfire_upgraded":3,"win_rate":0.0,"timestamp":1613746689,"path_taken":["M","?","?","?","M","PTL","PTL","E","R","E","T","?","M","M","?","M","R","BOSS","M","?","M","?","$","R","?","M","T","M","R","$","R","M","R","BOSS","?","?","T","?"],"items_purchased_type":["Card","Card","Card","Card","Card"],"build_version":"2020-12-22","purchased_purges":2,"victory":false,"max_hp_per_floor":[60,60,60,60,60,60,60,60,60,60,60,60,60,60,60,60,60,60,60,60,60,60,60,60,60,60,60,60,60,60,60,60,60,60,60,60,60,60,60,60,60],"card_choices":[{"not_picked":["Koishi:GhostParty","Koishi:BramblyRoseGarden"],"picked":"Koishi:RacingHeart","floor":1.0},{"not_picked":["Koishi:Whimsy","Koishi:TremblingHands"],"picked":"Koishi:PhantomStrike","floor":2.0},{"not_picked":["Koishi:TraumaticStroke","Koishi:SubterraneanRose","Koishi:SubconsciousSweep"],"picked":"SKIP","floor":5.0},{"not_picked":["Koishi:SubterraneanRose","Koishi:UnconsciousUrges"],"picked":"Koishi:FleetingPhantom","floor":8.0},{"not_picked":["Koishi:Whimsy","Koishi:IdleWhim"],"picked":"Koishi:UnansweredLove","floor":10.0},{"not_picked":["Koishi:ParalyzingFear","Koishi:UnconsciousUprising"],"picked":"Koishi:StingingMind","floor":13.0},{"not_picked":["Koishi:PhantomBarrier","Koishi:StingingMind"],"picked":"Koishi:Catatonia","floor":14.0},{"not_picked":["Koishi:Ego+1","Koishi:FidgetySnatcher+1"],"picked":"Koishi:DreadfulBlow","floor":16.0},{"not_picked":["Koishi:GrowingPain","Koishi:RoseHell"],"picked":"Koishi:ConfinedInnocent+1","floor":18.0},{"not_picked":["Koishi:Jaunt","Koishi:FleetingPhantom"],"picked":"Koishi:DNAsFlaw","floor":20.0},{"not_picked":["Koishi:Jaunt","Koishi:GeneticsOfTheUnconscious"],"picked":"Koishi:DreadfulBlow+1","floor":22.0},{"not_picked":["Koishi:BloodcurdlingScream","Koishi:EmbryosDream+1"],"picked":"Koishi:PredatoryInstincts","floor":27.0},{"not_picked":["Koishi:CatchAndRose+1","Koishi:DanmakuParanoia"],"picked":"Koishi:ApparitionsStalkTheNight","floor":29},{"not_picked":["Koishi:CatchAndRose","Koishi:Prune"],"picked":"Koishi:DNAsFlaw","floor":33},{"not_picked":["Koishi:EmbryosDream+1","Koishi:BramblyRoseGarden+1"],"picked":"Koishi:Catatonia+1","floor":37}],"player_experience":389585,"relics_obtained":[{"floor":8.0,"key":"DemoMod:WeirdEgg"},{"floor":10.0,"key":"Simple Rune"},{"floor":11.0,"key":"Anchor"},{"floor":12.0,"key":"Frozen Egg 2"},{"floor":28.0,"key":"hubris:CuriousFeather"}],"event_choices":[{"cards_removed":["Koishi:BasicStrike"],"damage_healed":0.0,"max_hp_gain":0.0,"max_hp_loss":0.0,"gold_gain":0.0,"event_name":"Living Wall","player_choice":"Forget","floor":3.0,"gold_loss":0.0,"damage_taken":0.0},{"damage_healed":0.0,"max_hp_gain":0.0,"max_hp_loss":0.0,"gold_gain":0.0,"event_name":"betterNote:BetterNote","player_choice":"Ignored","floor":21.0,"gold_loss":0.0,"damage_taken":0.0,"cards_obtained":["MaximisePower"]},{"damage_healed":0.0,"max_hp_gain":0.0,"max_hp_loss":0.0,"gold_gain":0.0,"event_name":"The Mausoleum","player_choice":"Opened","floor":23.0,"gold_loss":0.0,"damage_taken":0.0,"relics_obtained":["Tiny Chest"]},{"damage_healed":0,"gold_gain":0,"player_choice":"Fight","damage_taken":0,"max_hp_gain":0,"max_hp_loss":0,"event_name":"OrinTheCat","floor":40,"gold_loss":0}],"is_beta":false,"boss_relics":[{"not_picked":["halation:HeavySnake","energizedSpire:HugeHouse","aspiration:RunicSpoon"]},{"not_picked":["hubris:Stopwatch","trackpad:Trackpad"],"picked":"Painkiller Herb"}],"items_purged_floors":[15,39],"is_endless":false,"potions_floor_spawned":[10,13,27,29,33,35],"killed_by":"Orin","ascension_level":0}}