{"host":"xltl1aroowo69o4n","time":1613702816,"event":{"mods":["BaseMod","Colored Map","Colored Powertips","Downfall","Marisa????????","Minty Spire (QoL Compilation)","Replay The Spire","StSLib","The Cursed","The Hierophant","The Mystic","The Necromancer","The Servant 0.9.4"],"gold_per_floor":[119,119,119,146,164,192,202,202,202,235,308,320,336,347,50,81,81,195,195,217,266,301,22,53,53,82,124,203,155,188,213,213,237,237,355,355,381,417,441,459,491,532,532,55,81,118,146,163,187,212,212,132],"floor_reached":53,"language":"ENG","playtime":2692,"items_purged":["Decay","downfall:Aged","Doubt"],"score":1067,"play_id":"d6a3ecc0-81f3-4daf-9de6-aeeab790a187","local_time":"20210218214656","is_ascension_mode":true,"campfire_choices":[{"floor":17,"key":"REST"},{"floor":25,"key":"REST"},{"floor":34,"key":"REST"},{"floor":43,"key":"REST"},{"floor":51,"key":"REST"}],"circlet_count":0,"master_deck":["Strike_W","Strike_W+1","Strike_W","Strike_W+1","Defend_W","Defend_W","Defend_W","Defend_W","Negative_Energy_Arrows","Bone_Wall","Plague_Bolt","Blood_Wake","Delirium","Stop_Heart","Summon_Undead_Army+1","Scare","Summon_Undead_Army+1","downfall:Icky","Negative_Energy_Shield","Negative_Energy_Sphere","Hellfire","Life_Drain","Vampiric_Strike","Cloudkill","Summon_Undead","Spectral_Walk","Necrotic_Claws+1","Corrupt","Blood_Shield","Summon_Lich+1","downfall:Icky","Bone_Shift","Scare","Toxic_Smoke_Screen","Siphon_Strength","Summon_Vampire_Lady+1","Clumsy","ReplayTheSpireMod:Splinters","Acid_Javelin+1","Toxic_Smoke_Screen","Spectral_Walk+1","Negative_Energy_Javelin","Shackles_Of_Pain+1","Life_Drain+1","Finger_Of_Death+1","Purity+1","Summon_Lich+1","Replay:Sluggish","Negative_Energy_Burst+1","Spectral_Walk+1","Blood_Is_Power+1","Chill_Blood+1","Life_Drain+1","CommonCold"],"relics":["Vampire_Amulet","NeowsBlessing","Frozen Egg 2","downfall:ExtraCursedKey","Whetstone","Bag of Marbles","Replay:Baseball","Replay:Accelerometer","Replay:Bandana","Painkiller Herb","Red Mask","Replay:Wax Seal","Replay:Ringing Soul","StoneCalendar","White Beast Statue","Blood Vial","Kintsugi","Toxic Egg 2","Oddly Smooth Stone","Vajra","Replay:PocketPolymizer"],"acts_visited":["Exordium","TheCity","TheBeyond"],"potions_floor_usage":[10,22,30,35,35,42,42,46,48,52,52],"damage_taken":[{"damage":0,"enemies":"Jaw Worm","floor":1,"turns":1},{"damage":0,"enemies":"2 Louse","floor":5,"turns":2},{"damage":0,"enemies":"Replay:BlueRogue","floor":6,"turns":1},{"damage":11,"enemies":"Small Slimes","floor":7,"turns":3},{"damage":18,"enemies":"3 Sentries","floor":10,"turns":5},{"damage":11,"enemies":"3 Louse","floor":12,"turns":3},{"damage":9,"enemies":"Looter","floor":13,"turns":3},{"damage":12,"enemies":"Exordium Thugs","floor":14,"turns":4},{"damage":13,"enemies":"Blue Slaver","floor":16,"turns":5},{"damage":19,"enemies":"Fading Forest","floor":18,"turns":11},{"damage":19,"enemies":"3 Byrds","floor":20,"turns":4},{"damage":17,"enemies":"Masked Bandits","floor":21,"turns":3},{"damage":11,"enemies":"Chosen","floor":22,"turns":3},{"damage":7,"enemies":"Snecko","floor":24,"turns":3},{"damage":7,"enemies":"3 Cultists","floor":26,"turns":4},{"damage":5,"enemies":"Gremlin Leader","floor":27,"turns":6},{"damage":57,"enemies":"Slavers","floor":29,"turns":4},{"damage":18,"enemies":"Centurion and Healer","floor":30,"turns":4},{"damage":27,"enemies":"Shelled Parasite and Fungi","floor":31,"turns":6},{"damage":14,"enemies":"Cultist and Chosen","floor":33,"turns":5},{"damage":69,"enemies":"Automaton","floor":35,"turns":8},{"damage":23,"enemies":"Orb Walker","floor":37,"turns":4},{"damage":7,"enemies":"3 Shapes","floor":38,"turns":3},{"damage":40,"enemies":"Transient","floor":39,"turns":5},{"damage":27,"enemies":"Maw","floor":41,"turns":7},{"damage":30,"enemies":"Reptomancer","floor":42,"turns":4},{"damage":64,"enemies":"Nemesis","floor":46,"turns":7},{"damage":4,"enemies":"4 Shapes","floor":47,"turns":5},{"damage":8,"enemies":"Jaw Worm Horde","floor":48,"turns":3},{"damage":18,"enemies":"Sphere and 2 Shapes","floor":49,"turns":4},{"damage":8,"enemies":"Spire Growth","floor":50,"turns":4},{"damage":163,"enemies":"Awakened One","floor":52,"turns":12}],"seed_played":"-2675174090358195159","potions_obtained":[{"floor":5,"key":"Weak Potion"},{"floor":6,"key":"GamblersBrew"},{"floor":12,"key":"FearPotion"},{"floor":13,"key":"SpeedPotion"},{"floor":22,"key":"Fruit Juice"},{"floor":29,"key":"CultistPotion"},{"floor":30,"key":"SpeedPotion"},{"floor":35,"key":"Toxic Potion"},{"floor":37,"key":"Venom Potion"},{"floor":40,"key":"Reflective Coating"},{"floor":42,"key":"Energy Potion"},{"floor":46,"key":"Milkshake"},{"floor":47,"key":"DuplicationPotion"},{"floor":48,"key":"Ancient Potion"}],"is_trial":false,"path_per_floor":["M","?","?","T","M","E","M","PTL","PTL","E","T","M","M","M","$","M","R","B",null,"?","?","?","T","?","T","?","E","T","E","?","?","?","?","T","B",null,"?","?","?","?","?","E","T","T","T","E","?","?","?","?","T","B",null],"character_chosen":"NECROMANCER","items_purchased":["Life_Drain","Replay:Bandana","Replay:Wax Seal","Replay:Ringing Soul","Finger_Of_Death+1","Purity+1","Oddly Smooth Stone","Summon_Lich+1"],"campfire_rested":5,"item_purchase_floors":[15,15,23,23,44,44,44,44],"current_hp_per_floor":[75,68,73,73,77,79,72,72,72,60,60,55,48,40,40,29,53,68,80,66,61,57,57,55,81,85,94,97,49,40,28,28,29,61,12,115,115,119,101,73,73,62,101,104,107,68,83,92,103,111,157,32],"gold":132,"neow_bonus":"THREE_ENEMY_KILL","is_daily":false,"chose_seed":false,"campfire_upgraded":0,"win_rate":0.0,"timestamp":1613702816,"path_taken":["M","?","?","?","M","E","M","PTL","PTL","E","T","M","M","M","$","M","R","BOSS","?","?","?","T","?","T","?","E","T","E","?","?","?","?","T","BOSS","?","?","?","?","?","E","T","?","T","E","?","?","?","?","T","BOSS"],"items_purchased_type":["Card","Relic","Relic","Relic","Card","Card","Relic","Card"],"build_version":"2020-12-13","purchased_purges":3,"victory":true,"max_hp_per_floor":[75,75,80,80,80,80,80,80,80,80,80,80,80,80,80,80,80,80,80,80,80,85,85,88,88,91,94,97,100,103,106,106,109,109,112,115,118,121,124,127,130,133,133,136,139,142,145,148,151,154,157,157],"card_choices":[{"not_picked":["Negative_Energy_Javelin","Exploit"],"picked":"Plague_Bolt","floor":1},{"not_picked":["Negative_Energy_Shield","Consume_Illness"],"picked":"Stop_Heart","floor":5},{"not_picked":["Life_Tap","Negative_Energy_Burst"],"picked":"Summon_Undead_Army+1","floor":6},{"not_picked":["Deaths_Shadow","Bones_to_Steel"],"picked":"Scare","floor":7},{"not_picked":["Shackles_Of_Pain","Life_Tap"],"picked":"Summon_Undead_Army+1","floor":10},{"not_picked":["Consume_Illness","Necromantic_Selection"],"picked":"Negative_Energy_Shield","floor":12},{"not_picked":["Scare","Bone_Armor"],"picked":"Negative_Energy_Sphere","floor":13},{"not_picked":["Blood_Curse","Negative_Energy_Javelin"],"picked":"Hellfire","floor":14},{"not_picked":["Consume_Illness","Pandemic"],"picked":"Vampiric_Strike","floor":16},{"not_picked":["Reap_The_Weak","Hellfire"],"picked":"Cloudkill","floor":18},{"not_picked":["Negative_Energy_Mist","Negative_Energy_Shield"],"picked":"Summon_Undead","floor":20},{"not_picked":["Bones_to_Steel","Negative_Energy_Shield"],"picked":"Spectral_Walk","floor":21},{"not_picked":["Negative_Energy_Sphere","Negative_Energy_Mist+1"],"picked":"Necrotic_Claws+1","floor":22},{"not_picked":["Bone_Armory+1","Negative_Energy_Burst"],"picked":"Corrupt","floor":24},{"not_picked":["Life_Tap","Blood_Whip+1"],"picked":"Blood_Shield","floor":26},{"not_picked":["Bones_to_Steel","Summon_Death_Knight+1"],"picked":"Summon_Lich+1","floor":27},{"not_picked":["Blood_Wake","Bones_to_Steel"],"picked":"Bone_Shift","floor":29},{"not_picked":["Bone_Spikes","Bones_to_Steel"],"picked":"Scare","floor":30},{"not_picked":["Vampiric_Strike","Death_Coil+1"],"picked":"Toxic_Smoke_Screen","floor":31},{"not_picked":["Negative_Energy_Sphere","Summon_Undead_Army+1"],"picked":"Siphon_Strength","floor":33},{"not_picked":["Summon_Death_Knight+1","Blood_Wake"],"picked":"Summon_Vampire_Lady+1","floor":35},{"not_picked":["Vampiric_Strike+1","Chill_Blood"],"picked":"Acid_Javelin+1","floor":37},{"not_picked":["Vampiric_Strike","Negative_Energy_Sphere+1"],"picked":"Toxic_Smoke_Screen","floor":38},{"not_picked":["Death_March_Dance+1","Shade_Step"],"picked":"Spectral_Walk+1","floor":39},{"not_picked":["Stop_Heart","Finger_Of_Death"],"picked":"Negative_Energy_Javelin","floor":40},{"not_picked":["Scare+1","Chill_Blood"],"picked":"Shackles_Of_Pain+1","floor":41},{"not_picked":["Bone_Bullets","Detonate_Bones"],"picked":"Life_Drain+1","floor":42},{"not_picked":["Negative_Energy_Javelin+1","Bone_Armory+1"],"picked":"Negative_Energy_Burst+1","floor":46},{"not_picked":["Strike_from_Beyond+1","Blood_Curse"],"picked":"Spectral_Walk+1","floor":47},{"not_picked":["Blood_Shield+1","Blood_Curse"],"picked":"Blood_Is_Power+1","floor":48},{"not_picked":["Necrotic_Claws+1","Toxic_Smoke_Screen+1"],"picked":"Chill_Blood+1","floor":49},{"not_picked":["Negative_Energy_Sphere+1","Necromantic_Selection+1"],"picked":"Life_Drain+1","floor":50}],"player_experience":220840,"relics_obtained":[{"floor":4,"key":"Whetstone"},{"floor":6,"key":"Bag of Marbles"},{"floor":10,"key":"Replay:Baseball"},{"floor":11,"key":"Replay:Accelerometer"},{"floor":21,"key":"Red Mask"},{"floor":27,"key":"StoneCalendar"},{"floor":28,"key":"White Beast Statue"},{"floor":29,"key":"Blood Vial"},{"floor":42,"key":"Toxic Egg 2"},{"floor":45,"key":"Vajra"},{"floor":46,"key":"Replay:PocketPolymizer"}],"event_choices":[{"damage_healed":0,"gold_gain":0,"player_choice":"Success","damage_taken":7,"relics_obtained":["Frozen Egg 2"],"max_hp_gain":0,"max_hp_loss":0,"event_name":"Scrap Ooze","floor":2,"gold_loss":0},{"damage_healed":0,"gold_gain":0,"player_choice":"Fought Bandits","damage_taken":0,"max_hp_gain":0,"max_hp_loss":0,"event_name":"Masked Bandits","floor":21,"gold_loss":0},{"cards_removed":["Replay:Hysterical Blindness"],"damage_healed":0,"gold_gain":0,"player_choice":"Elegance","damage_taken":0,"max_hp_gain":0,"max_hp_loss":0,"event_name":"Back to Basics","floor":32,"gold_loss":0}],"is_beta":false,"boss_relics":[{"not_picked":["Velvet Choker","Replay:Bronze Core"],"picked":"Painkiller Herb"},{"not_picked":["Runic Pyramid","bronze:MakeshiftBattery"],"picked":"Kintsugi"}],"items_purged_floors":[15,23,44],"is_endless":false,"potions_floor_spawned":[5,6,12,13,16,20,22,29,30,31,33,35,37,38,39,41,42,46,47,48,49,50],"ascension_level":1}}