{"host":"08yfhu6uhosdn245","time":1613703066,"event":{"mods":["2.2 Compatiblity","AchievementEnabler","BaseMod","Bestiary","Colored Map","Colored Powertips","Curses Come First","Highlight Path","Minty Spire (QoL Compilation)","Quick Restart","Relic Stats","StSLib"],"gold_per_floor":[144,144,189,189,234,279,324,369,394,394,3,93,18,63,63,363,363,408,1,46,246,173,173,263,308,308,308,308],"floor_reached":27,"language":"ENG","playtime":983,"items_purged":["Pain","Regret"],"score":360,"play_id":"f41b2aa3-5776-4604-8cf5-fd64707614f9","local_time":"20210218215106","daily_mods":["Insanity","Blue Cards","Midas"],"is_ascension_mode":false,"campfire_choices":[{"floor":15,"key":"REST"},{"floor":23,"key":"REST"}],"circlet_count":0,"master_deck":["Uppercut","Rebound","Aggregate","Streamline","Melter","Rebound","Hologram","Twin Strike","Evolve","Headbutt","Coolheaded","Ball Lightning","Streamline","Go for the Eyes","Warcry","Redo","True Grit","Skim","White Noise","Flex","Disarm","Sweeping Beam","Searing Blow","Gash","Battle Trance","Anger","Undo","Stack","Stack","Steam","Pummel","Aggregate","Rage","Rampage","Sweeping Beam","Reprogram","Gash","Ball Lightning","Hologram","Blood for Blood","Heavy Blade","Warcry","Shrug It Off","Anger","Havoc","Rage","Combust","Inflame","Rebound","Reprogram","Combust","Juggernaut+1","Brutality+1","Fiend Fire","Hemokinesis+1","Dark Embrace+1","Turbo"],"relics":["Burning Blood","Mummified Hand","WarpedTongs","Ancient Tea Set","Frozen Egg 2","Lantern","Mark of Pain","Brimstone","Potion Belt","Pen Nib"],"acts_visited":["Exordium","TheCity"],"potions_floor_usage":[16,24,27],"damage_taken":[{"damage":0,"enemies":"Small Slimes","floor":1,"turns":1},{"damage":7,"enemies":"2 Louse","floor":3,"turns":2},{"damage":0,"enemies":"Cultist","floor":5,"turns":2},{"damage":6,"enemies":"2 Fungi Beasts","floor":6,"turns":4},{"damage":4,"enemies":"Exordium Thugs","floor":7,"turns":4},{"damage":9,"enemies":"3 Louse","floor":8,"turns":2},{"damage":12,"enemies":"Lagavulin","floor":12,"turns":6},{"damage":2,"enemies":"Lots of Slimes","floor":14,"turns":3},{"damage":5,"enemies":"Slime Boss","floor":16,"turns":6},{"damage":15,"enemies":"Shell Parasite","floor":18,"turns":3},{"damage":13,"enemies":"Chosen","floor":20,"turns":3},{"damage":32,"enemies":"Book of Stabbing","floor":24,"turns":3},{"damage":15,"enemies":"Snake Plant","floor":25,"turns":4},{"damage":45,"enemies":"Slavers","floor":27,"turns":4}],"seed_played":"778547550210687013","potions_obtained":[{"floor":1,"key":"SpeedPotion"},{"floor":6,"key":"Ancient Potion"},{"floor":14,"key":"AttackPotion"},{"floor":18,"key":"DuplicationPotion"},{"floor":25,"key":"PowerPotion"}],"is_trial":false,"path_per_floor":["M","?","M","?","M","M","M","M","T","?","$","E","$","M","R","B",null,"M","$","M","?","$","R","E","M","T","E"],"character_chosen":"IRONCLAD","items_purchased":["Frozen Egg 2","Juggernaut+1","Brimstone","Fiend Fire","Dark Embrace+1"],"campfire_rested":2,"item_purchase_floors":[11,11,19,19,22],"current_hp_per_floor":[80,80,79,79,80,80,80,77,77,77,77,71,71,75,80,80,80,71,71,64,64,64,80,54,45,45,0,0],"gold":308,"neow_bonus":"","is_daily":true,"chose_seed":false,"campfire_upgraded":0,"win_rate":0.0,"timestamp":1613703066,"path_taken":["M","?","M","?","M","M","M","?","T","?","?","E","$","M","R","BOSS","M","$","M","?","$","R","E","?","T","E"],"items_purchased_type":["Relic","Card","Relic","Card","Card"],"build_version":"2020-12-22","purchased_purges":2,"victory":false,"max_hp_per_floor":[80,80,80,80,80,80,80,80,80,80,80,80,80,80,80,80,80,80,80,80,80,80,80,80,80,80,80,80],"relic_stats":{"counters":[14,46],"Mummified Hand":[29],"Pen Nib":[0],"obtain_stats":[{"Potion Belt":24,"Lantern":12,"Mummified Hand":2,"Brimstone":19,"Mark of Pain":17,"Pen Nib":26,"Frozen Egg 2":11,"Ancient Tea Set":9,"Burning Blood":0,"WarpedTongs":4},{"Potion Belt":12,"Lantern":7,"Mummified Hand":1,"Brimstone":10,"Mark of Pain":9,"Pen Nib":13,"Frozen Egg 2":6,"Ancient Tea Set":6,"Burning Blood":0,"WarpedTongs":2},{"Potion Belt":39,"Lantern":21,"Mummified Hand":1,"Brimstone":33,"Mark of Pain":30,"Pen Nib":43,"Frozen Egg 2":15,"Ancient Tea Set":15,"Burning Blood":0,"WarpedTongs":3}],"Burning Blood":64,"WarpedTongs":[44]},"card_choices":[{"not_picked":["Consume","Undo"],"picked":"Reprogram","floor":1},{"not_picked":["Beam Cell","Cold Snap","Power Through"],"picked":"SKIP","floor":3},{"not_picked":["Ball Lightning","Pommel Strike","Body Slam"],"picked":"SKIP","floor":5},{"not_picked":["Auto Shields","Armaments","Rainbow"],"picked":"SKIP","floor":6},{"not_picked":["Sweeping Beam","Rebound","Shrug It Off"],"picked":"SKIP","floor":7},{"not_picked":["Leap","Hologram","Clash"],"picked":"SKIP","floor":8},{"not_picked":["Ghostly Armor","Compile Driver","Defragment+1"],"picked":"SKIP","floor":12},{"not_picked":["Gash","Cold Snap","FTL"],"picked":"SKIP","floor":14},{"not_picked":["Barricade+1","Berserk+1"],"picked":"Brutality+1","floor":16},{"not_picked":["Compile Driver","Sweeping Beam","Leap+1"],"picked":"SKIP","floor":18},{"not_picked":["Dropkick","Glacier+1"],"picked":"Hemokinesis+1","floor":20},{"not_picked":["Seeing Red","Berserk+1"],"picked":"Turbo","floor":24},{"not_picked":["BootSequence","Rebound","Shrug It Off"],"picked":"SKIP","floor":25}],"player_experience":418892,"relics_obtained":[{"floor":9,"key":"Ancient Tea Set"},{"floor":12,"key":"Lantern"},{"floor":24,"key":"Potion Belt"},{"floor":26,"key":"Pen Nib"}],"event_choices":[{"damage_healed":0,"gold_gain":0,"player_choice":"Box","damage_taken":0,"relics_obtained":["Mummified Hand"],"max_hp_gain":0,"max_hp_loss":0,"event_name":"Big Fish","floor":2,"gold_loss":0,"cards_obtained":["Regret"]},{"damage_healed":0,"gold_gain":0,"player_choice":"Rummage","damage_taken":0,"relics_obtained":["WarpedTongs"],"max_hp_gain":0,"max_hp_loss":0,"event_name":"Accursed Blacksmith","floor":4,"gold_loss":0,"cards_obtained":["Pain"]},{"damage_healed":0,"gold_gain":0,"cards_transformed":["Compile Driver"],"player_choice":"Transformed","damage_taken":0,"max_hp_gain":0,"max_hp_loss":0,"event_name":"Transmorgrifier","floor":10,"gold_loss":0,"cards_obtained":["Combust"]},{"damage_healed":0,"gold_gain":200,"player_choice":"Gold","damage_taken":0,"max_hp_gain":0,"max_hp_loss":0,"event_name":"Wheel of Change","floor":21,"gold_loss":0}],"is_beta":false,"boss_relics":[{"not_picked":["Tiny House","Black Blood"],"picked":"Mark of Pain"}],"items_purged_floors":[13,19],"is_endless":false,"potions_floor_spawned":[1,6,14,18,25],"killed_by":"Slavers","ascension_level":0}}