{"host":"373g0ui1bgeshz9m","time":1613747345,"event":{"mods":["Act Like it!","Aspiration","BaseMod","Beaked The Cultist","Better Third Choice","Colored Map","Conspire","Downfall","Halation","Hermit","Hubris","Infinite Spire","Minty Spire (QoL Compilation)","Pale of the Ancients","Permanent Neow","Quick Restart","Replay The Spire","Shade Mod","Shop Mod","Spikes Relics","StSLib","The Animator","The Bladedancer","The Florist","The Jungle","The Necromancer","The Sage","Trackpad"],"gold_per_floor":[112,129,2,2,19,19,52,52,52,72,72,105,205,219,219,324,324,341,341,357,357,357,357,370,14,61,129,129,129,129],"floor_reached":29,"language":"ENG","playtime":1226,"items_purged":["Strike_P"],"score":321,"play_id":"2f26af6c-d3e9-4d91-b0e3-e487133c0f8e","local_time":"20210219100905","is_ascension_mode":true,"campfire_choices":[{"data":"Eruption","floor":6,"key":"SMITH"},{"data":"Tantrum","floor":8,"key":"SMITH"},{"floor":15,"key":"DIG"},{"data":"DevaForm","floor":23,"key":"SMITH"},{"data":"Blasphemy","floor":28,"key":"SMITH"}],"circlet_count":0,"master_deck":["Strike_P","Strike_P","Strike_P","Defend_P","Defend_P","Defend_P","Defend_P","Eruption+1","Vigilance","Tantrum+1","FlurryOfBlows","CutThroughFate","EmptyFist","FearNoEvil","DevaForm+1","FlurryOfBlows","Consecrate","Blasphemy+1","Crescendo"],"relics":["PureWater","Nunchaku","Iron Hammer","Replay:Purple Gloves","Ice Cream","trackpad:Compendium","hubris:Towel","Sling","Akabeko","Simple Rune","Snack Pack"],"acts_visited":["Exordium","TheCity"],"potions_floor_usage":[29],"damage_taken":[{"damage":5,"enemies":"Cultist","floor":1,"turns":5},{"damage":0,"enemies":"Small Slimes","floor":2,"turns":2},{"damage":0,"enemies":"2 Louse","floor":5,"turns":2},{"damage":6,"enemies":"3 Sentries","floor":7,"turns":6},{"damage":0,"enemies":"Looter","floor":10,"turns":2},{"damage":0,"enemies":"Gremlin Nob","floor":12,"turns":2},{"damage":0,"enemies":"Blue Slaver","floor":14,"turns":2},{"damage":0,"enemies":"Fading Forest","floor":16,"turns":11},{"damage":3,"enemies":"3 Byrds","floor":18,"turns":4},{"damage":12,"enemies":"2 Thieves","floor":20,"turns":2},{"damage":12,"enemies":"Centurion and Healer","floor":24,"turns":4},{"damage":52,"enemies":"Gremlin Leader","floor":29,"turns":3}],"seed_played":"5756904186250995887","potions_obtained":[{"floor":5,"key":"hexamod:SoulburnPotion"},{"floor":7,"key":"BottledMiracle"},{"floor":10,"key":"SteroidPotion"},{"floor":18,"key":"Strength Potion"}],"is_trial":false,"path_per_floor":["M","M","$","?","M","R","E","R","T","M","?","E","?","M","R_BF","B",null,"M","?","M","?","?","R","M","$","T","T","R","E"],"character_chosen":"WATCHER","items_purchased":["CutThroughFate","Sling","Akabeko","Block Potion"],"campfire_rested":0,"item_purchase_floors":[3,25,25,25],"current_hp_per_floor":[67,67,67,60,60,60,54,54,54,54,54,54,54,54,54,72,72,69,69,57,57,57,57,45,45,45,45,45,0,0],"gold":129,"neow_bonus":"RANDOM_COMMON_RELIC","is_daily":false,"chose_seed":false,"campfire_upgraded":4,"win_rate":0.0,"timestamp":1613747345,"path_taken":["M","M","$","?","?","R","E","R","T","M","?","E","?","M","R_BF","BOSS","M","?","M","?","?","R","?","?","T","?","R","E"],"items_purchased_type":["Card","Relic","Relic","Potion"],"build_version":"2020-12-22","purchased_purges":1,"victory":false,"max_hp_per_floor":[72,72,72,72,72,72,72,72,72,72,72,72,72,72,72,72,72,72,72,72,72,72,72,72,72,72,72,72,72,72],"card_choices":[{"not_picked":["FlurryOfBlows","Replay:BluntJabs"],"picked":"Tantrum","floor":1},{"not_picked":["WreathOfFlame","LikeWater"],"picked":"FlurryOfBlows","floor":2},{"not_picked":["Replay:Anticipation","PathToVictory"],"picked":"EmptyFist","floor":5},{"not_picked":["Halt","Study"],"picked":"FearNoEvil","floor":7},{"not_picked":["Protect","ThirdEye"],"picked":"DevaForm","floor":10},{"not_picked":["Replay:Vibes","Tantrum","SashWhip"],"picked":"SKIP","floor":12},{"not_picked":["Replay:BluntJabs","Study"],"picked":"FlurryOfBlows","floor":14},{"not_picked":["FlyingSleeves","Replay:AtTheReady"],"picked":"Consecrate","floor":18},{"not_picked":["EmptyFist+1","FlurryOfBlows","Wireheading"],"picked":"SKIP","floor":20},{"not_picked":["SpiritShield","Study+1"],"picked":"Crescendo","floor":24}],"player_experience":391729,"relics_obtained":[{"floor":7,"key":"Iron Hammer"},{"floor":9,"key":"Replay:Purple Gloves"},{"floor":12,"key":"Ice Cream"},{"floor":15,"key":"trackpad:Compendium"},{"floor":26,"key":"Simple Rune"},{"floor":27,"key":"Snack Pack"}],"event_choices":[{"damage_healed":0,"gold_gain":0,"player_choice":"Damaged","damage_taken":7,"max_hp_gain":0,"max_hp_loss":0,"event_name":"Wheel of Change","floor":4,"gold_loss":0},{"damage_healed":0,"gold_gain":0,"player_choice":"Leave","damage_taken":0,"max_hp_gain":0,"max_hp_loss":0,"event_name":"conspire:Investor","floor":11,"gold_loss":0},{"damage_healed":0,"gold_gain":100,"player_choice":"Pray","damage_taken":0,"max_hp_gain":0,"max_hp_loss":0,"event_name":"Golden Shrine","floor":13,"gold_loss":0},{"damage_healed":0,"gold_gain":0,"player_choice":"Read","damage_taken":0,"max_hp_gain":0,"max_hp_loss":0,"event_name":"The Library","floor":22,"gold_loss":0,"cards_obtained":["Blasphemy"]}],"is_beta":false,"boss_relics":[{"not_picked":["hubris:BlackHole","aspiration:PoetsPen_weak","aspiration:SilentSkillbook"]}],"items_purged_floors":[3],"is_endless":false,"potions_floor_spawned":[5,7,10,18],"killed_by":"Gremlin Leader","ascension_level":1}}