{"host":"ie50qk0ts9eskyyo","time":1613748316,"event":{"mods":["BaseMod","BetterRewards","Colored Map","Curses Come First","Downfall","Friendly Minions","Highlight Path","Hubris","Infinite Spire","Minty Spire (QoL Compilation)","Quick Restart","Reliquary","Replay The Spire","Robot Space Explorer","Shop Mod","StSLib","SuperFastMode","The Jungle"],"gold_per_floor":[112,39,139,155,155,188,188,188,188,188,228,253,253,253,253,253,253],"floor_reached":16,"language":"ENG","playtime":854,"items_purged":[],"score":138,"play_id":"48065a27-27dc-43f6-bb92-d35c8f29ec5f","local_time":"20210219102516","is_ascension_mode":true,"campfire_choices":[{"data":"Replay:BasicMightCard","floor":8,"key":"SMITH"},{"data":"Replay:Battleflow","floor":13,"key":"SMITH"},{"data":"Replay:Anticipation","floor":15,"key":"SMITH"}],"circlet_count":0,"master_deck":["Strike_P","Strike_P","Strike_P","Strike_P","Defend_P","Defend_P","Defend_P","Eruption","Vigilance","Judgement","Replay:BasicMightCard+1","ClearTheMind","Replay:Anticipation+1","Establishment+1","Replay:Battleflow+1"],"relics":["PureWater","Medical Kit","infinitespire:Joker Card","reliquary:OuijaBoard","Ring of Panic","Golden Idol","Frozen Egg 2","Sundial","Replay:Mystery Machine","ReplayFunnel"],"acts_visited":["Exordium"],"potions_floor_usage":[0,16,16],"damage_taken":[{"damage":0,"enemies":"Small Slimes","floor":1,"turns":2},{"damage":0,"enemies":"Cultist","floor":4,"turns":4},{"damage":0,"enemies":"Lagavulin","floor":6,"turns":6},{"damage":20,"enemies":"Gremlin Nob","floor":11,"turns":4},{"damage":0,"enemies":"Jaw Worm","floor":12,"turns":2},{"damage":18,"enemies":"The Guardian","floor":16,"turns":12}],"seed_played":"-2920867662983976890","potions_obtained":[{"floor":1,"key":"Languid Potion"},{"floor":12,"key":"ColorlessPotion"}],"is_trial":false,"path_per_floor":["M","$","?","M","?","E","?","R","T","?","E","M","R","?","R","B"],"character_chosen":"WATCHER","items_purchased":["Medical Kit","infinitespire:Joker Card","Fruit Juice","Replay:BasicMightCard","Replay:Anticipation"],"campfire_rested":0,"item_purchase_floors":[0,0,0,0,2],"current_hp_per_floor":[37,37,37,37,37,37,37,37,37,37,17,17,17,17,17,0,0],"gold":253,"neow_bonus":"","is_daily":false,"chose_seed":false,"campfire_upgraded":3,"win_rate":0.0,"timestamp":1613748316,"path_taken":["M","$","?","?","?","E","?","R","T","?","E","M","R","?","R","BOSS"],"items_purchased_type":["Relic","Relic","Potion","Card","Card"],"build_version":"2020-12-22","purchased_purges":0,"victory":false,"max_hp_per_floor":[77,77,77,77,71,71,71,71,71,71,71,71,71,71,71,71,71],"card_choices":[{"not_picked":["Evaluate","EmptyBody"],"picked":"ClearTheMind","floor":1},{"not_picked":["FollowUp","WaveOfTheHand","Prostrate"],"picked":"SKIP","floor":4},{"not_picked":["EmptyBody","Nirvana+1","Replay:Cycle"],"picked":"SKIP","floor":6},{"not_picked":["Study+1","Sanctity","Replay:AtTheReady"],"picked":"SKIP","floor":11},{"not_picked":["Replay:AtTheReady","CrushJoints"],"picked":"Replay:Battleflow","floor":12}],"player_experience":54834,"relics_obtained":[{"floor":6,"key":"Frozen Egg 2"},{"floor":9,"key":"Sundial"},{"floor":11,"key":"Replay:Mystery Machine"}],"event_choices":[{"damage_healed":0,"gold_gain":100,"player_choice":"Pray","damage_taken":0,"max_hp_gain":0,"max_hp_loss":0,"event_name":"Golden Shrine","floor":3,"gold_loss":0},{"damage_healed":0,"gold_gain":0,"player_choice":"Lose Max HP","damage_taken":0,"relics_obtained":["Golden Idol"],"max_hp_gain":0,"max_hp_loss":6,"event_name":"Golden Idol","floor":5,"gold_loss":0},{"damage_healed":0,"gold_gain":0,"player_choice":"Searched \u00271\u0027 times","damage_taken":0,"relics_obtained":["ReplayFunnel"],"max_hp_gain":0,"max_hp_loss":0,"event_name":"Dead Adventurer","floor":14,"gold_loss":0}],"is_beta":false,"boss_relics":[],"items_purged_floors":[],"is_endless":false,"potions_floor_spawned":[1,12],"killed_by":"The Guardian","ascension_level":1}}