{"host":"lktusdb9orijgc6z","time":1613763289,"event":{"mods":["BaseMod","Bestiary","Colored Map","Colored Powertips","Filter the Spire","Minty Spire (QoL Compilation)","Permanent Neow","Quick Restart","Relic Stats","StSLib","everything is the same but u backflip on backflip","slay the spire mod where everything is the same but ironclad has a cowboy hat"],"gold_per_floor":[114,134,154,154,26,26,58,68,68,68,87,87,9,52,52,145,145,169,169,9,26,26,26],"floor_reached":22,"language":"ENG","playtime":1352,"items_purged":["Accuracy"],"score":388,"play_id":"f8a81814-8242-42e7-bfa1-ef3e396ee9c0","local_time":"20210219203449","is_ascension_mode":true,"campfire_choices":[{"data":"Bane","floor":6.0,"key":"SMITH"},{"data":"Footwork","floor":12,"key":"SMITH"},{"data":"Footwork","floor":15,"key":"SMITH"}],"circlet_count":0,"master_deck":["AscendersBane","Survivor","Neutralize","Noxious Fumes+1","Bane+1","Footwork+1","Dark Shackles","Deflect","Calculated Gamble","Bouncing Flask","Blade Dance","Footwork+1","Escape Plan","After Image","Terror","Quick Slash","Quick Slash","Footwork","Catalyst","Backstab","Reflex","Crippling Poison","Blade Dance","Blade Dance","Leg Sweep","Dodge and Roll"],"relics":["Runic Pyramid","Regal Pillow","Meat on the Bone","Bloody Idol","Calipers","Pandora\u0027s Box"],"acts_visited":["Exordium","TheCity"],"potions_floor_usage":[14,14],"damage_taken":[{"damage":0.0,"enemies":"2 Louse","floor":1.0,"turns":4.0},{"damage":2.0,"enemies":"Jaw Worm","floor":2.0,"turns":4.0},{"damage":8.0,"enemies":"Small Slimes","floor":3.0,"turns":4.0},{"damage":19.0,"enemies":"Lagavulin","floor":7.0,"turns":8.0},{"damage":10,"enemies":"Exordium Wildlife","floor":8,"turns":4},{"damage":3,"enemies":"Blue Slaver","floor":11,"turns":3},{"damage":4,"enemies":"3 Sentries","floor":14,"turns":7},{"damage":8,"enemies":"Hexaghost","floor":16,"turns":10},{"damage":11,"enemies":"Chosen","floor":18,"turns":5},{"damage":11,"enemies":"Spheric Guardian","floor":21,"turns":3},{"damage":42,"enemies":"Snake Plant","floor":22,"turns":2}],"seed_played":"215130681919647181","potions_obtained":[{"floor":2.0,"key":"BlessingOfTheForge"},{"floor":3.0,"key":"Energy Potion"},{"floor":16,"key":"AttackPotion"},{"floor":18,"key":"LiquidBronze"}],"is_trial":false,"path_per_floor":["M","M","M","?","$","R","E","M","T","?","M","R","$","E","R","B",null,"M","?","$","M","M"],"character_chosen":"THE_SILENT","items_purchased":["Dark Shackles","Deflect","Footwork","Leg Sweep"],"campfire_rested":0,"item_purchase_floors":[5,5,13,20],"current_hp_per_floor":[59,57,49,49,49,49,30,20,20,20,29,29,29,37,37,41,55,44,44,44,38,0,0],"gold":26,"neow_bonus":"BOSS_RELIC","is_daily":false,"chose_seed":false,"campfire_upgraded":3,"win_rate":0.0,"timestamp":1613763289,"path_taken":["M","M","M","?","$","R","E","M","T","?","M","R","$","E","R","BOSS","M","?","$","M","M"],"items_purchased_type":["Card","Card","Card","Card"],"build_version":"2020-12-22","purchased_purges":1,"victory":false,"max_hp_per_floor":[66,66,66,66,66,66,66,66,66,60,60,60,60,60,60,60,60,60,60,60,60,60,60],"relic_stats":{"Regal Pillow":0,"counters":[11,54],"Bloody Idol":5,"Pandora\u0027s Box":["Terror","Quick Slash","Quick Slash","Accuracy","Footwork","Catalyst","Backstab","Reflex","Crippling Poison","Blade Dance"],"obtain_stats":[{"Regal Pillow":7,"Calipers":14,"Golden Idol":10,"Bloody Idol":19,"Pandora\u0027s Box":17,"Ring of the Snake":0,"Runic Pyramid":0,"Meat on the Bone":9},{"Regal Pillow":4,"Calipers":7,"Golden Idol":5,"Bloody Idol":9,"Pandora\u0027s Box":8,"Ring of the Snake":0,"Runic Pyramid":0,"Meat on the Bone":5},{"Regal Pillow":20,"Calipers":34,"Golden Idol":24,"Bloody Idol":49,"Pandora\u0027s Box":44,"Ring of the Snake":0,"Runic Pyramid":0,"Meat on the Bone":24}],"Meat on the Bone":36},"card_choices":[{"not_picked":["Acrobatics","Calculated Gamble"],"picked":"Noxious Fumes","floor":1.0},{"not_picked":["Deflect","Dodge and Roll"],"picked":"Bane","floor":2.0},{"not_picked":["Quick Slash","Deadly Poison"],"picked":"Footwork","floor":3.0},{"not_picked":["Dodge and Roll","PiercingWail"],"picked":"Calculated Gamble","floor":7},{"not_picked":["Deflect","Underhanded Strike"],"picked":"Bouncing Flask","floor":8},{"not_picked":["Predator","Quick Slash"],"picked":"Blade Dance","floor":11},{"not_picked":["Acrobatics","Skewer"],"picked":"Escape Plan","floor":14},{"not_picked":["Doppelganger","Phantasmal Killer"],"picked":"After Image","floor":16},{"not_picked":["Reflex","Slice+1"],"picked":"Blade Dance","floor":18},{"not_picked":["Dagger Spray","PiercingWail+1"],"picked":"Dodge and Roll","floor":21}],"player_experience":801195,"relics_obtained":[{"floor":7,"key":"Regal Pillow"},{"floor":9,"key":"Meat on the Bone"},{"floor":14,"key":"Calipers"}],"event_choices":[{"damage_healed":0.0,"max_hp_gain":0.0,"max_hp_loss":0.0,"gold_gain":0.0,"event_name":"Living Wall","player_choice":"Grow","floor":4.0,"gold_loss":0.0,"damage_taken":0.0,"cards_upgraded":["Noxious Fumes"]},{"damage_healed":0,"gold_gain":0,"player_choice":"Lose Max HP","damage_taken":0,"relics_obtained":["Golden Idol"],"max_hp_gain":0,"max_hp_loss":6,"event_name":"Golden Idol","floor":10,"gold_loss":0},{"damage_healed":0,"gold_gain":0,"player_choice":"Gave Idol","damage_taken":0,"relics_obtained":["Bloody Idol"],"max_hp_gain":0,"max_hp_loss":0,"event_name":"Forgotten Altar","floor":19,"relics_lost":["Golden Idol"],"gold_loss":0}],"is_beta":false,"boss_relics":[{"not_picked":["Snecko Eye","Tiny House"],"picked":"Pandora\u0027s Box"}],"items_purged_floors":[20],"is_endless":false,"potions_floor_spawned":[2,3,11,16,18],"killed_by":"Snake Plant","ascension_level":20}}