{"host":"yml0ux6c8lqydjlc","time":1613692833,"event":{"mods":["Aspiration","BaseMod","Conspire","Downfall","Hermit","Jedi Mod","Minty Spire (QoL Compilation)","Robot Space Explorer","StSLib"],"gold_per_floor":[114,61,80,5,5,5,18,28,78,96,96,113,113,130,130,234,234,246,521,344,358,77,77,77],"floor_reached":23,"language":"ENG","playtime":3191,"items_purged":["Strike_G","Parasite","Regret"],"score":183,"play_id":"7f713bf3-2f2f-4fb5-9b0d-83a225df36c1","local_time":"20210218190033","is_ascension_mode":false,"campfire_choices":[{"data":"Poisoned Stab","floor":6,"key":"SMITH"},{"floor":11,"key":"REST"},{"data":"Deadly Poison","floor":15,"key":"SMITH"}],"circlet_count":0,"master_deck":["Strike_G","Strike_G","Strike_G","Defend_G","Defend_G","Defend_G","Defend_G","Defend_G","Survivor","Neutralize","Slice","Deadly Poison+1","Poisoned Stab+1","Bane","Backflip","Slice","Dagger Throw","Glass Knife","Noxious Fumes+1","Caltrops","Poisoned Stab"],"relics":["Ring of the Snake","Anchor","TheAbacus"],"acts_visited":["Exordium","TheCity"],"potions_floor_usage":[16,23],"damage_taken":[{"damage":2,"enemies":"Cultist","floor":1,"turns":7},{"damage":2,"enemies":"conspire:RoseBush","floor":3,"turns":3},{"damage":0,"enemies":"2 Louse","floor":7,"turns":2},{"damage":11,"enemies":"Exordium Thugs","floor":8,"turns":6},{"damage":5,"enemies":"conspire:2 RoseBushes","floor":10,"turns":5},{"damage":7,"enemies":"Blue Slaver","floor":12,"turns":3},{"damage":11,"enemies":"Lots of Slimes","floor":14,"turns":5},{"damage":20,"enemies":"Hexaghost","floor":16,"turns":8},{"damage":28,"enemies":"Spheric Guardian","floor":18,"turns":6},{"damage":4,"enemies":"conspire:FuzzyDice","floor":21,"turns":6},{"damage":47,"enemies":"Slavers","floor":23,"turns":4}],"seed_played":"-3185859893816674529","potions_obtained":[{"floor":1,"key":"AttackPotion"},{"floor":3,"key":"Weak Potion"},{"floor":8,"key":"SkillPotion"},{"floor":16,"key":"champ:CounterPotion"}],"is_trial":false,"path_per_floor":["M","$","M","$","?","R","M","M","T","M","R","M","?","M","R","B",null,"M","?","$","M","$","E"],"character_chosen":"THE_SILENT","items_purchased":["Deadly Poison","Caltrops","TheAbacus"],"campfire_rested":1,"item_purchase_floors":[2,20,22],"current_hp_per_floor":[75,75,73,73,73,73,73,62,62,57,77,70,77,66,66,46,77,49,49,49,45,45,0,0],"gold":77,"neow_bonus":"TEN_PERCENT_HP_BONUS","is_daily":false,"chose_seed":false,"campfire_upgraded":2,"win_rate":0.0,"timestamp":1613692833,"path_taken":["M","$","?","$","?","R","M","M","T","M","R","M","?","M","R","BOSS","M","?","$","?","$","E"],"items_purchased_type":["Card","Card","Relic"],"build_version":"2020-12-22","purchased_purges":3,"victory":false,"max_hp_per_floor":[77,77,77,77,77,77,77,77,77,77,77,77,77,77,77,77,77,77,77,74,74,74,74,74],"card_choices":[{"not_picked":["Catalyst","Sucker Punch"],"picked":"Slice","floor":1},{"not_picked":["Quick Slash","Acrobatics"],"picked":"Poisoned Stab","floor":3},{"not_picked":["jedi:unstablefumes","After Image"],"picked":"Bane","floor":7},{"not_picked":["Dagger Spray","PiercingWail"],"picked":"Backflip","floor":8},{"not_picked":["Riddle With Holes","Heel Hook"],"picked":"Slice","floor":10},{"not_picked":["conspire:DoublingDagger","Well Laid Plans","jedi:unstablefumes"],"picked":"SKIP","floor":12},{"not_picked":["Slice","Sucker Punch"],"picked":"Dagger Throw","floor":14},{"not_picked":["Malaise","A Thousand Cuts"],"picked":"Glass Knife","floor":16},{"not_picked":["Poisoned Stab","Acrobatics"],"picked":"Noxious Fumes+1","floor":18},{"not_picked":["Dagger Throw","Dodge and Roll"],"picked":"Poisoned Stab","floor":21}],"player_experience":120553,"relics_obtained":[{"floor":9,"key":"Anchor"}],"event_choices":[{"cards_removed":["Strike_G"],"damage_healed":0,"gold_gain":0,"player_choice":"Forget","damage_taken":0,"max_hp_gain":0,"max_hp_loss":0,"event_name":"Living Wall","floor":5,"gold_loss":0},{"damage_healed":19,"gold_gain":0,"player_choice":"Healed and dodged fight","damage_taken":0,"max_hp_gain":0,"max_hp_loss":0,"event_name":"Mushrooms","floor":13,"gold_loss":0,"cards_obtained":["Parasite"]},{"damage_healed":0,"gold_gain":275,"player_choice":"Desecrate","damage_taken":0,"max_hp_gain":0,"max_hp_loss":0,"event_name":"Golden Shrine","floor":19,"gold_loss":0,"cards_obtained":["Regret"]}],"is_beta":false,"boss_relics":[{"not_picked":["aspiration:PoetsPen_weak","Pandora\u0027s Box","jedi:paperlyon"]}],"items_purged_floors":[4,20,22],"is_endless":false,"potions_floor_spawned":[1,3,8,16],"killed_by":"Slavers","ascension_level":0}}