{"host":"x73jdofm2fk9hsud","time":1613766639,"event":{"mods":["BaseMod","Bestiary","Minty Spire (QoL Compilation)","Relic Stats","ojb\u0027s Better Paths Mod","ojb\u0027s Info Mod"],"gold_per_floor":[109,127,140,140,140,140,168,188,214,229,229,245,245,260,260,260,260],"floor_reached":16,"language":"ENG","playtime":377,"items_purged":[],"score":208,"play_id":"a11b3fd8-0e5e-471d-934c-009dbf62cae1","local_time":"20210219153039","is_ascension_mode":true,"campfire_choices":[{"data":"Clothesline","floor":6,"key":"SMITH"},{"data":"Feed","floor":13,"key":"SMITH"},{"data":"Uppercut","floor":15,"key":"SMITH"}],"circlet_count":0,"master_deck":["AscendersBane","Strike_R","Strike_R","Strike_R","Strike_R","Strike_R","Defend_R","Defend_R","Defend_R","Defend_R","Bash+1","Ghostly Armor","Clothesline+1","Feel No Pain","Rampage","Feed+1","Uppercut+1"],"relics":["Coffee Dripper","Potion Belt","Omamori","Golden Idol"],"acts_visited":["Exordium"],"potions_floor_usage":[7],"damage_taken":[{"damage":10,"enemies":"2 Louse","floor":1,"turns":3},{"damage":0,"enemies":"Small Slimes","floor":2,"turns":3},{"damage":4,"enemies":"Jaw Worm","floor":3,"turns":4},{"damage":10,"enemies":"Gremlin Nob","floor":7,"turns":4},{"damage":12,"enemies":"Exordium Wildlife","floor":8,"turns":6},{"damage":16,"enemies":"Lots of Slimes","floor":10,"turns":5},{"damage":3,"enemies":"Blue Slaver","floor":12,"turns":5},{"damage":6,"enemies":"3 Louse","floor":14,"turns":5},{"damage":18,"enemies":"The Guardian","floor":16,"turns":4}],"seed_played":"524386218237447963","potions_obtained":[{"floor":3,"key":"Block Potion"},{"floor":8,"key":"Ancient Potion"}],"is_trial":false,"path_per_floor":["M","M","M","?","?","R","E","M","T","M","?","M","R","M","R","B"],"character_chosen":"IRONCLAD","items_purchased":[],"campfire_rested":0,"item_purchase_floors":[],"current_hp_per_floor":[58,58,54,54,54,54,44,32,32,16,16,16,16,14,14,0,0],"gold":260,"neow_bonus":"BOSS_RELIC","is_daily":false,"chose_seed":false,"campfire_upgraded":3,"win_rate":0.0,"timestamp":1613766639,"path_taken":["M","M","M","?","?","R","E","M","T","M","?","M","R","?","R","BOSS"],"items_purchased_type":[],"build_version":"2020-12-22","purchased_purges":0,"victory":false,"max_hp_per_floor":[75,75,75,75,75,75,75,75,75,75,68,71,71,75,75,75,75],"relic_stats":{"counters":[9,39],"Golden Idol":6,"obtain_stats":[{"Potion Belt":7,"Golden Idol":11,"Coffee Dripper":0,"Omamori":9,"Burning Blood":0},{"Potion Belt":4,"Golden Idol":6,"Coffee Dripper":0,"Omamori":5,"Burning Blood":0},{"Potion Belt":14,"Golden Idol":25,"Coffee Dripper":0,"Omamori":20,"Burning Blood":0}]},"card_choices":[{"not_picked":["Body Slam","Flex"],"picked":"Ghostly Armor","floor":1},{"not_picked":["Pommel Strike","Iron Wave"],"picked":"Clothesline","floor":2},{"not_picked":["Intimidate","Flex"],"picked":"Feel No Pain","floor":3},{"not_picked":["Sword Boomerang","Twin Strike","Havoc"],"picked":"SKIP","floor":7},{"not_picked":["Anger","Cleave"],"picked":"Rampage","floor":8},{"not_picked":["Armaments","Body Slam"],"picked":"Feed","floor":10},{"not_picked":["Sword Boomerang","Havoc","Perfected Strike"],"picked":"SKIP","floor":12},{"not_picked":["Flex","Infernal Blade"],"picked":"Uppercut","floor":14}],"player_experience":5392102,"relics_obtained":[{"floor":7,"key":"Potion Belt"},{"floor":9,"key":"Omamori"}],"event_choices":[{"damage_healed":0,"gold_gain":0,"player_choice":"Ignored","damage_taken":0,"max_hp_gain":0,"max_hp_loss":0,"event_name":"Liars Game","floor":4,"gold_loss":0},{"damage_healed":0,"gold_gain":0,"player_choice":"Grow","damage_taken":0,"max_hp_gain":0,"max_hp_loss":0,"event_name":"Living Wall","floor":5,"gold_loss":0,"cards_upgraded":["Bash"]},{"damage_healed":0,"gold_gain":0,"player_choice":"Lose Max HP","damage_taken":0,"relics_obtained":["Golden Idol"],"max_hp_gain":0,"max_hp_loss":7,"event_name":"Golden Idol","floor":11,"gold_loss":0}],"is_beta":false,"boss_relics":[],"items_purged_floors":[],"is_endless":false,"potions_floor_spawned":[3,8],"killed_by":"The Guardian","ascension_level":20}}