{"host":"xkc7tfemhzdc5j5t","time":1613734433,"event":{"mods":["AchievementEnabler","Act Like it!","BaseMod","BetterRewards","Colored Map","Colored Powertips","Downfall","Gensokyo","Hallownest","Hermit","Highlight Path","Infinite Spire","Marisa£®ÏF”Í°°ƒß¿Ì…≥£©","Minty Spire (QoL Compilation)","Prisma Mod","Quick Restart","Reimu£®≤©¿ˆ¡È√Œ£©","Replay The Spire","Shop Mod","StSLib","SuperFastMode","The Bug Knight","The Construct","The Cursed","The Disciple","The Hierophant","The Jungle","The Necromancer","The Runesmith","The Servant 0.9.4","Youmu£®ªÍ∆«—˝√Œ£©"],"gold_per_floor":[99,118,128,148,176,176,203,203,217,227,255,275,175,85,102,206,206,206,219,243,279,172,72,126,150,168,168,195,209,251,251,280,290,290,290],"floor_reached":33,"language":"ZHS","playtime":4151,"items_purged":["hexamod:Strike","hexamod:Strike"],"score":291,"play_id":"394415e2-083b-4aa0-af1f-58ce31572c88","local_time":"20210219193353","is_ascension_mode":true,"campfire_choices":[{"data":"hexamod:Float","floor":1,"key":"SMITH"},{"data":"hexamod:SuperheatedStrike","floor":8,"key":"SMITH"},{"data":"hexamod:Hexaguard","floor":13,"key":"SMITH"},{"floor":18,"key":"RECALL"},{"data":"hexamod:TimeWarp","floor":23,"key":"SMITH"},{"data":"hexamod:AdvancingGuard","floor":27,"key":"SMITH"}],"circlet_count":0,"master_deck":["hexamod:Strike","hexamod:Strike","hexamod:Defend","hexamod:Defend","hexamod:Defend","hexamod:Sear","hexamod:Float+1","hexamod:HeatMetal","hexamod:SecondSeal","hexamod:SuperheatedStrike+1","hexamod:Hexaguard+1","hexamod:InspiringFlames","hexamod:NightmareGuise","hexamod:TimeWarp+1","hexamod:AdvancingGuard+1","hexamod:TimeOfNeed","hexamod:SecondSeal","hexamod:RadiantFlame+1","hexamod:SpectralSpark","hexamod:FourthSeal","hexamod:PhantomCloak","hexamod:SpectersWail","hexamod:SpectralAdrenaline"],"relics":["hexamod:SpiritBrand","HollowMod:QueensCombRelic","Guardian:PocketSentry","downfall:HeartBlessingGreen","Black Star","downfall:HeartBlessingBlue","Gremlin Food","infinitespire:FocusingShard","Replay:Bandana"],"acts_visited":["Exordium","TheCity"],"potions_floor_usage":[33,33],"damage_taken":[{"damage":0,"enemies":"Small Slimes","floor":2,"turns":3},{"damage":1,"enemies":"Jaw Worm","floor":3,"turns":3},{"damage":0,"enemies":"Cultist","floor":4,"turns":3},{"damage":5,"enemies":"Large Slime","floor":5,"turns":3},{"damage":3,"enemies":"2 Fungi Beasts","floor":9,"turns":3},{"damage":1,"enemies":"3 Louse","floor":10,"turns":3},{"damage":12,"enemies":"Gremlin Nob","floor":11,"turns":4},{"damage":2,"enemies":"Large Slime","floor":12,"turns":3},{"damage":0,"enemies":"downfall:FleeingMerchant","floor":14,"turns":4},{"damage":0,"enemies":"2 Fungi Beasts","floor":15,"turns":3},{"damage":13,"enemies":"WA_ARCHETYPE_RETAIN","floor":16,"turns":6},{"damage":0,"enemies":"Chosen","floor":19,"turns":4},{"damage":2,"enemies":"3 Byrds","floor":20,"turns":5},{"damage":11,"enemies":"Snake Plant","floor":21,"turns":3},{"damage":0,"enemies":"downfall:FleeingMerchant","floor":22,"turns":4},{"damage":4,"enemies":"Centurion and Healer","floor":25,"turns":6},{"damage":18,"enemies":"Shelled Parasite and Fungi","floor":26,"turns":4},{"damage":5,"enemies":"Snecko","floor":28,"turns":7},{"damage":2,"enemies":"3 Cultists","floor":29,"turns":5},{"damage":16,"enemies":"Book of Stabbing","floor":30,"turns":7},{"damage":19,"enemies":"Snake Plant","floor":32,"turns":4},{"damage":38,"enemies":"IC_MUSHROOM_ARCHETYPE","floor":33,"turns":7}],"seed_played":"5698709509430500012","potions_obtained":[{"floor":2,"key":"Fire Potion"},{"floor":5,"key":"ColorlessPotion"},{"floor":12,"key":"Strength Potion"},{"floor":30,"key":"CultistPotion"},{"floor":31,"key":"CultistPotion"}],"is_trial":false,"path_per_floor":["R","M","M","M","M","?","T","R","M","M","E","M","R","$","M","B",null,"R_BF","M","M","M","$","R","T","M","M","R","M","M","E","?","M","B"],"character_chosen":"THE_SPIRIT","items_purchased":[],"campfire_rested":0,"item_purchase_floors":[],"current_hp_per_floor":[46,46,45,46,41,41,41,41,43,45,34,36,36,46,46,33,46,46,46,44,35,46,56,56,52,38,38,51,54,40,40,29,0,0,0],"gold":290,"neow_bonus":"ONE_RARE_RELIC","is_daily":false,"chose_seed":false,"campfire_upgraded":5,"win_rate":0.0,"timestamp":1613734433,"path_taken":["R","M","M","M","M","?","T","R","M","M","E","M","R","$","M","BOSS","R_BF","M","M","M","$","R","T","M","M","R","M","M","E","?","M","BOSS"],"items_purchased_type":[],"build_version":"2020-12-22","purchased_purges":2,"victory":false,"max_hp_per_floor":[46,46,46,46,46,46,46,46,46,46,46,46,46,46,46,46,46,46,46,46,46,46,56,56,56,56,56,56,56,56,56,56,56,56,56],"card_choices":[{"not_picked":["hexamod:InspiringFlames","hexamod:NecessarySacrifice"],"picked":"hexamod:HeatMetal","floor":2},{"not_picked":["hexamod:Rewind","hexamod:GhostLash"],"picked":"hexamod:SecondSeal","floor":3},{"not_picked":["hexamod:GhostOfSpireFuture","hexamod:InspiringFlames"],"picked":"hexamod:SuperheatedStrike","floor":4},{"not_picked":["hexamod:SoulSteal","hexamod:NightmareGuise"],"picked":"hexamod:Hexaguard","floor":5},{"not_picked":["hexamod:RetreatToShadows","hexamod:BacktrackSmack"],"picked":"hexamod:InspiringFlames","floor":9},{"not_picked":["hexamod:Firestarter","hexamod:NightmareStrike"],"picked":"hexamod:NightmareGuise","floor":10},{"not_picked":["hexamod:NightmareStrike","hexamod:SwordOfDarkness","hexamod:HeatCrush"],"picked":"SKIP","floor":11},{"not_picked":["hexamod:InspiringFlames","hexamod:RadiantFlame"],"picked":"hexamod:TimeWarp","floor":12},{"not_picked":["hexamod:Again","hexamod:ThermalTransfer","hexamod:FastForward"],"picked":"SKIP","floor":14},{"not_picked":["hexamod:RetreatToShadows","hexamod:Again"],"picked":"hexamod:AdvancingGuard","floor":15},{"not_picked":["hexamod:WildfireWeapon","hexamod:ParanormalForm"],"picked":"hexamod:TimeOfNeed","floor":16},{"not_picked":["hexamod:SwordOfDarkness","hexamod:GhostLash"],"picked":"hexamod:SecondSeal","floor":19},{"not_picked":["hexamod:HauntingEcho+1","hexamod:AdvancingGuard","hexamod:ExtraCrispy"],"picked":"SKIP","floor":20},{"not_picked":["hexamod:GhostShield","hexamod:FastForward+1","hexamod:ChargedBarrage"],"picked":"SKIP","floor":21},{"not_picked":["hexamod:HeatMetal","hexamod:InspiringFlames+1"],"picked":"hexamod:RadiantFlame+1","floor":22},{"not_picked":["hexamod:NightmareGuise","hexamod:ApocalypticArmor"],"picked":"hexamod:SpectralSpark","floor":25},{"not_picked":["hexamod:NightmareGuise","hexamod:HauntingEcho"],"picked":"hexamod:FourthSeal","floor":26},{"not_picked":["hexamod:Incineration","hexamod:SpectralAdrenaline"],"picked":"hexamod:PhantomCloak","floor":28},{"not_picked":["hexamod:Again","hexamod:SpectralAdrenaline"],"picked":"hexamod:SpectersWail","floor":29},{"not_picked":["hexamod:AdvancingGuard","hexamod:PhantomCloak","hexamod:ThermalTransfer"],"picked":"SKIP","floor":30},{"not_picked":["hexamod:GhostLash","hexamod:NightmareStrike+1"],"picked":"hexamod:SpectralAdrenaline","floor":32}],"player_experience":772900,"relics_obtained":[{"floor":11,"key":"Guardian:PocketSentry"},{"floor":24,"key":"Gremlin Food"},{"floor":30,"key":"infinitespire:FocusingShard"},{"floor":30,"key":"Replay:Bandana"}],"event_choices":[],"is_beta":false,"boss_relics":[{"not_picked":["Replay:Wanted Poster","hexamod:IceCube"],"picked":"Black Star"}],"items_purged_floors":[14,22],"is_endless":false,"potions_floor_spawned":[2,5,12,16,19,21,28,30,32],"killed_by":"IC_MUSHROOM_ARCHETYPE","ascension_level":1}}