{"host":"od06gsur5w60l0yz","time":1613696697,"event":{"mods":["BaseMod","Better Match","Better Third Choice","Colored Map","Dio Mod","Downfall","GifTheSpireLib","Googly Eyes","Hermit","Hubris","Minty Spire (QoL Compilation)","Reliquary","Replay The Spire","StSLib","The Cursed","The Forsaken","The Necromancer","The Senshi"],"gold_per_floor":[113,113,113,113,126,162,176,212,212,236,83,99,140,165,165,284,284,268,121,121,136,149,185,205,205,205],"floor_reached":25,"language":"ENG","playtime":2236,"items_purged":[],"score":294,"play_id":"99ed04fa-4e57-4b35-9686-cba9a9127448","local_time":"20210218230457","is_ascension_mode":true,"campfire_choices":[{"data":"theSenshi:CrisisMakeUp","floor":15.0,"key":"SMITH"}],"circlet_count":0,"master_deck":["theSenshi:SailorKick","theSenshi:SailorKick","theSenshi:SailorKick+1","theSenshi:SailorKick+1","theSenshi:SailorBlock","theSenshi:SailorBlock","theSenshi:SailorBlock","theSenshi:RoseThrow","theSenshi:MoonPrismPowerMakeUp+1","theSenshi:MoonPunch","theSenshi:SailorPlanetAttack","theSenshi:SailorJupiterAssists","theSenshi:IWillPunishYou+1","theSenshi:MoonHealingEscalation","theSenshi:SailorStarHealerAssists","theSenshi:MoonHealingEscalation","theSenshi:CrisisMakeUp+1","theSenshi:LunaSensingAllies","CurseOfTheBell","theSenshi:GatheringStrength+1","theSenshi:MoonPunch"],"relics":["theSenshi:TransformationBroochRelic","Golden Idol","reliquary:Spinner","hubris:SlimyHat","Whetstone","Dream Catcher","Calling Bell","Blood Vial","reliquary:HotPoker","FossilizedHelix","Nunchaku","hubris:DeckOfHolding"],"acts_visited":["Exordium","TheCity"],"potions_floor_usage":[24],"damage_taken":[{"damage":0.0,"enemies":"Small Slimes","floor":1.0,"turns":4.0},{"damage":0.0,"enemies":"Cultist","floor":5.0,"turns":3.0},{"damage":13.0,"enemies":"Gremlin Nob","floor":6.0,"turns":3.0},{"damage":0.0,"enemies":"2 Louse","floor":7.0,"turns":2.0},{"damage":35.0,"enemies":"3 Sentries","floor":8.0,"turns":9.0},{"damage":0.0,"enemies":"Exordium Thugs","floor":10.0,"turns":3.0},{"damage":0.0,"enemies":"Blue Slaver","floor":12.0,"turns":8.0},{"damage":23.0,"enemies":"Lagavulin","floor":13.0,"turns":7.0},{"damage":0.0,"enemies":"3 Louse","floor":14.0,"turns":23.0},{"damage":32.0,"enemies":"The Guardian","floor":16.0,"turns":10.0},{"damage":17.0,"enemies":"2 Thieves","floor":18.0,"turns":4.0},{"damage":14.0,"enemies":"Chosen","floor":21.0,"turns":6.0},{"damage":29.0,"enemies":"Snake Plant","floor":22.0,"turns":7.0},{"damage":43.0,"enemies":"Replay:Snechameleon","floor":23.0,"turns":9.0},{"damage":22,"enemies":"Shelled Parasite and Fungi","floor":24,"turns":6},{"damage":36,"enemies":"Gremlin Leader","floor":25,"turns":4}],"seed_played":"8805811798412609767","potions_obtained":[{"floor":5.0,"key":"SteroidPotion"},{"floor":6.0,"key":"DuplicationPotion"},{"floor":8.0,"key":"ColorlessPotion"},{"floor":10.0,"key":"sneckomod:MuddlingPotion"},{"floor":12.0,"key":"Reflective Coating"},{"floor":18.0,"key":"LiquidBronze"},{"floor":22.0,"key":"FearPotion"}],"is_trial":false,"path_per_floor":["M","?","?","?","M","E","M","E","T","M","$","M","E","M","R","B",null,"M","$","?","M","M","E","M","E"],"character_chosen":"THE_SENSHI","items_purchased":["Whetstone","Nunchaku"],"campfire_rested":0,"item_purchase_floors":[11,19],"current_hp_per_floor":[82,62,62,62,62,49,49,14,14,14,14,29,16,81,81,61,82,70,70,70,63,51,25,10,0,0],"gold":205,"neow_bonus":"TEN_PERCENT_HP_BONUS","is_daily":false,"chose_seed":false,"campfire_upgraded":1,"win_rate":0.0,"timestamp":1613696697,"path_taken":["M","?","?","?","M","E","M","E","T","?","?","M","E","M","R","BOSS","M","$","?","M","M","E","M","E"],"items_purchased_type":["Relic","Relic"],"build_version":"2020-12-22","purchased_purges":0,"victory":false,"max_hp_per_floor":[82,82,82,82,82,82,82,82,82,82,82,82,82,82,82,82,82,82,82,82,82,82,82,82,82,82],"card_choices":[{"not_picked":["theSenshi:SaturnsMystery","theSenshi:PlutosSolemnity"],"picked":"theSenshi:MoonPunch","floor":1.0},{"not_picked":["theSenshi:MoonTiaraMagic","theSenshi:MoonlightKnight","theSenshi:YouCanTalk"],"picked":"SKIP","floor":5.0},{"not_picked":["theSenshi:MoonSpiralHeartAttack","theSenshi:SailorStarFighterAssists"],"picked":"theSenshi:SailorJupiterAssists","floor":6.0},{"not_picked":["theSenshi:MarsPride","theSenshi:MoonPower","theSenshi:SupersonicWaves"],"picked":"SKIP","floor":7.0},{"not_picked":["theSenshi:MoonsReflection","theSenshi:SchoolBag"],"picked":"theSenshi:IWillPunishYou","floor":8.0},{"not_picked":["theSenshi:SailorMarsAssists","theSenshi:LateForSchool"],"picked":"theSenshi:MoonHealingEscalation","floor":10.0},{"not_picked":["theSenshi:TallSilhouette","theSenshi:SailorVenusAssists"],"picked":"theSenshi:SailorStarHealerAssists","floor":12.0},{"not_picked":["theSenshi:MoonSpiralHeartAttack","theSenshi:RainbowMoonHeartAche"],"picked":"theSenshi:MoonHealingEscalation","floor":13.0},{"not_picked":["theSenshi:SailorVenusAssists","theSenshi:MoonTiaraMagic"],"picked":"theSenshi:CrisisMakeUp","floor":14.0},{"not_picked":["theSenshi:SailorPlutoAssists","theSenshi:SilverMoonCrystalPowerKiss"],"picked":"theSenshi:LunaSensingAllies","floor":16.0},{"not_picked":["theSenshi:LunasBite","theSenshi:TallSilhouette+1","theSenshi:HesSoDreamy"],"picked":"SKIP","floor":18.0},{"not_picked":["theSenshi:SailorVenusAssists","theSenshi:SchoolBag","theSenshi:DramaticEntrance+1"],"picked":"SKIP","floor":21.0},{"not_picked":["theSenshi:SailorMarsAssists","theSenshi:MoonPrincessHalation","theSenshi:LunasBite"],"picked":"SKIP","floor":22.0},{"not_picked":["theSenshi:EncouragingSpeech","theSenshi:SteeledNerves+1"],"picked":"theSenshi:GatheringStrength+1","floor":23.0},{"not_picked":["theSenshi:LateForSchool","theSenshi:MoonTwilightFlash"],"picked":"theSenshi:MoonPunch","floor":24}],"player_experience":247181,"relics_obtained":[{"floor":6.0,"key":"reliquary:Spinner"},{"floor":8.0,"key":"hubris:SlimyHat"},{"floor":13.0,"key":"Dream Catcher"},{"floor":17.0,"key":"Blood Vial"},{"floor":17.0,"key":"reliquary:HotPoker"},{"floor":17.0,"key":"FossilizedHelix"},{"floor":23.0,"key":"hubris:DeckOfHolding"}],"event_choices":[{"damage_healed":0.0,"max_hp_gain":0.0,"max_hp_loss":0.0,"gold_gain":0.0,"event_name":"Golden Idol","player_choice":"Take Damage","floor":2.0,"gold_loss":0.0,"damage_taken":20.0,"relics_obtained":["Golden Idol"]},{"damage_healed":0.0,"max_hp_gain":0.0,"max_hp_loss":0.0,"gold_gain":0.0,"event_name":"Living Wall","player_choice":"Grow","floor":3.0,"gold_loss":0.0,"damage_taken":0.0,"cards_upgraded":["theSenshi:MoonPrismPowerMakeUp"]},{"damage_healed":0.0,"max_hp_gain":0.0,"max_hp_loss":0.0,"gold_gain":0.0,"cards_transformed":["theSenshi:SailorBlock"],"event_name":"Transmorgrifier","player_choice":"Transformed","floor":4.0,"gold_loss":0.0,"damage_taken":0.0,"cards_obtained":["theSenshi:SailorPlanetAttack"]},{"damage_healed":0.0,"max_hp_gain":0.0,"max_hp_loss":0.0,"gold_gain":0.0,"event_name":"Upgrade Shrine","player_choice":"Upgraded","floor":20.0,"gold_loss":0.0,"damage_taken":0.0,"cards_upgraded":["theSenshi:IWillPunishYou"]}],"is_beta":false,"boss_relics":[{"not_picked":["Abe\u0027s Treasure","Busted Crown"],"picked":"Calling Bell"}],"items_purged_floors":[],"is_endless":false,"potions_floor_spawned":[5,6,8,10,12,18,22],"killed_by":"Gremlin Leader","ascension_level":4}}