{"host":"qhn6g0owdgjb77rz","time":1613725139,"event":{"mods":["BaseMod","BetterRewards","Colored Map","Downfall","Minty Spire (QoL Compilation)","Relic Sorter","Reliquary","Spire Arcade","StSLib"],"gold_per_floor":[112,126,152,152,165,165,185,214,238,238,253,278,278,295,295,369,369,380,394,394,394,404,404,420,420,420,252,263,294,294,309,309,381,381,397,416,1415,764,764,764,798,798,798,832,832,850,850,870,870,870,870],"floor_reached":50,"language":"ENG","playtime":1754,"items_purged":["Normality"],"score":1368,"play_id":"c035b3cf-5392-43af-aa1c-a7cc92725cf5","local_time":"20210219175859","is_ascension_mode":true,"campfire_choices":[{"data":"Electrodynamics","floor":6.0,"key":"SMITH"},{"data":"Zap","floor":10.0,"key":"SMITH"},{"data":"1","floor":13.0,"key":"LIFT"},{"data":"2","floor":15.0,"key":"LIFT"},{"data":"3","floor":23.0,"key":"LIFT"},{"data":"Leap","floor":25.0,"key":"SMITH"},{"data":"Ball Lightning","floor":30.0,"key":"SMITH"},{"data":"Leap","floor":32.0,"key":"SMITH"},{"data":"Lockon","floor":40.0,"key":"SMITH"},{"data":"Electrodynamics","floor":42.0,"key":"SMITH"},{"floor":45.0,"key":"REST"},{"floor":47.0,"key":"REST"},{"floor":49.0,"key":"REST"}],"circlet_count":0,"master_deck":["AscendersBane","Strike_B","Strike_B","Strike_B+1","Strike_B","Defend_B","Defend_B","Defend_B","Defend_B","Zap+1","Dualcast","Electrodynamics+1","Ball Lightning+1","Leap+1","Ball Lightning+1","Leap+1","Seek+1","Fission+1","Ball Lightning+1","Tempest+1","Conserve Battery+1","Fission+1","Normality","Lockon+1","Electrodynamics+1","Lockon+1"],"relics":["Cracked Core","reliquary:Knoch","reliquary:LoveEmittingDiode","HandDrill","Girya","Potion Belt","reliquary:IridiumChain","reliquary:ExpiredCoupon","Toxic Egg 2","sneckomod:SneckoTalon","Enchiridion","Pantograph","Happy Flower","Emotion Chip","Inserter","Orichalcum","bronze:DonusWashers","Whetstone","Boot","Letter Opener","PreservedInsect"],"acts_visited":["Exordium","TheCity","TheBeyond"],"potions_floor_usage":[50,50,50,50],"damage_taken":[{"damage":0.0,"enemies":"Cultist","floor":1.0,"turns":3.0},{"damage":2.0,"enemies":"Jaw Worm","floor":2.0,"turns":3.0},{"damage":0.0,"enemies":"Small Slimes","floor":5.0,"turns":2.0},{"damage":0.0,"enemies":"2 Fungi Beasts","floor":7.0,"turns":1.0},{"damage":28.0,"enemies":"Lagavulin","floor":8.0,"turns":5.0},{"damage":7.0,"enemies":"Exordium Wildlife","floor":11.0,"turns":3.0},{"damage":1.0,"enemies":"3 Sentries","floor":12.0,"turns":3.0},{"damage":3.0,"enemies":"3 Louse","floor":14.0,"turns":3.0},{"damage":4.0,"enemies":"Slime Boss","floor":16.0,"turns":5.0},{"damage":0.0,"enemies":"Spheric Guardian","floor":18.0,"turns":2.0},{"damage":0.0,"enemies":"Chosen","floor":19.0,"turns":3.0},{"damage":4.0,"enemies":"Snecko","floor":22.0,"turns":3.0},{"damage":0.0,"enemies":"Sentry and Sphere","floor":24.0,"turns":1.0},{"damage":0.0,"enemies":"Shelled Parasite and Fungi","floor":28.0,"turns":1.0},{"damage":0.0,"enemies":"Gremlin Leader","floor":29.0,"turns":2.0},{"damage":0.0,"enemies":"Centurion and Healer","floor":31.0,"turns":1.0},{"damage":47.0,"enemies":"Collector","floor":33.0,"turns":8.0},{"damage":0.0,"enemies":"Orb Walker","floor":35.0,"turns":2.0},{"damage":0.0,"enemies":"3 Shapes","floor":36.0,"turns":2.0},{"damage":3.0,"enemies":"Reptomancer","floor":41.0,"turns":3.0},{"damage":32.0,"enemies":"Nemesis","floor":44.0,"turns":3.0},{"damage":18.0,"enemies":"Spire Growth","floor":46.0,"turns":3.0},{"damage":15.0,"enemies":"Writhing Mass","floor":48.0,"turns":2.0},{"damage":98,"enemies":"Awakened One","floor":50,"turns":6}],"seed_played":"3603243475574507491","potions_obtained":[{"floor":2.0,"key":"bronze:BurnAndBuffPotion"},{"floor":5.0,"key":"ColorlessPotion"},{"floor":7.0,"key":"SneckoOil"},{"floor":12.0,"key":"PowerPotion"},{"floor":18.0,"key":"Guardian:BlockOnCardUsePotion"},{"floor":22.0,"key":"BlessingOfTheForge"},{"floor":24.0,"key":"Regen Potion"},{"floor":36.0,"key":"DistilledChaos"},{"floor":48.0,"key":"FocusPotion"}],"is_trial":false,"path_per_floor":["M","M","T","?","M","R","M","E","T","R","M","E","R","M","R","B",null,"M","M","?","?","M","R","M","R","T","$","M","E","R","M","R","B",null,"M","M","?","$","?","R","E","R","T","E","R","M","R","M","R","B"],"character_chosen":"DEFECT","items_purchased":["reliquary:Knoch","reliquary:LoveEmittingDiode","HandDrill","Electrodynamics","Ball Lightning","Leap","Happy Flower","Orichalcum","bronze:DonusWashers","Whetstone","Lockon"],"campfire_rested":3,"item_purchase_floors":[0,0,0,0,0,0,27,38,38,38,38],"current_hp_per_floor":[64,62,62,67,67,67,67,39,39,39,32,31,31,28,28,24,63,63,63,42,42,38,38,38,38,38,38,38,38,38,38,38,16,61,61,61,61,61,61,61,58,58,58,35,56,38,59,44,65,0,0],"gold":870,"neow_bonus":"","is_daily":false,"chose_seed":false,"campfire_upgraded":7,"win_rate":0.0,"timestamp":1613725139,"path_taken":["M","M","?","?","M","R","M","E","T","R","?","E","R","M","R","BOSS","M","M","?","?","M","R","M","R","T","$","M","E","R","M","R","BOSS","M","M","?","$","?","R","E","R","T","E","R","M","R","M","R","BOSS"],"items_purchased_type":["Relic","Relic","Relic","Card","Card","Card","Relic","Relic","Relic","Relic","Card"],"build_version":"2020-12-22","purchased_purges":1,"victory":false,"max_hp_per_floor":[71,71,71,76,76,76,76,76,76,76,76,76,76,76,76,76,76,76,76,76,76,76,76,76,76,76,76,76,76,76,76,76,76,76,76,76,76,76,72,72,72,72,72,72,72,72,72,72,72,72,72],"card_choices":[{"not_picked":["Cold Snap","Reprogram","Stack"],"picked":"SKIP","floor":1.0},{"not_picked":["Leap","Aggregate"],"picked":"Ball Lightning","floor":2.0},{"not_picked":["Melter","Compile Driver","Rainbow"],"picked":"SKIP","floor":5.0},{"not_picked":["Turbo","Cold Snap","Compile Driver"],"picked":"SKIP","floor":7.0},{"not_picked":["Gash","Sweeping Beam","Go for the Eyes"],"picked":"SKIP","floor":8.0},{"not_picked":["Blizzard","Rebound"],"picked":"Leap","floor":11.0},{"not_picked":["Force Field+1","Ball Lightning","Beam Cell"],"picked":"SKIP","floor":12.0},{"not_picked":["Heatsinks","Steam+1","Undo+1"],"picked":"SKIP","floor":14.0},{"not_picked":["Hyperbeam","All For One"],"picked":"Seek+1","floor":16.0},{"not_picked":["Cold Snap","Steam Power+1","Gash"],"picked":"SKIP","floor":18.0},{"not_picked":["Gash+1","Rebound","Stack+1"],"picked":"SKIP","floor":19.0},{"not_picked":["Gash+1","Darkness+1","Force Field+1"],"picked":"SKIP","floor":22.0},{"not_picked":["Beam Cell","Rip and Tear"],"picked":"Ball Lightning+1","floor":24.0},{"not_picked":["BootSequence+1","Sweeping Beam","Streamline"],"picked":"SKIP","floor":28.0},{"not_picked":["Chill+1","Fusion+1"],"picked":"Tempest+1","floor":29.0},{"not_picked":["Force Field+1","Sweeping Beam"],"picked":"Conserve Battery+1","floor":31.0},{"not_picked":["Echo Form","Core Surge"],"picked":"Fission+1","floor":33.0},{"not_picked":["Stack+1","Tempest+1","Aggregate+1"],"picked":"SKIP","floor":35.0},{"not_picked":["Self Repair","Stack+1","Conserve Battery+1"],"picked":"SKIP","floor":36.0},{"not_picked":["Capacitor","Lockon+1"],"picked":"Electrodynamics","floor":41.0},{"not_picked":["Turbo+1","Steam Power+1"],"picked":"Lockon+1","floor":44.0},{"not_picked":["Sweeping Beam+1","Hologram+1","Steam+1"],"picked":"SKIP","floor":46.0},{"not_picked":["Cold Snap","Barrage","Ball Lightning"],"picked":"SKIP","floor":48.0}],"player_experience":700483,"relics_obtained":[{"floor":3.0,"key":"Potion Belt"},{"floor":8.0,"key":"reliquary:IridiumChain"},{"floor":9.0,"key":"reliquary:ExpiredCoupon"},{"floor":12.0,"key":"Toxic Egg 2"},{"floor":20.0,"key":"Enchiridion"},{"floor":26.0,"key":"Pantograph"},{"floor":29.0,"key":"Emotion Chip"},{"floor":41.0,"key":"Boot"},{"floor":43.0,"key":"Letter Opener"},{"floor":44.0,"key":"PreservedInsect"}],"event_choices":[{"damage_healed":0.0,"max_hp_gain":5.0,"max_hp_loss":0.0,"gold_gain":0.0,"event_name":"Big Fish","player_choice":"Donut","floor":4.0,"gold_loss":0.0,"damage_taken":0.0},{"damage_healed":0.0,"max_hp_gain":0.0,"max_hp_loss":0.0,"gold_gain":0.0,"event_name":"Cursed Tome","player_choice":"Obtained Book","floor":20.0,"gold_loss":0.0,"damage_taken":21.0},{"damage_healed":0.0,"max_hp_gain":0.0,"max_hp_loss":0.0,"gold_gain":999.0,"event_name":"MindBloom","player_choice":"Gold","floor":37.0,"gold_loss":0.0,"damage_taken":0.0,"cards_obtained":["Normality","Normality"]},{"damage_healed":0.0,"max_hp_gain":0.0,"max_hp_loss":4.0,"gold_gain":0.0,"event_name":"Winding Halls","player_choice":"Max HP","floor":39.0,"gold_loss":0.0,"damage_taken":0.0}],"is_beta":false,"boss_relics":[{"not_picked":["reliquary:RedPaperclip","Ectoplasm"],"picked":"sneckomod:SneckoTalon"},{"not_picked":["reliquary:WritOfMandamus","Astrolabe"],"picked":"Inserter"}],"items_purged_floors":[38],"is_endless":false,"potions_floor_spawned":[2,5,7,12,18,22,24,31,33,35,36,48],"killed_by":"Awakened One","ascension_level":18}}