{"host":"w4b7hmige5bnqipq","time":1613752425,"event":{"mods":["2.2 Compatiblity","BaseMod","Colored Map","DeckTracker","Keyboard Shortcuts","Minty Spire (QoL Compilation)","Permanent Neow","Rare Cards Sparkle","SuperFastMode","everything is the same but u backflip on backflip","slay the spire mod where everything is the same but ironclad has a cowboy hat"],"gold_per_floor":[56,112,125,178,178,178,237,237,237,237,327,14,59,112,112,188,188,208,133,151,168,168,168,211,211,292,327,352,352],"floor_reached":28,"language":"KOR","playtime":954,"items_purged":["Strike_G"],"score":464,"play_id":"962614a4-3d36-400b-9603-88c660603b1d","local_time":"20210220003345","is_ascension_mode":true,"campfire_choices":[{"data":"HandOfGreed","floor":6.0,"key":"SMITH"},{"data":"Neutralize","floor":8.0,"key":"SMITH"},{"data":"Deadly Poison","floor":15.0,"key":"SMITH"},{"data":"Tactician","floor":23,"key":"SMITH"},{"data":"Blur","floor":25,"key":"SMITH"}],"circlet_count":0,"master_deck":["AscendersBane","Strike_G","Strike_G","Defend_G","Defend_G","Defend_G","Defend_G","Defend_G","Survivor","Neutralize+1","HandOfGreed+1","Reflex","Backflip","Burst","Deadly Poison+1","Blur+1","Acrobatics","After Image","Escape Plan","Calculated Gamble","Tactician+1","Catalyst"],"relics":["Ring of the Snake","Snake Skull","Smiling Mask","Meat on the Bone","Sundial","Coffee Dripper"],"acts_visited":["Exordium","TheCity"],"potions_floor_usage":[18,27,28],"damage_taken":[{"damage":0.0,"enemies":"Small Slimes","floor":1.0,"turns":4.0},{"damage":1.0,"enemies":"2 Louse","floor":2.0,"turns":4.0},{"damage":7.0,"enemies":"Jaw Worm","floor":3.0,"turns":4.0},{"damage":11.0,"enemies":"2 Fungi Beasts","floor":4.0,"turns":3.0},{"damage":8.0,"enemies":"Gremlin Nob","floor":7.0,"turns":3.0},{"damage":6.0,"enemies":"3 Louse","floor":11.0,"turns":6.0},{"damage":0.0,"enemies":"Blue Slaver","floor":13.0,"turns":6.0},{"damage":20.0,"enemies":"Lagavulin","floor":14.0,"turns":8.0},{"damage":23.0,"enemies":"Hexaghost","floor":16.0,"turns":10.0},{"damage":19,"enemies":"Chosen","floor":18,"turns":6},{"damage":12,"enemies":"Spheric Guardian","floor":20,"turns":4},{"damage":5,"enemies":"Snake Plant","floor":21,"turns":6},{"damage":33,"enemies":"3 Cultists","floor":24,"turns":7},{"damage":8,"enemies":"Snecko","floor":27,"turns":4},{"damage":29,"enemies":"Slavers","floor":28,"turns":10}],"seed_played":"1031809615349603846","potions_obtained":[{"floor":3.0,"key":"Strength Potion"},{"floor":4.0,"key":"LiquidBronze"},{"floor":7.0,"key":"EntropicBrew"},{"floor":21,"key":"SteroidPotion"}],"is_trial":false,"path_per_floor":["M","M","M","M","?","R","E","R","T","?","M","$","M","E","R","B",null,"M","?","M","M","?","R","M","R","T","M","E"],"character_chosen":"THE_SILENT","items_purchased":["Meat on the Bone"],"campfire_rested":0,"item_purchase_floors":[12],"current_hp_per_floor":[59,58,51,40,33,33,25,25,25,47,41,41,41,33,33,22,55,36,36,36,43,43,43,22,22,22,26,0,0],"gold":352,"neow_bonus":"RANDOM_COLORLESS_2","is_daily":false,"chose_seed":false,"campfire_upgraded":5,"win_rate":0.0,"timestamp":1613752425,"path_taken":["M","M","M","M","?","R","E","R","T","?","M","$","M","E","R","BOSS","M","?","M","M","?","R","M","R","T","M","E"],"items_purchased_type":["Relic"],"build_version":"2020-12-22","purchased_purges":1,"victory":false,"max_hp_per_floor":[66,66,66,66,66,66,66,66,66,66,66,66,66,66,66,66,66,66,66,66,66,66,66,66,66,66,66,66,66],"card_choices":[{"not_picked":["Master of Strategy","Metamorphosis"],"picked":"HandOfGreed","floor":0.0},{"not_picked":["Setup","Predator"],"picked":"Reflex","floor":1.0},{"not_picked":["Dodge and Roll","Quick Slash","Dash"],"picked":"SKIP","floor":2.0},{"not_picked":["Deadly Poison","Slice","Finisher"],"picked":"SKIP","floor":3.0},{"not_picked":["Flying Knee","Dodge and Roll"],"picked":"Backflip","floor":4.0},{"not_picked":["Blade Dance","Doppelganger"],"picked":"Burst","floor":7.0},{"not_picked":["Eviscerate","Backflip"],"picked":"Deadly Poison","floor":11.0},{"not_picked":["Quick Slash","Sucker Punch"],"picked":"Blur","floor":13.0},{"not_picked":["Bane","Expertise"],"picked":"Acrobatics","floor":14.0},{"not_picked":["Night Terror","Doppelganger"],"picked":"After Image","floor":16.0},{"not_picked":["Poisoned Stab","Noxious Fumes"],"picked":"Escape Plan","floor":18},{"not_picked":["Bane","Slice+1"],"picked":"Calculated Gamble","floor":20},{"not_picked":["Poisoned Stab+1","Concentrate","Heel Hook"],"picked":"SKIP","floor":21},{"not_picked":["Deflect","Acrobatics"],"picked":"Catalyst","floor":24},{"not_picked":["Dodge and Roll","A Thousand Cuts","Sucker Punch"],"picked":"SKIP","floor":27}],"player_experience":789118,"relics_obtained":[{"floor":7.0,"key":"Snake Skull"},{"floor":9.0,"key":"Smiling Mask"},{"floor":14.0,"key":"Sundial"}],"event_choices":[{"cards_removed":["Strike_G"],"damage_healed":0.0,"max_hp_gain":0.0,"max_hp_loss":0.0,"gold_gain":0.0,"event_name":"Golden Wing","player_choice":"Card Removal","floor":5.0,"gold_loss":0.0,"damage_taken":7.0},{"damage_healed":22.0,"max_hp_gain":0.0,"max_hp_loss":0.0,"gold_gain":0.0,"event_name":"Big Fish","player_choice":"Banana","floor":10.0,"gold_loss":0.0,"damage_taken":0.0},{"cards_removed":["Strike_G"],"damage_healed":0,"gold_gain":0,"player_choice":"Gave Gold","damage_taken":0,"max_hp_gain":0,"max_hp_loss":0,"event_name":"Beggar","floor":19,"gold_loss":75},{"damage_healed":0,"gold_gain":0,"player_choice":"Read","damage_taken":0,"max_hp_gain":0,"max_hp_loss":0,"event_name":"The Library","floor":22,"gold_loss":0,"cards_obtained":["Tactician"]}],"is_beta":false,"boss_relics":[{"not_picked":["Tiny House","Busted Crown"],"picked":"Coffee Dripper"}],"items_purged_floors":[12],"is_endless":false,"potions_floor_spawned":[3,4,7,21],"killed_by":"Slavers","ascension_level":20}}