{"host":"at5b10nm0iti0w4x","time":1613698358,"event":{"mods":["2.2 Compatiblity","AchievementEnabler","BaseMod","Bestiary","Block Reminder","Colored Map","Colored Powertips","Highlight Path","Keyboard Shortcuts","Minty Spire (QoL Compilation)","Quick Restart","Relic Stats","Slay the Relics Exporter","StSLib","SuperFastMode","Unknown Chances"],"gold_per_floor":[112,187,207,207,279,304,304,304,327,344,57,6,6,22,22,121,121,134,134,152,251,264,296,296,308,308,233,233,253,33,33,33,137,137,156,10,23,38,38,38,38,38,38,38,66,78,107,119,119],"floor_reached":48,"language":"ENG","playtime":1353,"items_purged":[],"score":526,"play_id":"a3cf89a8-12f3-41d3-8cb2-33b19442a652","local_time":"20210218203238","is_ascension_mode":false,"campfire_choices":[{"data":"Battle Trance","floor":7,"key":"SMITH"},{"data":"True Grit","floor":13,"key":"SMITH"},{"data":"Bash","floor":15,"key":"SMITH"},{"floor":28,"key":"REST"},{"floor":32,"key":"REST"},{"data":"Reaper","floor":40,"key":"SMITH"},{"data":"Sword Boomerang","floor":42,"key":"SMITH"},{"data":"Pommel Strike","floor":44,"key":"SMITH"}],"circlet_count":0,"master_deck":["Strike_R","Strike_R","Strike_R","Defend_R","Defend_R","Defend_R","Defend_R","Bash+1","Entrench+1","Headbutt+1","Battle Trance+1","True Grit+1","Offering","Armaments+1","Pommel Strike+1","Body Slam+1","Demon Form+1","Burning Pact","Shrug It Off","Sword Boomerang+1","Reaper+1","True Grit+1","Doubt","Metallicize","Sword Boomerang+1"],"relics":["Burning Blood","NeowsBlessing","Letter Opener","Blood Vial","Ancient Tea Set","Bag of Preparation","Lee\u0027s Waffle","Black Star","Mummified Hand","Bronze Scales","Bottled Lightning","Medical Kit","Busted Crown","PreservedInsect","MealTicket","Self Forming Clay","MawBank"],"acts_visited":["Exordium","TheCity","TheBeyond"],"potions_floor_usage":[25],"damage_taken":[{"damage":0,"enemies":"Jaw Worm","floor":1,"turns":1},{"damage":0,"enemies":"2 Louse","floor":3,"turns":1},{"damage":0,"enemies":"3 Sentries","floor":6,"turns":2},{"damage":8,"enemies":"Small Slimes","floor":10,"turns":3},{"damage":2,"enemies":"Looter","floor":14,"turns":3},{"damage":64,"enemies":"The Guardian","floor":16,"turns":13},{"damage":29,"enemies":"3 Byrds","floor":18,"turns":6},{"damage":32,"enemies":"2 Thieves","floor":20,"turns":4},{"damage":12,"enemies":"Snake Plant","floor":22,"turns":6},{"damage":17,"enemies":"Slavers","floor":23,"turns":7},{"damage":9,"enemies":"Snecko","floor":25,"turns":7},{"damage":10,"enemies":"Centurion and Healer","floor":29,"turns":5},{"damage":40,"enemies":"Champ","floor":33,"turns":9},{"damage":10,"enemies":"3 Shapes","floor":35,"turns":3},{"damage":13,"enemies":"3 Darklings","floor":37,"turns":9},{"damage":54,"enemies":"Sphere and 2 Shapes","floor":38,"turns":5},{"damage":38,"enemies":"Nemesis","floor":45,"turns":5},{"damage":40,"enemies":"4 Shapes","floor":47,"turns":10},{"damage":28,"enemies":"3 Darklings","floor":48,"turns":2}],"seed_played":"-1392007686137932040","potions_obtained":[{"floor":1,"key":"Energy Potion"},{"floor":10,"key":"Block Potion"},{"floor":20,"key":"SmokeBomb"},{"floor":29,"key":"Weak Potion"},{"floor":31,"key":"CultistPotion"},{"floor":31,"key":"EntropicBrew"}],"is_trial":false,"path_per_floor":["M","?","M","?","?","E","R","?","T","M","$","$","R","M","R","B",null,"M","?","M","?","M","E","?","M","T","?","R","M","$","?","R","B",null,"M","$","M","M","$","R","?","R","T","R","E","?","M","M"],"character_chosen":"IRONCLAD","items_purchased":["Bag of Preparation","Lee\u0027s Waffle","True Grit","Medical Kit","Shrug It Off","Sword Boomerang","PreservedInsect"],"campfire_rested":2,"item_purchase_floors":[11,11,12,30,30,30,36],"current_hp_per_floor":[80,69,75,59,59,65,65,62,62,62,87,87,87,87,87,29,87,64,64,40,40,36,27,27,26,26,26,52,50,50,50,76,44,87,87,87,87,49,49,49,87,87,87,87,55,55,23,0,0],"gold":119,"neow_bonus":"THREE_ENEMY_KILL","is_daily":false,"chose_seed":false,"campfire_upgraded":6,"win_rate":0.0,"timestamp":1613698358,"path_taken":["M","?","M","?","?","E","R","?","T","M","?","$","R","?","R","BOSS","M","?","M","?","M","E","?","?","T","?","R","M","$","?","R","BOSS","M","?","M","?","$","R","?","R","T","R","E","?","?","M"],"items_purchased_type":["Relic","Relic","Card","Relic","Card","Card","Relic"],"build_version":"2020-12-22","purchased_purges":0,"victory":false,"max_hp_per_floor":[80,80,80,80,80,80,80,80,80,80,87,87,87,87,87,87,87,87,87,87,87,87,87,87,87,87,87,87,87,87,87,87,87,87,87,87,87,87,87,87,87,87,87,87,87,87,87,87,87],"relic_stats":{"Lee\u0027s Waffle":25,"counters":[19,101],"Self Forming Clay":[15],"PreservedInsect":47,"Bag of Preparation":[30],"Letter Opener":[252],"Medical Kit":[3],"MawBank":36,"Burning Blood":88,"Blood Vial":18,"Busted Crown":10,"Mummified Hand":[10],"Bronze Scales":[141],"MealTicket":0,"Black Star":2,"obtain_stats":[{"Lee\u0027s Waffle":11,"NeowsBlessing":0,"Self Forming Clay":45,"PreservedInsect":36,"Bag of Preparation":11,"Letter Opener":6,"Ancient Tea Set":9,"Medical Kit":30,"MawBank":45,"Burning Blood":0,"Blood Vial":8,"Busted Crown":34,"Mummified Hand":23,"Bronze Scales":23,"MealTicket":43,"Black Star":17,"Bottled Lightning":26},{"Lee\u0027s Waffle":4,"NeowsBlessing":0,"Self Forming Clay":17,"PreservedInsect":14,"Bag of Preparation":4,"Letter Opener":3,"Ancient Tea Set":3,"Medical Kit":12,"MawBank":17,"Burning Blood":0,"Blood Vial":3,"Busted Crown":13,"Mummified Hand":10,"Bronze Scales":10,"MealTicket":16,"Black Star":6,"Bottled Lightning":11},{"Lee\u0027s Waffle":7,"NeowsBlessing":0,"Self Forming Clay":89,"PreservedInsect":70,"Bag of Preparation":7,"Letter Opener":4,"Ancient Tea Set":4,"Medical Kit":58,"MawBank":89,"Burning Blood":0,"Blood Vial":4,"Busted Crown":67,"Mummified Hand":46,"Bronze Scales":46,"MealTicket":84,"Black Star":23,"Bottled Lightning":53}]},"card_choices":[{"not_picked":["Evolve","Second Wind"],"picked":"Entrench","floor":1},{"not_picked":["Clothesline","Cleave"],"picked":"Headbutt","floor":3},{"not_picked":["Uppercut","Cleave"],"picked":"Battle Trance","floor":6},{"not_picked":["Sword Boomerang","Infernal Blade","Corruption"],"picked":"SKIP","floor":10},{"not_picked":["Warcry","Heavy Blade","Perfected Strike"],"picked":"SKIP","floor":14},{"not_picked":["Double Tap","Fiend Fire"],"picked":"Offering","floor":16},{"not_picked":["Perfected Strike+1","Dual Wield"],"picked":"Armaments+1","floor":18},{"not_picked":["Shockwave","Sword Boomerang","Twin Strike"],"picked":"SKIP","floor":20},{"not_picked":["Perfected Strike","Sever Soul"],"picked":"Body Slam+1","floor":22},{"not_picked":["Ghostly Armor","Inflame"],"picked":"Demon Form","floor":23},{"not_picked":["Carnage+1","Infernal Blade","Anger"],"picked":"SKIP","floor":25},{"not_picked":["Iron Wave","Clothesline"],"picked":"Burning Pact","floor":29},{"not_picked":["Corruption","Double Tap"],"picked":"Reaper","floor":33},{"not_picked":[],"picked":"True Grit+1","floor":35},{"not_picked":["Combust+1"],"picked":"SKIP","floor":37},{"not_picked":["Shockwave"],"picked":"SKIP","floor":38},{"not_picked":["Headbutt"],"picked":"SKIP","floor":45},{"not_picked":[],"picked":"Sword Boomerang+1","floor":47}],"player_experience":109082,"relics_obtained":[{"floor":6,"key":"Letter Opener"},{"floor":9,"key":"Ancient Tea Set"},{"floor":23,"key":"Mummified Hand"},{"floor":23,"key":"Bronze Scales"},{"floor":26,"key":"Bottled Lightning"},{"floor":43,"key":"MealTicket"},{"floor":45,"key":"Self Forming Clay"},{"floor":45,"key":"MawBank"}],"event_choices":[{"damage_healed":0,"gold_gain":75,"player_choice":"Gather Gold","damage_taken":11,"max_hp_gain":0,"max_hp_loss":0,"event_name":"World of Goop","floor":2,"gold_loss":0},{"damage_healed":0,"gold_gain":0,"player_choice":"Entered Light","damage_taken":16,"max_hp_gain":0,"max_hp_loss":0,"event_name":"Shining Light","floor":4,"gold_loss":0,"cards_upgraded":["Headbutt","Entrench"]},{"damage_healed":0,"gold_gain":72,"player_choice":"Gained Gold","damage_taken":0,"max_hp_gain":0,"max_hp_loss":0,"event_name":"Golden Wing","floor":5,"gold_loss":0},{"damage_healed":0,"gold_gain":0,"player_choice":"Success","damage_taken":3,"relics_obtained":["Blood Vial"],"max_hp_gain":0,"max_hp_loss":0,"event_name":"Scrap Ooze","floor":8,"gold_loss":0},{"damage_healed":0,"gold_gain":0,"player_choice":"Read","damage_taken":0,"max_hp_gain":0,"max_hp_loss":0,"event_name":"The Library","floor":19,"gold_loss":0,"cards_obtained":["Pommel Strike"]},{"damage_healed":0,"gold_gain":99,"player_choice":"Stole From Cult","damage_taken":0,"max_hp_gain":0,"max_hp_loss":0,"event_name":"Nest","floor":21,"gold_loss":0},{"damage_healed":0,"gold_gain":0,"player_choice":"Upgraded","damage_taken":0,"max_hp_gain":0,"max_hp_loss":0,"event_name":"Upgrade Shrine","floor":24,"gold_loss":0,"cards_upgraded":["Demon Form"]},{"cards_removed":["Strike_R"],"damage_healed":0,"gold_gain":0,"player_choice":"Gave Gold","damage_taken":0,"max_hp_gain":0,"max_hp_loss":0,"event_name":"Beggar","floor":27,"gold_loss":75},{"damage_healed":0,"gold_gain":0,"player_choice":"Got Potions","damage_taken":0,"max_hp_gain":0,"max_hp_loss":0,"event_name":"Lab","floor":31,"gold_loss":0},{"damage_healed":38,"gold_gain":0,"player_choice":"Heal","damage_taken":0,"max_hp_gain":0,"max_hp_loss":0,"event_name":"MindBloom","floor":41,"gold_loss":0,"cards_obtained":["Doubt"]},{"damage_healed":0,"gold_gain":0,"cards_transformed":["Strike_R"],"player_choice":"Transformed","damage_taken":0,"max_hp_gain":0,"max_hp_loss":0,"event_name":"Transmorgrifier","floor":46,"gold_loss":0,"cards_obtained":["Metallicize"]}],"is_beta":false,"boss_relics":[{"not_picked":["Fusion Hammer","Astrolabe"],"picked":"Black Star"},{"not_picked":["SlaversCollar","Pandora\u0027s Box"],"picked":"Busted Crown"}],"items_purged_floors":[],"is_endless":false,"potions_floor_spawned":[1,10,20,29,37,45],"killed_by":"3 Darklings","ascension_level":0}}