{"host":"gpg7bsnoz2xmnozb","time":1613758572,"event":{"mods":["2.2 Compatiblity","AchievementEnabler","Act Like it!","Aspiration","BaseMod","Better Note","Better Third Choice","BetterRewards","Card Forge","Challenge The Spire","Colored Map","Colored Powertips","Conspire","DeckTracker","Downfall","Duelist Mod","Energized Spire","Friendly Minions","Gensokyo","GifTheSpireLib","Halation","Highlight Path","Hubris","Infinite Spire","Jorbs\u0027s Wanderer Trilogy","Marisa????????","Minty Spire (QoL Compilation)","Pale of the Ancients","Quick Restart","Rare Cards Sparkle","Relic Sorter","Relic Stats","Replay The Spire","Ruina","Shop Mod","Spicy Shops","Spikes Relics","StSLib","Stuff the Spire","SuperFastMode","Synergy Search","The Wild Card"],"gold_per_floor":[112,112,132,132,20,20,38,73,119,183,202,202,202,202,202,202,202],"floor_reached":16,"language":"ENG","playtime":1120,"items_purged":[],"score":98,"play_id":"be3e8ff0-da0d-4b68-a8d8-8b2b8da75dda","local_time":"20210219161612","is_ascension_mode":false,"campfire_choices":[{"data":"theWildCard:Arsene","floor":6,"key":"SMITH"},{"floor":12,"key":"REST"},{"floor":15,"key":"REST"}],"circlet_count":0,"master_deck":["theWildCard:BasicStrike","theWildCard:BasicStrike","theWildCard:BasicStrike","theWildCard:BasicStrike","theWildCard:BasicDefend","theWildCard:BasicDefend","theWildCard:BasicDefend","theWildCard:BasicDefend","theWildCard:CallToAdventure","theWildCard:Arsene+1","theWildCard:Metatron","theWildCard:MagicalMight","theWildCard:ArchaicAssault","theWildCard:ArcanaArtistry","theWildCard:SeveringSlash","theWildCard:MagicMettle","theWildCard:Thanatos","Pain"],"relics":["StuffTheSpire:OccultApparatus","Hammer of Thor","Seething Fire","Anvil of the Gods","Ring of Fury","ReplayTheSpireMod:Ring of Exchange","Bottled Flame","Blue Doll","SpikesRelics:DaevaFist","hubris:FruitBowl"],"acts_visited":["Exordium"],"potions_floor_usage":[],"damage_taken":[{"damage":1,"enemies":"2 Louse","floor":1,"turns":2},{"damage":1,"enemies":"Cultist","floor":3,"turns":3},{"damage":7,"enemies":"Small Slimes","floor":7,"turns":2},{"damage":19,"enemies":"Gremlin Nob","floor":8,"turns":4},{"damage":25,"enemies":"Lagavulin Event","floor":10,"turns":6},{"damage":0,"enemies":"Looter","floor":11,"turns":2},{"damage":43,"enemies":"The Guardian","floor":16,"turns":4}],"seed_played":"8498588910882957397","potions_obtained":[{"floor":1,"key":"BlessingOfTheForge"},{"floor":3,"key":"DuplicationPotion"},{"floor":8,"key":"CultistPotion"},{"floor":11,"key":"Venom Potion"}],"is_trial":false,"path_per_floor":["M","?","M","?","$","R","M","E","T","?","M","R","$","?","R","B"],"character_chosen":"THE_WILD_CARD","items_purchased":["theWildCard:ArchaicAssault","hubris:FruitBowl"],"campfire_rested":2,"item_purchase_floors":[5,13],"current_hp_per_floor":[65,65,64,64,64,64,57,38,38,22,22,41,22,22,41,0,0],"gold":202,"neow_bonus":"TEN_PERCENT_HP_BONUS","is_daily":false,"chose_seed":false,"campfire_upgraded":1,"win_rate":0.0,"timestamp":1613758572,"path_taken":["M","?","M","?","$","R","M","E","T","?","M","R","?","?","R","BOSS"],"items_purchased_type":["Card","Relic"],"build_version":"2020-12-22","purchased_purges":0,"victory":false,"max_hp_per_floor":[66,66,66,66,66,66,66,66,66,66,66,66,66,66,66,66,66],"relic_stats":{"counters":[7,23],"obtain_stats":[{"StuffTheSpire:OccultApparatus":4,"theWildCard:VelvetContract":0,"ReplayTheSpireMod:Ring of Exchange":2,"Bottled Flame":8,"Anvil of the Gods":0,"Ring of Fury":2,"Blue Doll":9,"hubris:FruitBowl":13,"Hammer of Thor":0,"SpikesRelics:DaevaFist":10,"Seething Fire":0},{"StuffTheSpire:OccultApparatus":2,"theWildCard:VelvetContract":0,"ReplayTheSpireMod:Ring of Exchange":1,"Bottled Flame":4,"Anvil of the Gods":0,"Ring of Fury":1,"Blue Doll":4,"hubris:FruitBowl":6,"Hammer of Thor":0,"SpikesRelics:DaevaFist":5,"Seething Fire":0},{"StuffTheSpire:OccultApparatus":5,"theWildCard:VelvetContract":0,"ReplayTheSpireMod:Ring of Exchange":2,"Bottled Flame":11,"Anvil of the Gods":0,"Ring of Fury":2,"Blue Doll":11,"hubris:FruitBowl":19,"Hammer of Thor":0,"SpikesRelics:DaevaFist":17,"Seething Fire":0}]},"card_choices":[{"not_picked":["theWildCard:Proficiency","theWildCard:Scathach"],"picked":"theWildCard:Metatron","floor":1},{"not_picked":["theWildCard:Attunement","theWildCard:StalwartBlade"],"picked":"theWildCard:MagicalMight","floor":3},{"not_picked":["theWildCard:ArcaneArts","theWildCard:SacrificialStroke"],"picked":"theWildCard:ArcanaArtistry","floor":7},{"not_picked":["theWildCard:MaskChange","theWildCard:ArcaneArts"],"picked":"theWildCard:SeveringSlash","floor":8},{"not_picked":["theWildCard:SacrificialStroke","theWildCard:ArcaneArts"],"picked":"theWildCard:MagicMettle","floor":10},{"not_picked":["theWildCard:MagicMettle","theWildCard:Odin"],"picked":"theWildCard:Thanatos","floor":11}],"player_experience":15967,"relics_obtained":[{"floor":2,"key":"Ring of Fury"},{"floor":2,"key":"ReplayTheSpireMod:Ring of Exchange"},{"floor":8,"key":"Bottled Flame"},{"floor":9,"key":"Blue Doll"},{"floor":10,"key":"SpikesRelics:DaevaFist"}],"event_choices":[{"damage_healed":0,"gold_gain":0,"player_choice":"Searched \u00272\u0027 times","damage_taken":0,"max_hp_gain":0,"max_hp_loss":0,"event_name":"Dead Adventurer","floor":10,"gold_loss":0},{"damage_healed":0,"gold_gain":0,"cards_transformed":["Hallucinations"],"player_choice":"Transformed","damage_taken":0,"max_hp_gain":0,"max_hp_loss":0,"event_name":"Transmorgrifier","floor":14,"gold_loss":0,"cards_obtained":["Pain"]}],"is_beta":false,"boss_relics":[],"items_purged_floors":[],"is_endless":false,"potions_floor_spawned":[1,3,8,11],"killed_by":"The Guardian","ascension_level":0}}