{"host":"zmr8u29ebzxwermy","time":1613704333,"event":{"mods":["BaseMod","BetterRewards","Colored Map","DeckTracker","Hermit","Minty Spire (QoL Compilation)","Quick Restart","Shop Mod","StSLib","SuperFastMode"],"gold_per_floor":[110,110,110,110,126,159,159,190,214,245,320,346,371,404,404,501,501,518,537,14,289,59,87,101,132,155,155,188,222,222,255,255,354,354,372,272,285,301,301,334,334,664,664,696,368,396,396,427,439,549,561,586,610,622,660,685,697,736,748,760,807,819,831,843,868,880,992,1004,1029,1041,1053,1065,1077,1089,1130,1176,1215,1227,1227],"floor_reached":78,"language":"KOR","playtime":1842,"items_purged":["Regret","hermit:Strike_Hermit","hermit:Strike_Hermit"],"score":2046,"play_id":"cbf26dbb-fb1a-43e9-b5b9-a17af988f89c","local_time":"20210219121213","daily_mods":["Vintage","Colorless Cards","Heirloom","Time Dilation","Flight","Elite Swarm"],"is_ascension_mode":false,"campfire_choices":[{"data":"hermit:BlackWind","floor":7.0,"key":"SMITH"},{"data":"hermit:FatalDesire","floor":15.0,"key":"SMITH"},{"data":"hermit:HeroicBravado","floor":27.0,"key":"SMITH"},{"data":"hermit:Covet","floor":30.0,"key":"SMITH"},{"data":"hermit:Strike_Hermit","floor":32.0,"key":"SMITH"},{"data":"hermit:Strike_Hermit","floor":41.0,"key":"SMITH"},{"data":"hermit:Glare","floor":47.0,"key":"SMITH"},{"data":"Master of Strategy","floor":49.0,"key":"SMITH"},{"data":"hermit:HeroicBravado","floor":57.0,"key":"SMITH"},{"data":"hermit:FlashPowder","floor":62.0,"key":"SMITH"},{"data":"hermit:Defend_Hermit","floor":63.0,"key":"SMITH"},{"data":"hermit:Defend_Hermit","floor":64.0,"key":"SMITH"},{"floor":66.0,"key":"REST"},{"floor":74.0,"key":"REST"}],"circlet_count":1,"master_deck":["hermit:Strike_Hermit+1","hermit:Strike_Hermit+1","hermit:Defend_Hermit+1","hermit:Defend_Hermit+1","hermit:Defend_Hermit+1","hermit:Defend_Hermit+1","hermit:Snapshot+1","hermit:Covet+1","hermit:BlackWind+1","hermit:FatalDesire+1","Master of Strategy+1","hermit:Quickdraw+1","hermit:HeroicBravado+1","hermit:HighCaliber+1","hermit:Gambit+1","hermit:Magnum+1","Master of Strategy+1","hermit:Roughhouse+1","hermit:Glare+1","hermit:BlackWind+1","hermit:FinalCanter+1","hermit:HeroicBravado+1","hermit:FlashPowder+1","hermit:RoundhouseKick+1"],"relics":["hermit:Momento","Incense Burner","TungstenRod","PreservedInsect","Mercury Hourglass","Potion Belt","Ancient Tea Set","Mango","Akabeko","Molten Egg 2","Sundial","Odd Mushroom","War Paint","SacredBark","hermit:Spyglass","Unceasing Top","Pen Nib","Vajra","MerchantsRug","Medical Kit","Gambling Chip","Dream Catcher","Darkstone Periapt","hermit:RyeStalk","White Beast Statue","Calipers","Lantern","Black Star","Oddly Smooth Stone","Anchor","Happy Flower","Blood Vial","Nunchaku","Kunai","Old Coin","Matryoshka","Art of War","Bag of Preparation","Strawberry","Omamori","MawBank","Regal Pillow","hermit:DentedPlate","Bronze Scales","Smiling Mask","Circlet","Tiny Chest","Toy Ornithopter","hermit:RedScarf","Juzu Bracelet","hermit:BartenderGlass","Frozen Egg 2","MutagenicStrength","Enchiridion"],"acts_visited":["Exordium","TheCity","TheBeyond","Exordium","TheCity"],"potions_floor_usage":[],"damage_taken":[{"damage":1.0,"enemies":"Jaw Worm","floor":1.0,"turns":3.0},{"damage":0.0,"enemies":"Small Slimes","floor":5.0,"turns":2.0},{"damage":10.0,"enemies":"Gremlin Nob","floor":6.0,"turns":3.0},{"damage":17.0,"enemies":"Lagavulin","floor":8.0,"turns":3.0},{"damage":0.0,"enemies":"3 Sentries","floor":10.0,"turns":3.0},{"damage":0.0,"enemies":"Lagavulin","floor":12.0,"turns":1.0},{"damage":6.0,"enemies":"The Mushroom Lair","floor":13.0,"turns":3.0},{"damage":0.0,"enemies":"Gremlin Nob","floor":14.0,"turns":2.0},{"damage":0.0,"enemies":"Slime Boss","floor":16.0,"turns":2.0},{"damage":0.0,"enemies":"Spheric Guardian","floor":18.0,"turns":3.0},{"damage":6.0,"enemies":"Shell Parasite","floor":19.0,"turns":5.0},{"damage":9.0,"enemies":"Book of Stabbing","floor":23.0,"turns":5.0},{"damage":8.0,"enemies":"Snake Plant","floor":24.0,"turns":3.0},{"damage":7.0,"enemies":"Slavers","floor":25.0,"turns":4.0},{"damage":0.0,"enemies":"Book of Stabbing","floor":28.0,"turns":2.0},{"damage":3.0,"enemies":"Gremlin Leader","floor":29.0,"turns":2.0},{"damage":0.0,"enemies":"Book of Stabbing","floor":31.0,"turns":3.0},{"damage":0.0,"enemies":"Automaton","floor":33.0,"turns":8.0},{"damage":0.0,"enemies":"Orb Walker","floor":35.0,"turns":2.0},{"damage":0.0,"enemies":"3 Darklings","floor":37.0,"turns":2.0},{"damage":4.0,"enemies":"Writhing Mass","floor":38.0,"turns":3.0},{"damage":0.0,"enemies":"Reptomancer","floor":40.0,"turns":3.0},{"damage":0.0,"enemies":"Nemesis","floor":42.0,"turns":3.0},{"damage":0.0,"enemies":"Giant Head","floor":44.0,"turns":7.0},{"damage":0.0,"enemies":"Nemesis","floor":46.0,"turns":1.0},{"damage":7.0,"enemies":"Reptomancer","floor":48.0,"turns":2.0},{"damage":0.0,"enemies":"Time Eater","floor":50.0,"turns":5.0},{"damage":0.0,"enemies":"Small Slimes","floor":52.0,"turns":1.0},{"damage":0.0,"enemies":"Cultist","floor":53.0,"turns":1.0},{"damage":0.0,"enemies":"The Mushroom Lair","floor":55.0,"turns":2.0},{"damage":0.0,"enemies":"Jaw Worm","floor":56.0,"turns":1.0},{"damage":0.0,"enemies":"Lagavulin","floor":58.0,"turns":1.0},{"damage":0.0,"enemies":"Gremlin Nob","floor":61.0,"turns":2.0},{"damage":0.0,"enemies":"Exordium Thugs","floor":65.0,"turns":1.0},{"damage":0.0,"enemies":"Slime Boss","floor":67.0,"turns":1.0},{"damage":0.0,"enemies":"2 Thieves","floor":69.0,"turns":1.0},{"damage":0.0,"enemies":"Slavers","floor":75.0,"turns":1.0},{"damage":0.0,"enemies":"Book of Stabbing","floor":76.0,"turns":1.0},{"damage":0.0,"enemies":"Slavers","floor":77.0,"turns":1.0}],"seed_played":"1688123586404233611","potions_obtained":[{"floor":1.0,"key":"hermit:BlackBile"},{"floor":6.0,"key":"Ancient Potion"},{"floor":12.0,"key":"Regen Potion"},{"floor":16.0,"key":"FearPotion"},{"floor":18.0,"key":"Swift Potion"},{"floor":25.0,"key":"Strength Potion"},{"floor":29.0,"key":"hermit:Tonic"},{"floor":31.0,"key":"SpeedPotion"},{"floor":33.0,"key":"CultistPotion"},{"floor":35.0,"key":"Dexterity Potion"},{"floor":37.0,"key":"Dexterity Potion"},{"floor":38.0,"key":"Dexterity Potion"},{"floor":46.0,"key":"hermit:BlackBile"},{"floor":50.0,"key":"Weak Potion"},{"floor":69.0,"key":"EntropicBrew"}],"is_trial":true,"path_per_floor":["M","?","?","T","M","E","R","E","T","E","?","E","?","E","R","B",null,"M","M","$","?","$","E","M","E","T","R","E","E","R","E","R","B",null,"M","$","M","M","?","E","R","E","T","E","$","E","R","E","R","B",null,"M","M","$","?","M","R","E","?","T","E","R","R","R","M","R","B",null,"M","?","?","?","?","R","E","E","E","$"],"character_chosen":"HERMIT","items_purchased":["Pen Nib","Vajra","MerchantsRug","hermit:HighCaliber+1","Medical Kit","Bag of Preparation","hermit:Glare"],"campfire_rested":2,"item_purchase_floors":[20,20,20,20,22,45,45],"current_hp_per_floor":[74,74,54,54,54,44,44,41,41,41,31,31,34,34,34,34,89,89,83,83,83,83,74,66,59,59,59,59,56,56,56,56,56,89,89,89,89,85,85,85,85,85,85,85,85,92,92,85,85,87,119,121,123,123,124,124,124,124,100,100,102,102,102,102,104,124,124,124,124,124,124,124,112,124,124,124,124,124,124],"gold":1227,"neow_bonus":"","is_daily":false,"chose_seed":false,"campfire_upgraded":12,"win_rate":0.0,"timestamp":1613704333,"path_taken":["M","?","?","?","?","E","R","E","T","E","?","E","?","E","R","BOSS","M","M","$","?","$","E","M","E","T","R","E","E","R","E","R","BOSS","M","$","?","M","?","E","R","E","T","E","$","E","R","E","R","BOSS","M","M","$","?","M","R","E","?","T","E","R","R","R","M","R","BOSS","M","?","?","?","?","R","E","E","E","$"],"items_purchased_type":["Relic","Relic","Relic","Card","Relic","Relic","Card"],"build_version":"2020-12-22","purchased_purges":3,"victory":false,"max_hp_per_floor":[75,75,75,75,75,75,75,89,89,89,89,89,89,89,89,89,89,89,89,89,89,89,89,89,89,89,89,89,89,89,89,89,89,89,89,89,89,89,85,85,85,85,85,85,85,92,92,92,92,92,124,124,124,124,124,124,124,124,124,124,124,124,124,124,124,124,124,124,124,124,124,124,124,124,124,124,124,124,124],"card_choices":[{"not_picked":["hermit:Dissolve","Transmutation"],"picked":"hermit:BlackWind","floor":6.0},{"not_picked":["hermit:Purgatory+1","hermit:RoundhouseKick+1"],"picked":"hermit:FatalDesire","floor":10.0},{"not_picked":["hermit:RoundhouseKick+1","hermit:HighNoon"],"picked":"Master of Strategy","floor":12.0},{"not_picked":["hermit:Cheat","hermit:CalledShot+1"],"picked":"hermit:Quickdraw+1","floor":13.0},{"not_picked":["Thinking Ahead","Violence"],"picked":"hermit:HeroicBravado","floor":16.0},{"not_picked":["hermit:FromBeyond","hermit:Reprieve"],"picked":"hermit:Gambit","floor":31.0},{"not_picked":["hermit:FinalCanter+1","hermit:HeroicBravado"],"picked":"hermit:Magnum+1","floor":33.0},{"not_picked":["hermit:Magnum+1","Transmutation"],"picked":"Master of Strategy","floor":42.0},{"not_picked":["The Bomb","Thinking Ahead"],"picked":"hermit:Roughhouse+1","floor":44.0},{"not_picked":["hermit:HighNoon","Chrysalis"],"picked":"hermit:BlackWind+1","floor":46.0},{"not_picked":["Transmutation","hermit:Dissolve"],"picked":"hermit:FinalCanter+1","floor":48.0},{"not_picked":["Thinking Ahead","hermit:Purgatory+1"],"picked":"hermit:HeroicBravado","floor":50.0},{"not_picked":["Jack Of All Trades","hermit:SprayPray+1"],"picked":"hermit:FlashPowder","floor":55.0},{"not_picked":["Apotheosis","hermit:Gambit"],"picked":"hermit:RoundhouseKick+1","floor":67.0}],"player_experience":398048,"relics_obtained":[{"floor":1.0,"key":"TungstenRod"},{"floor":4.0,"key":"Mercury Hourglass"},{"floor":5.0,"key":"Potion Belt"},{"floor":6.0,"key":"Ancient Tea Set"},{"floor":8.0,"key":"Mango"},{"floor":9.0,"key":"Akabeko"},{"floor":10.0,"key":"Molten Egg 2"},{"floor":12.0,"key":"Sundial"},{"floor":13.0,"key":"Odd Mushroom"},{"floor":14.0,"key":"War Paint"},{"floor":18.0,"key":"hermit:Spyglass"},{"floor":19.0,"key":"Unceasing Top"},{"floor":23.0,"key":"Gambling Chip"},{"floor":24.0,"key":"Dream Catcher"},{"floor":25.0,"key":"Darkstone Periapt"},{"floor":26.0,"key":"hermit:RyeStalk"},{"floor":28.0,"key":"White Beast Statue"},{"floor":29.0,"key":"Calipers"},{"floor":31.0,"key":"Lantern"},{"floor":35.0,"key":"Oddly Smooth Stone"},{"floor":37.0,"key":"Anchor"},{"floor":38.0,"key":"Happy Flower"},{"floor":40.0,"key":"Blood Vial"},{"floor":40.0,"key":"Nunchaku"},{"floor":42.0,"key":"Kunai"},{"floor":42.0,"key":"Old Coin"},{"floor":43.0,"key":"Matryoshka"},{"floor":44.0,"key":"Art of War"},{"floor":46.0,"key":"Strawberry"},{"floor":46.0,"key":"Omamori"},{"floor":48.0,"key":"MawBank"},{"floor":48.0,"key":"Regal Pillow"},{"floor":52.0,"key":"Bronze Scales"},{"floor":53.0,"key":"Smiling Mask"},{"floor":55.0,"key":"Circlet"},{"floor":56.0,"key":"Tiny Chest"},{"floor":60.0,"key":"Toy Ornithopter"},{"floor":60.0,"key":"hermit:RedScarf"},{"floor":65.0,"key":"Juzu Bracelet"},{"floor":69.0,"key":"Frozen Egg 2"},{"floor":73.0,"key":"Enchiridion"}],"event_choices":[{"damage_healed":0.0,"max_hp_gain":0.0,"max_hp_loss":0.0,"gold_gain":0.0,"event_name":"Living Wall","player_choice":"Grow","floor":2.0,"gold_loss":0.0,"damage_taken":0.0,"cards_upgraded":["hermit:Snapshot"]},{"damage_healed":0.0,"max_hp_gain":0.0,"max_hp_loss":0.0,"gold_gain":0.0,"event_name":"Scrap Ooze","player_choice":"Success","floor":3.0,"gold_loss":0.0,"damage_taken":25.0,"relics_obtained":["PreservedInsect"]},{"damage_healed":0.0,"max_hp_gain":0.0,"max_hp_loss":0.0,"gold_gain":75.0,"event_name":"World of Goop","player_choice":"Gather Gold","floor":11.0,"gold_loss":0.0,"damage_taken":11.0},{"damage_healed":0.0,"max_hp_gain":0.0,"max_hp_loss":0.0,"gold_gain":0.0,"event_name":"Mushrooms","player_choice":"Fought Mushrooms","floor":13.0,"gold_loss":0.0,"damage_taken":0.0},{"damage_healed":0.0,"max_hp_gain":0.0,"max_hp_loss":0.0,"gold_gain":275.0,"event_name":"Golden Shrine","player_choice":"Desecrate","floor":21.0,"gold_loss":0.0,"damage_taken":0.0,"cards_obtained":["Regret"]},{"damage_healed":0.0,"max_hp_gain":0.0,"max_hp_loss":4.0,"gold_gain":0.0,"event_name":"Winding Halls","player_choice":"Max HP","floor":39.0,"gold_loss":0.0,"damage_taken":0.0},{"damage_healed":0.0,"max_hp_gain":0.0,"max_hp_loss":0.0,"gold_gain":0.0,"event_name":"Mushrooms","player_choice":"Fought Mushrooms","floor":55.0,"gold_loss":0.0,"damage_taken":0.0},{"damage_healed":0.0,"max_hp_gain":0.0,"max_hp_loss":0.0,"gold_gain":0.0,"event_name":"Shining Light","player_choice":"Entered Light","floor":59.0,"gold_loss":0.0,"damage_taken":25.0,"cards_upgraded":["hermit:Gambit","hermit:Defend_Hermit"]},{"damage_healed":0.0,"max_hp_gain":0.0,"max_hp_loss":0.0,"gold_gain":0.0,"event_name":"Match and Keep!","player_choice":"0 cards matched","floor":70.0,"gold_loss":0.0,"damage_taken":0.0,"cards_obtained":[]},{"damage_healed":0.0,"max_hp_gain":0.0,"max_hp_loss":0.0,"gold_gain":0.0,"event_name":"Vampires","player_choice":"Ignored","floor":71.0,"gold_loss":0.0,"damage_taken":0.0},{"damage_healed":0.0,"max_hp_gain":0.0,"max_hp_loss":0.0,"gold_gain":0.0,"event_name":"Drug Dealer","player_choice":"Inject Mutagens","floor":72.0,"gold_loss":0.0,"damage_taken":0.0,"relics_obtained":["MutagenicStrength"]},{"damage_healed":0.0,"max_hp_gain":0.0,"max_hp_loss":0.0,"gold_gain":0.0,"event_name":"Cursed Tome","player_choice":"Obtained Book","floor":73.0,"gold_loss":0.0,"damage_taken":16.0}],"is_beta":false,"boss_relics":[{"not_picked":["Pandora\u0027s Box","Busted Crown"],"picked":"SacredBark"},{"not_picked":["SlaversCollar","Tiny House"],"picked":"Black Star"},{"not_picked":["Fusion Hammer","Velvet Choker"],"picked":"hermit:DentedPlate"},{"not_picked":["hermit:ClaspedLocket","Sozu"],"picked":"hermit:BartenderGlass"}],"items_purged_floors":[22,36,45],"is_endless":true,"potions_floor_spawned":[1,6,12,16,18,25,29,31,33,35,37,38,40,42,44,46,48,50,52,53,55,56,58,61,65,67,69,75,76,77],"ascension_level":0}}