{"host":"Aki","time":1613738196,"event":{"mods":["ATMod(°¢èªMod)","Act Like it!","BaseMod","Better Vampires","Challenge The Spire","Colored Powertips","Custom Start","Energized Spire","Minty Spire (QoL Compilation)","MostiFishMod","Quick Restart","StSLib","Waifu the Spire","Youmu£¨»êÆÇÑýÃÎ£©","noobMod","¡¾ÒÅÎï¿¨ÅÆ¡¿REMEMod"],"gold_per_floor":[114,130,130,145,70,102,102,116,143,160,160,60,78,78,78,183,183,203,216,226,226,101,134,148,181,230,230,230,330,330,375,375,545,545,580,674,712,853,703,703,738,738,738,796,913,539,539,584,584,634],"floor_reached":51,"language":"ZHS","playtime":2029,"items_purged":["Strike_G","Strike_G","Strike_G","Defend_G","Strike_G+1"],"score":1158,"play_id":"10dfb400-d892-419a-bf9f-c9565a956b06","local_time":"20210219203636","is_ascension_mode":true,"campfire_choices":[{"data":"Blade Dance","floor":7.0,"key":"SMITH"},{"floor":15.0,"key":"REST"},{"data":"Acrobatics","floor":27.0,"key":"SMITH"},{"data":"Accuracy","floor":30.0,"key":"SMITH"},{"data":"Blade Dance","floor":32.0,"key":"SMITH"},{"data":"Terror","floor":40.0,"key":"SMITH"},{"data":"Prepared","floor":42.0,"key":"SMITH"},{"data":"Prepared","floor":47,"key":"SMITH"},{"data":"MostiFishMod:PerfectParry","floor":49,"key":"SMITH"}],"circlet_count":0,"master_deck":["Defend_G","Defend_G","Defend_G","Defend_G","Survivor","Neutralize+1","Blade Dance+1","MostiFishMod:PerfectParry+1","Accuracy+1","Blade Dance+1","Acrobatics+1","MostiFishMod:PerfectParry","MostiFishMod:LethalBlade","Adrenaline","Die Die Die","Distraction","Terror+1","MostiFishMod:PerfectParry+1","Tactician+1","Concentrate+1","Expertise+1","Reflex+1","Prepared+1","AT_FocusSwordFire+1","Acrobatics+1","Prepared+1","Prepared+1"],"relics":["Ring of the Snake","ice","AT_ATBox","REME_ComplimentaryCards","DaveBox","xbg","Prayer Wheel","SynthV:TestCard","Lantern","Sozu","AT_SpeedBoots","HornCleat","AT_MibuBalloonWealth","Centennial Puzzle","Molten Egg 2","energizedSpire:EnergizedDie","Regal Pillow","DollysMirror"],"acts_visited":["Exordium","TheCity","TheBeyond"],"potions_floor_usage":[],"damage_taken":[{"damage":0.0,"enemies":"Cultist","floor":1.0,"turns":4.0},{"damage":4.0,"enemies":"Small Slimes","floor":2.0,"turns":3.0},{"damage":1.0,"enemies":"Jaw Worm","floor":4.0,"turns":3.0},{"damage":20.0,"enemies":"Gremlin Nob","floor":6.0,"turns":4.0},{"damage":0.0,"enemies":"Blue Slaver","floor":8.0,"turns":2.0},{"damage":0.0,"enemies":"Exordium Thugs","floor":10.0,"turns":4.0},{"damage":0.0,"enemies":"Red Slaver","floor":13.0,"turns":2.0},{"damage":0.0,"enemies":"Hexaghost","floor":16.0,"turns":9.0},{"damage":0.0,"enemies":"3 Byrds","floor":18.0,"turns":4.0},{"damage":0.0,"enemies":"Spheric Guardian","floor":19.0,"turns":3.0},{"damage":0.0,"enemies":"Snecko","floor":20.0,"turns":3.0},{"damage":0.0,"enemies":"Slavers","floor":23.0,"turns":4.0},{"damage":0.0,"enemies":"Chosen and Byrds","floor":24.0,"turns":2.0},{"damage":7.0,"enemies":"Gremlin Leader","floor":25.0,"turns":4.0},{"damage":6.0,"enemies":"Slavers","floor":29.0,"turns":5.0},{"damage":0.0,"enemies":"Snake Plant","floor":31.0,"turns":2.0},{"damage":17.0,"enemies":"Collector","floor":33.0,"turns":5.0},{"damage":0.0,"enemies":"Orb Walker","floor":35.0,"turns":2.0},{"damage":0.0,"enemies":"3 Shapes","floor":36.0,"turns":4.0},{"damage":23.0,"enemies":"Writhing Mass","floor":37.0,"turns":4.0},{"damage":0.0,"enemies":"3 Darklings","floor":38.0,"turns":3.0},{"damage":3.0,"enemies":"Transient","floor":41.0,"turns":5.0},{"damage":0,"enemies":"Nemesis","floor":44,"turns":3},{"damage":0,"enemies":"4 Shapes","floor":45,"turns":2},{"damage":0,"enemies":"Maw","floor":48,"turns":3},{"damage":0,"enemies":"Donu and Deca","floor":50,"turns":1}],"seed_played":"2498868887053024560","potions_obtained":[{"floor":1.0,"key":"GamblersBrew"},{"floor":4.0,"key":"AttackPotion"},{"floor":6.0,"key":"SkillPotion"}],"is_trial":false,"path_per_floor":["M","M","?","M","$","E","R","M","T","M","?","$","M","$","R","B",null,"M","M","M","?","$","E","M","E","T","R","?","E","R","M","R","B",null,"M","M","M","M","$","R","M","R","T","E","M","$","R","M","R","B",null],"character_chosen":"THE_SILENT","items_purchased":["DollysMirror","Prepared"],"campfire_rested":1,"item_purchase_floors":[46,46],"current_hp_per_floor":[49,45,31,30,30,10,10,10,10,10,3,3,3,3,24,24,59,59,59,59,59,59,59,59,52,52,52,52,46,46,46,46,29,60,60,60,37,37,37,37,34,34,34,34,34,34,34,34,34,34],"gold":634,"neow_bonus":"ONE_RARE_RELIC","is_daily":false,"chose_seed":false,"campfire_upgraded":8,"win_rate":0.0,"timestamp":1613738196,"path_taken":["M","?","?","M","$","E","R","M","T","M","?","?","?","?","R","BOSS","M","M","M","?","$","E","M","E","T","R","?","E","R","M","R","BOSS","M","M","M","M","$","R","M","R","T","E","M","$","R","M","R","BOSS"],"items_purchased_type":["Relic","Card"],"build_version":"2020-12-18","purchased_purges":5,"victory":true,"max_hp_per_floor":[70,70,70,70,70,70,70,70,70,70,70,70,70,70,70,70,70,70,70,70,70,70,70,70,70,70,70,70,70,70,70,70,70,70,70,70,70,70,70,70,70,70,70,70,70,70,70,70,70,70],"card_choices":[{"not_picked":["Leg Sweep","Underhanded Strike"],"picked":"Blade Dance","floor":1.0},{"not_picked":["PiercingWail","Masterful Stab"],"picked":"Noxious Fumes","floor":1.0},{"not_picked":["Outmaneuver","AT_TinkerSharpsword","Sucker Punch","Blade Dance"],"picked":"MostiFishMod:PerfectParry","floor":2.0},{"not_picked":["Eviscerate","REME_ShadowStrike","Terror","Deadly Poison"],"picked":"Accuracy","floor":2.0},{"not_picked":["Cloak And Dagger","Accuracy","MostiFishMod:FrostNova","Deflect"],"picked":"Blade Dance","floor":4.0},{"not_picked":["Tools of the Trade","MostiFishMod:PerfectParry","Dagger Spray","Prepared","AT_WindFlip"],"picked":"SKIP","floor":4.0},{"not_picked":["Poisoned Stab","Dagger Spray","MostiFishMod:PoisonShield","Dodge and Roll"],"picked":"Acrobatics","floor":6.0},{"not_picked":["Outmaneuver","Slice","Dagger Spray","PiercingWail","Dodge and Roll"],"picked":"SKIP","floor":8.0},{"not_picked":["Poisoned Stab","Deflect","MostiFishMod:PerfectParry","A Thousand Cuts","Prepared"],"picked":"SKIP","floor":8.0},{"not_picked":["Poisoned Stab","Deflect","A Thousand Cuts","Prepared"],"picked":"MostiFishMod:PerfectParry","floor":8.0},{"not_picked":["Outmaneuver","Slice","Dagger Spray","PiercingWail","Dodge and Roll"],"picked":"SKIP","floor":8.0},{"not_picked":["Outmaneuver","MostiFishMod:FrostNova","REME_GreenPollution","Acrobatics","Flying Knee"],"picked":"SKIP","floor":10.0},{"not_picked":["Bane","Dodge and Roll","Cloak And Dagger","Outmaneuver","MostiFishMod:PerfectParry"],"picked":"SKIP","floor":10.0},{"not_picked":["Endless Agony","Quick Slash","MostiFishMod:PoisonShield","Deadly Poison"],"picked":"Backflip","floor":13.0},{"not_picked":["Outmaneuver","Flying Knee","Prepared","Poisoned Stab","Dagger Throw"],"picked":"SKIP","floor":13.0},{"not_picked":["Phantasmal Killer","MostiFishMod:SpreadingSpore","Glass Knife","MostiFishMod:Wind"],"picked":"MostiFishMod:LethalBlade","floor":16.0},{"not_picked":["Masterful Stab","Acrobatics","AT_WindFlip","Slice","Dagger Throw"],"picked":"SKIP","floor":18.0},{"not_picked":["Deflect+1","Noxious Fumes","Cloak And Dagger","MostiFishMod:InvigoratingSolution","Dagger Spray"],"picked":"SKIP","floor":18.0},{"not_picked":["Quick Slash","AT_KneejerkReflex+1","Endless Agony","Finisher","AT_WindRun"],"picked":"SKIP","floor":19.0},{"not_picked":["Acrobatics","Dodge and Roll+1","AT_WindFlip","Sucker Punch+1","Deflect+1"],"picked":"SKIP","floor":19.0},{"not_picked":["Backflip","PiercingWail+1","Distraction","AT_ThistleTea"],"picked":"Adrenaline","floor":20.0},{"not_picked":["Caltrops+1","Flying Knee+1","Dagger Throw","Noxious Fumes","Sucker Punch"],"picked":"SKIP","floor":20.0},{"not_picked":["Underhanded Strike","Quick Slash+1","A Thousand Cuts","Outmaneuver","Deadly Poison"],"picked":"SKIP","floor":23.0},{"not_picked":["Blade Dance","MostiFishMod:PoisonShield","Endless Agony+1","Noxious Fumes+1","Crippling Poison"],"picked":"SKIP","floor":24.0},{"not_picked":["Slice","Dagger Spray+1","Escape Plan","Expertise","Dodge and Roll"],"picked":"SKIP","floor":24.0},{"not_picked":["Distraction+1","AT_ThistleTea","Leg Sweep+1","Acrobatics","MostiFishMod:PerfectParry"],"picked":"SKIP","floor":25.0},{"not_picked":["AT_ArcaneSupremacy","MostiFishMod:PreservedThorns","PiercingWail+1","MostiFishMod:FullyArmed","Poisoned Stab+1"],"picked":"SKIP","floor":29.0},{"not_picked":["Expertise","Deadly Poison","Deflect","AT_WindFlip+1"],"picked":"Terror","floor":31.0},{"not_picked":["Blade Dance","Dagger Throw+1","Quick Slash+1","Cloak And Dagger","Corpse Explosion"],"picked":"SKIP","floor":31.0},{"not_picked":["Slice+1","Heel Hook+1","Blade Dance+1","Quick Slash+1"],"picked":"MostiFishMod:PerfectParry+1","floor":35.0},{"not_picked":["Deflect+1","Cloak And Dagger+1","REME_ShadowStrike+1","Dagger Spray+1"],"picked":"Tactician+1","floor":35.0},{"not_picked":["Well Laid Plans","Glass Knife+1","Riddle With Holes+1","Dodge and Roll","Dagger Spray+1"],"picked":"SKIP","floor":36.0},{"not_picked":["Slice+1","AT_WindRun+1","Cloak And Dagger","Bane+1","Endless Agony+1"],"picked":"SKIP","floor":36.0},{"not_picked":["Flying Knee+1","Dagger Throw+1","AT_TinkerSharpsword","Burst"],"picked":"Concentrate+1","floor":37.0},{"not_picked":["Slice+1","Backflip","Quick Slash+1","Backstab+1","AT_ShadowStep"],"picked":"SKIP","floor":37.0},{"not_picked":["PiercingWail","Prepared","MostiFishMod:InvigoratingSolution+1","Endless Agony+1"],"picked":"Expertise+1","floor":38.0},{"not_picked":["PiercingWail+1","MostiFishMod:PoisonShield","Underhanded Strike+1","Dash+1"],"picked":"Reflex+1","floor":38.0},{"not_picked":["Leg Sweep","Heel Hook+1","Caltrops+1","Underhanded Strike+1"],"picked":"Prepared","floor":41.0},{"not_picked":["Leg Sweep","Deadly Poison+1","Distraction+1","Bane+1","All Out Attack+1"],"picked":"SKIP","floor":41.0},{"not_picked":["Setup","MostiFishMod:GrandStart+1","Backstab+1","AT_WindFlip+1","Outmaneuver"],"picked":"SKIP","floor":44},{"not_picked":["Tactician+1","Choke+1","Adrenaline","Deadly Poison"],"picked":"AT_FocusSwordFire+1","floor":45},{"not_picked":["AT_WindFlip+1","Slice+1","Masterful Stab+1","Choke+1","Blade Dance"],"picked":"SKIP","floor":45},{"not_picked":["Slice+1","Riddle With Holes+1","Poisoned Stab+1","Acrobatics"],"picked":"Prepared+1","floor":48},{"not_picked":["Sucker Punch+1","PiercingWail","Eviscerate+1","Deflect+1","MostiFishMod:VineMother+1"],"picked":"SKIP","floor":48}],"player_experience":81099,"relics_obtained":[{"floor":1.0,"key":"SynthV:TestCard"},{"floor":6.0,"key":"Lantern"},{"floor":23.0,"key":"AT_SpeedBoots"},{"floor":25.0,"key":"HornCleat"},{"floor":26.0,"key":"AT_MibuBalloonWealth"},{"floor":29.0,"key":"Molten Egg 2"},{"floor":44,"key":"Regal Pillow"}],"event_choices":[{"damage_healed":0.0,"max_hp_gain":0.0,"max_hp_loss":0.0,"gold_gain":0.0,"event_name":"Shining Light","player_choice":"Entered Light","floor":3.0,"gold_loss":0.0,"damage_taken":14.0,"cards_upgraded":["Strike_G","Neutralize"]},{"cards_removed":["Strike_G"],"damage_healed":0.0,"max_hp_gain":0.0,"max_hp_loss":0.0,"gold_gain":0.0,"event_name":"Golden Wing","player_choice":"Card Removal","floor":11.0,"gold_loss":0.0,"damage_taken":7.0},{"damage_healed":0.0,"max_hp_gain":0.0,"max_hp_loss":0.0,"gold_gain":0.0,"cards_transformed":["Noxious Fumes","Backflip"],"event_name":"Drug Dealer","player_choice":"Became Test Subject","floor":21.0,"gold_loss":0.0,"damage_taken":0.0,"cards_obtained":["Die Die Die","Distraction"]},{"damage_healed":0.0,"max_hp_gain":0.0,"max_hp_loss":0.0,"gold_gain":0.0,"event_name":"WeMeetAgain","player_choice":"Gave Potion","floor":28.0,"gold_loss":0.0,"damage_taken":0.0,"relics_obtained":["Centennial Puzzle"]}],"is_beta":true,"boss_relics":[{"not_picked":["Busted Crown","Fusion Hammer"],"picked":"Sozu"},{"not_picked":["Transparent","Empty Cage"],"picked":"energizedSpire:EnergizedDie"}],"items_purged_floors":[5,12,22,39,46],"is_endless":false,"potions_floor_spawned":[1,4,6,10,16,19,20,24,36,41,45],"ascension_level":5}}