{"host":"fzl2gct1s6djhl0r","time":1613762441,"event":{"mods":["AchievementEnabler","Act Like it!","Aspiration","BaseMod","Colored Map","Colored Powertips","Dota2Spire","Friendly Minions","Gensokyo","GifTheSpireLib","Hallownest","Hermit","Highlight Path","KinomotoSakuraMod(木之本樱)","Koishi","Lobotomy","LobotomyExtend","Marisa（F雨　魔理沙）","Minty Spire (QoL Compilation)","Quick Restart","Rare Cards Sparkle","Relic Stats","Remilia（蕾米莉亚）","Replay The Spire","RumiaBox-露米娅的神秘盒子","Spicy Shops","StSLib","The Administrix","The Animator","The Blackbeard","The Bug Knight","The Cursed","The Hierophant","The Mystic","The Runesmith","The Servant 0.9.4","Yakumo Yukari mod","Youmu（魂魄妖梦）","Yuyuko","【功能Mod】混沌之环修复补丁","【功能Mod】聪明的最终Boss"],"gold_per_floor":[111,0,0,19,29,64,64,84,84,102,135,0,0,0,0,101,101,115,456,472,427,51,51,77,94,139,139,153,147,164,65,131,229,229,239,239,250,261,272,297,297,308,308,52,83,8,18,18,18,18,18,18,17,42,42],"floor_reached":56,"language":"ZHS","playtime":5970,"items_purged":["Strike_S","Pain"],"score":1714,"play_id":"055e90c0-9851-4ea3-929f-1dc41d497110","local_time":"20210220032041","is_ascension_mode":false,"campfire_choices":[{"floor":7,"key":"RECALL"},{"data":"SilverBlades","floor":15,"key":"SMITH"},{"data":"Duplication","floor":23,"key":"SMITH"},{"floor":41,"key":"REST"},{"data":"Secret Technique","floor":49,"key":"SMITH"},{"data":"Runesmith:CraftIndustria","floor":52,"key":"SMITH"}],"circlet_count":0,"master_deck":["KidneyShot","Exchange","Revamp","Masterful Stab","RealityMarble","SurpressingFire","Pot Of Greed","Pot Of Greed","SilverBlades+1","Shuttle","Starlight","Snipe","Envy_TH","GearUp","Gouge+1","Defy","PendulumOfEternity","Duplication+1","Runesmith:CraftVitae+1","Pot Of Greed","BottledTime","aspiration:UnbridledHammer","Starlight+1","Runesmith:BackupBattery","Secret Technique+1","Master of Strategy","Sadistic Nature","Runesmith:Attraction","Runesmith:Repurpose","TheCursedMod:Dregs","Runesmith:HammerThrow+1","Hallucinations","Pot Of Greed","CommonCold","SpecialFormula","SurpressingFire+1","InstantArmor","Reset","Reset","Runesmith:EnergizedChisel","Runesmith:UnlimitedPower","Runesmith:HammerThrow+1","Foresight+1","Runesmith:WhiteBalance+1","Runesmith:CraftIndustria+1","Luminosity+1","Shuttle","Runesmith:Reinforce+1","Runesmith:CraftPrismatica+1","SurpressingFire","Comet+1","Hallownest:curseDreamersLament","SilverBlades","Runesmith:FissionHammer","Runesmith:Permafrost+1","Pot Of Greed","FloweringNight"],"relics":["Uniform","ReplayTheSpireMod:Ring of Addiction","White Beast Statue","Toy Ornithopter","Ring of Misfortune","LetterFromLob","Hallownest:BankAccountRelic","Grinning Jar","MagicDraw1","Blue Doll","ReplayTheSpireMod:CursedCoin","Runesmith:Locket","Calipers","Replay:PocketPolymizer","aspiration:RunesmithSkillbook","Old Coin","Baka2","ReplayTheSpireMod:ShopPack","Dota2Spire:Butterfly","Dota2Spire:Satanic","GodSword6","Philosopher\u0027s Stone","MagicDraw3","aspiration:AnachronicSnailShell","Nunchaku","MoreBug","Dota2Spire:MantaStyle","Hallownest:BeastSealRelic","Dota2Spire:BattleFury"],"acts_visited":["Hallownest:Greenpath","Hallownest:CityofTears","Hallownest:KingdomsEdge","TheEnding"],"potions_floor_usage":[11,39,40],"damage_taken":[{"damage":1,"enemies":"2_ Uuma","floor":1,"turns":6},{"damage":0,"enemies":"Hallownest:monsterHuskWarrior","floor":4,"turns":3},{"damage":0,"enemies":"Hallownest:2_Tiktiks_and_1_Crawlid","floor":5,"turns":1},{"damage":8,"enemies":"Hallownest:eliteVengeflyKing","floor":6,"turns":7},{"damage":3,"enemies":"Hallownest:MossCreep_and_Mosskin","floor":8,"turns":5},{"damage":0,"enemies":"Hallownest:monsterFoolEater","floor":10,"turns":1},{"damage":16,"enemies":"Hallownest:eliteCrystalGuardian","floor":11,"turns":9},{"damage":0,"enemies":"Hallownest:monsterAspidMother","floor":13,"turns":2},{"damage":0,"enemies":"Hallownest:BossFalseKnight","floor":16,"turns":5},{"damage":1,"enemies":"Hallownest:Guard_and_Sentry","floor":18,"turns":6},{"damage":4,"enemies":"Hallownest:2_Mistakes","floor":20,"turns":5},{"damage":0,"enemies":"Hallownest:Nosk","floor":24,"turns":3},{"damage":32,"enemies":"Hallownest:monsterMisterMushroom","floor":25,"turns":7},{"damage":8,"enemies":"Hallownest:Warrior_and_Youth","floor":28,"turns":4},{"damage":15,"enemies":"Hallownest:monsterShrumalOgre","floor":29,"turns":5},{"damage":13,"enemies":"Hallownest:Master_and_Novice","floor":30,"turns":4},{"damage":2,"enemies":"Hallownest:BossGrimm","floor":33,"turns":3},{"damage":40,"enemies":"Hallownest:Shield_Heavy","floor":35,"turns":4},{"damage":9,"enemies":"Hallownest:2_Littles","floor":37,"turns":5},{"damage":13,"enemies":"Hallownest:2_Great","floor":38,"turns":4},{"damage":30,"enemies":"Hallownest:monsterPrimalAspid","floor":39,"turns":4},{"damage":22,"enemies":"Hallownest:eliteHiveKnight","floor":40,"turns":4},{"damage":22,"enemies":"Hallownest:Shield_Sturdy","floor":42,"turns":2},{"damage":0,"enemies":"Hallownest:eliteCollector","floor":45,"turns":5},{"damage":0,"enemies":"Hallownest:Xero_Hu_Marmu","floor":47,"turns":5},{"damage":0,"enemies":"Hallownest:Radiance","floor":50,"turns":5},{"damage":21,"enemies":"Shield and Spear","floor":54,"turns":4},{"damage":0,"enemies":"The Heart","floor":55,"turns":7}],"seed_played":"-2514094132227060435","potions_obtained":[{"floor":0,"key":"Flashbang"},{"floor":0,"key":"FearPotion"},{"floor":0,"key":"Fire Potion"},{"floor":1,"key":"Milkshake"},{"floor":4,"key":"SneckoOil"},{"floor":11,"key":"Dota2Spire:HealingSalve"},{"floor":35,"key":"Elixir"},{"floor":39,"key":"CultistPotion"},{"floor":40,"key":"Adrenaline Potion"}],"is_trial":false,"path_per_floor":["M","?","?","M","M","E","R","M","T","M","E","$","M","?","R","B",null,"M","?","M","?","$","R","E","M","T","?","M","M","M","$","R_BF","B",null,"M","?","M","M","M","E","R","M","T","$","E","?","M","?","R","B",null,"R","$","E","B",null],"character_chosen":"THE_SERVANT","items_purchased":["ReplayTheSpireMod:CursedCoin","GearUp","Gouge+1","Runesmith:Locket","ReplayTheSpireMod:ShopPack","Starlight+1","Runesmith:BackupBattery","Dota2Spire:Butterfly","GodSword6","Reset","Runesmith:CraftPrismatica+1","SurpressingFire","Runesmith:Permafrost+1"],"campfire_rested":1,"item_purchase_floors":[12,12,12,12,22,22,22,22,31,31,44,44,53],"current_hp_per_floor":[64,64,64,63,63,63,63,60,60,60,49,49,49,21,21,21,87,84,84,83,81,81,81,79,65,65,65,57,57,56,56,56,54,71,36,51,47,34,26,17,37,15,15,15,20,20,63,63,63,61,61,61,59,46,3],"gold":42,"neow_bonus":"RANDOM_EVENT","is_daily":false,"chose_seed":false,"campfire_upgraded":4,"win_rate":0.0,"timestamp":1613762441,"path_taken":["M","?","?","?","M","E","R","M","T","M","E","?","M","?","R","BOSS","M","?","M","?","$","R","E","M","T","?","M","M","M","$","R_BF","BOSS","M","?","M","M","M","E","R","M","T","$","E","?","M","?","R","BOSS","R","$","E","BOSS"],"items_purchased_type":["Relic","Card","Card","Relic","Relic","Card","Card","Relic","Relic","Card","Card","Card","Card"],"build_version":"2020-12-22","purchased_purges":2,"victory":true,"max_hp_per_floor":[65,65,65,93,93,93,91,91,91,89,89,89,89,89,87,87,87,85,85,83,81,81,81,79,79,79,77,77,75,73,73,73,71,71,71,69,69,69,67,67,67,67,67,65,65,65,63,63,63,61,61,61,59,59,59],"relic_stats":{"Nunchaku":[5],"counters":[28,125],"obtain_stats":[{"Calipers":14,"Replay:PocketPolymizer":14,"Runesmith:Locket":12,"Blue Doll":11,"Uniform":0,"MagicDraw3":40,"MagicDraw1":9,"Old Coin":19,"Dota2Spire:Satanic":24,"Baka2":20,"Nunchaku":45,"aspiration:AnachronicSnailShell":43,"Philosopher\u0027s Stone":34,"Hallownest:BeastSealRelic":48,"MoreBug":45,"Dota2Spire:MantaStyle":46,"ReplayTheSpireMod:CursedCoin":12,"ReplayTheSpireMod:Ring of Addiction":0,"Dota2Spire:BattleFury":54,"Baka":1,"White Beast Statue":0,"Dota2Spire:Butterfly":22,"Hallownest:BankAccountRelic":2,"Ring of Misfortune":0,"aspiration:RunesmithSkillbook":17,"LetterFromLob":1,"GodSword6":31,"Grinning Jar":6,"Toy Ornithopter":0,"ReplayTheSpireMod:ShopPack":22},{"Calipers":8,"Replay:PocketPolymizer":8,"Runesmith:Locket":7,"Blue Doll":7,"Uniform":0,"MagicDraw3":22,"MagicDraw1":5,"Old Coin":10,"Dota2Spire:Satanic":12,"Baka2":11,"Nunchaku":24,"aspiration:AnachronicSnailShell":23,"Philosopher\u0027s Stone":17,"Hallownest:BeastSealRelic":25,"MoreBug":24,"Dota2Spire:MantaStyle":24,"ReplayTheSpireMod:CursedCoin":7,"ReplayTheSpireMod:Ring of Addiction":0,"Dota2Spire:BattleFury":27,"Baka":1,"White Beast Statue":0,"Dota2Spire:Butterfly":11,"Hallownest:BankAccountRelic":1,"Ring of Misfortune":0,"aspiration:RunesmithSkillbook":9,"LetterFromLob":1,"GodSword6":16,"Grinning Jar":4,"Toy Ornithopter":0,"ReplayTheSpireMod:ShopPack":11},{"Calipers":34,"Replay:PocketPolymizer":34,"Runesmith:Locket":32,"Blue Doll":32,"Uniform":0,"MagicDraw3":97,"MagicDraw1":22,"Old Coin":45,"Dota2Spire:Satanic":53,"Baka2":50,"Nunchaku":104,"aspiration:AnachronicSnailShell":99,"Philosopher\u0027s Stone":76,"Hallownest:BeastSealRelic":109,"MoreBug":104,"Dota2Spire:MantaStyle":104,"ReplayTheSpireMod:CursedCoin":32,"ReplayTheSpireMod:Ring of Addiction":0,"Dota2Spire:BattleFury":118,"Baka":6,"White Beast Statue":0,"Dota2Spire:Butterfly":50,"Hallownest:BankAccountRelic":6,"Ring of Misfortune":0,"aspiration:RunesmithSkillbook":39,"LetterFromLob":6,"GodSword6":73,"Grinning Jar":17,"Toy Ornithopter":0,"ReplayTheSpireMod:ShopPack":50}],"Toy Ornithopter":15},"card_choices":[{"not_picked":["Defy","Advance"],"picked":"Revamp","floor":1},{"not_picked":["Spin","Ricochet"],"picked":"RealityMarble","floor":4},{"not_picked":["Replace","FanOfKnives"],"picked":"SurpressingFire","floor":5},{"not_picked":["Ricochet","InstantArmor"],"picked":"SilverBlades","floor":6},{"not_picked":["Alleviate","Defy"],"picked":"Shuttle","floor":8},{"not_picked":["Read","Replace"],"picked":"Starlight","floor":10},{"not_picked":["Rewind","Defy"],"picked":"Snipe","floor":11},{"not_picked":["DoubleEdge","Unruled"],"picked":"Defy","floor":13},{"not_picked":["Deny","Dilation"],"picked":"Duplication","floor":16},{"not_picked":["Runesmith:MakeshiftArmor","Runesmith:HammerThrow","Runesmith:ChiselStab"],"picked":"Runesmith:CraftVitae+1","floor":18},{"not_picked":["Runesmith:HammerTime+1","Runesmith:NegativeSpace+1","Runesmith:Overpower"],"picked":"BottledTime","floor":19},{"not_picked":["Defy","Runesmith:WhiteBalance","Runesmith:ShiftingStrike+1"],"picked":"aspiration:UnbridledHammer","floor":20},{"not_picked":["HandOfGreed","Sadistic Nature","Metamorphosis"],"picked":"Secret Technique","floor":22},{"not_picked":["Thinking Ahead","Forethought","Flash of Steel"],"picked":"Master of Strategy","floor":22},{"not_picked":["ReplayUltimateDefense","Dark Shackles","Finesse"],"picked":"Sadistic Nature","floor":22},{"not_picked":["Runesmith:NegativeSpace","Unruled+1","ShiftingGears"],"picked":"Runesmith:Repurpose","floor":24},{"not_picked":["Runesmith:NanitesCloud+1","Runesmith:LightningRod","TimeWarp"],"picked":"Runesmith:HammerThrow+1","floor":25},{"not_picked":["Runesmith:EarthShield","Runesmith:HeatExchange+1","Starlight"],"picked":"SpecialFormula","floor":28},{"not_picked":["ShiftingGears","Spin","Runesmith:RuneHurl"],"picked":"SurpressingFire+1","floor":29},{"not_picked":["Runesmith:ChiselStab","Deny","Revamp"],"picked":"InstantArmor","floor":30},{"not_picked":["Runesmith:FissionHammer","Sunlight","Runesmith:Duplicate"],"picked":"Runesmith:UnlimitedPower","floor":33},{"not_picked":["Runesmith:FieryHammer","Runesmith:GoWithTheFlow+1","Runesmith:Reinforce"],"picked":"Runesmith:HammerThrow+1","floor":35},{"not_picked":["Runesmith:CraftReservo+1","Revamp","Potential+1"],"picked":"Foresight+1","floor":37},{"not_picked":["Runesmith:Overpower","Collapse","Unruled"],"picked":"Runesmith:WhiteBalance+1","floor":38},{"not_picked":["Runesmith:UnstableHammer","Runesmith:ShiftingStrike+1","Runesmith:MakeshiftArmor+1"],"picked":"Runesmith:CraftIndustria","floor":39},{"not_picked":["Runesmith:WhiteBalance","TimeWarp","Runesmith:ElementalConversion"],"picked":"Luminosity+1","floor":40},{"not_picked":["Runesmith:Refine","Runesmith:MakeshiftArmor+1","MoonPhase+1"],"picked":"Runesmith:Reinforce+1","floor":42},{"not_picked":["ShatteredReality","Runesmith:CraftMagma+1","DoubleEdge"],"picked":"Runesmith:CraftSpiculum+1","floor":45},{"not_picked":["Defy","Runesmith:RuneHurl","ShatteredReality+1"],"picked":"Comet+1","floor":47},{"not_picked":["Runesmith:StaticCage+1","Runesmith:Grindstone","Runesmith:MakeshiftArmor"],"picked":"FloweringNight","floor":54}],"player_experience":347729,"relics_obtained":[{"floor":0,"key":"ReplayTheSpireMod:Ring of Addiction"},{"floor":0,"key":"White Beast Statue"},{"floor":0,"key":"Toy Ornithopter"},{"floor":0,"key":"Ring of Misfortune"},{"floor":1,"key":"LetterFromLob"},{"floor":1,"key":"Baka"},{"floor":6,"key":"Grinning Jar"},{"floor":9,"key":"MagicDraw1"},{"floor":11,"key":"Blue Doll"},{"floor":19,"key":"Old Coin"},{"floor":20,"key":"Baka2"},{"floor":24,"key":"Dota2Spire:Satanic"},{"floor":40,"key":"MagicDraw3"},{"floor":43,"key":"aspiration:AnachronicSnailShell"},{"floor":45,"key":"Nunchaku"},{"floor":45,"key":"MoreBug"},{"floor":54,"key":"Dota2Spire:BattleFury"}],"event_choices":[],"is_beta":false,"boss_relics":[{"not_picked":["aspiration:PoetsPen_weak","Coffee Dripper"],"picked":"aspiration:RunesmithSkillbook"},{"not_picked":["Busted Crown","Calling Bell"],"picked":"Philosopher\u0027s Stone"}],"items_purged_floors":[12,44],"is_endless":false,"potions_floor_spawned":[1,4,5,6,8,10,11,13,16,18,20,24,25,28,29,30,33,35,37,38,39,40,42,45,47,54],"ascension_level":0}}