{"host":"72n3jwtrlpjobydj","time":1613751682,"event":{"mods":["AchievementEnabler","BaseMod","CapriCore","DeckTracker","Hermit","Koishi","KomeijiMod","Lobotomy","Marisa£¨Ùöéë¡¡Øª×âÞÞ£©","Minty Spire (QoL Compilation)","Permanent Neow","StSLib","SuperFastMode","The Cursed","The Hierophant","The Immortal"],"gold_per_floor":[113,24,35,53,68,68,82,82,131,149,159,159,159,174,174,276,276,292,307,4,20,20,20,20,34,34,34,34,47,57,67,67,162,162,177,191,37,37,37],"floor_reached":38,"language":"KOR","playtime":1184,"items_purged":[],"score":374,"play_id":"b7c82eb5-a3a5-4c77-846d-8c2d47d9027f","local_time":"20210220012122","is_ascension_mode":false,"campfire_choices":[{"data":"Darkness","floor":6,"key":"SMITH"},{"data":"Dualcast","floor":13,"key":"SMITH"},{"floor":15,"key":"REST"},{"floor":23,"key":"REST"},{"floor":28,"key":"REST"},{"floor":32,"key":"REST"}],"circlet_count":0,"master_deck":["Strike_B","Strike_B","Strike_B","Defend_B+1","Defend_B","Defend_B","Defend_B+1","Zap","Dualcast+1","Darkness+1","Hologram+1","Auto Shields","Darkness","Darkness","Dualcast+1"],"relics":["Cracked Core","NeowsBlessing","Mercury Hourglass","War Paint","Sozu","ClockworkSouvenir","Happy Flower","Nilry\u0027s Codex","Eternal Feather","SlaversCollar","DollysMirror"],"acts_visited":["Exordium","TheCity","TheBeyond"],"potions_floor_usage":[5,10,16,33],"damage_taken":[{"damage":0,"enemies":"Small Slimes","floor":1,"turns":1},{"damage":0,"enemies":"Cultist","floor":3,"turns":1},{"damage":0,"enemies":"2 Louse","floor":4,"turns":1},{"damage":9,"enemies":"Gremlin Gang","floor":5,"turns":4},{"damage":7,"enemies":"Blue Slaver","floor":7,"turns":2},{"damage":0,"enemies":"Large Slime","floor":10,"turns":5},{"damage":3,"enemies":"Exordium Wildlife","floor":11,"turns":4},{"damage":5,"enemies":"Looter","floor":14,"turns":3},{"damage":38,"enemies":"Hexaghost","floor":16,"turns":6},{"damage":13,"enemies":"2 Thieves","floor":18,"turns":5},{"damage":0,"enemies":"Chosen","floor":19,"turns":4},{"damage":7,"enemies":"Shelled Parasite and Fungi","floor":21,"turns":6},{"damage":20,"enemies":"Cultist and Chosen","floor":25,"turns":5},{"damage":12,"enemies":"3 Cultists","floor":29,"turns":5},{"damage":13,"enemies":"Snake Plant","floor":30,"turns":3},{"damage":2,"enemies":"Centurion and Healer","floor":31,"turns":6},{"damage":65,"enemies":"Champ","floor":33,"turns":10},{"damage":36,"enemies":"3 Shapes","floor":35,"turns":4},{"damage":4,"enemies":"Orb Walker","floor":36,"turns":4},{"damage":42,"enemies":"Maw","floor":38,"turns":6}],"seed_played":"10597041100915717","potions_obtained":[{"floor":3,"key":"Strength Potion"},{"floor":5,"key":"Explosive Potion"},{"floor":10,"key":"CultistPotion"},{"floor":16,"key":"DistilledChaos"}],"is_trial":false,"path_per_floor":["M","?","M","M","M","R","M","?","T","M","M","?","R","M","R","B",null,"M","M","$","M","?","R","?","M","T","$","R","M","M","M","R","B",null,"M","M","$","M"],"character_chosen":"DEFECT","items_purchased":["ClockworkSouvenir","Happy Flower","DollysMirror"],"campfire_rested":4,"item_purchase_floors":[20,20,37],"current_hp_per_floor":[75,75,75,75,66,66,59,59,59,59,56,56,56,51,73,35,75,62,62,62,55,39,61,61,41,41,41,69,57,44,42,70,5,75,39,35,35,0,0],"gold":37,"neow_bonus":"THREE_ENEMY_KILL","is_daily":false,"chose_seed":false,"campfire_upgraded":2,"win_rate":0.0,"timestamp":1613751682,"path_taken":["M","?","M","?","M","R","?","?","T","M","?","?","R","M","R","BOSS","M","M","$","?","?","R","?","M","T","$","R","?","M","M","R","BOSS","M","M","$","M"],"items_purchased_type":["Relic","Relic","Relic"],"build_version":"2020-12-22","purchased_purges":0,"victory":false,"max_hp_per_floor":[75,75,75,75,75,75,75,75,75,75,75,75,75,75,75,75,75,75,75,75,75,75,75,75,75,75,75,75,75,75,75,75,75,75,75,75,75,75,75],"card_choices":[{"not_picked":["Rebound","Streamline"],"picked":"Darkness","floor":1},{"not_picked":["Conserve Battery","Ball Lightning","FTL"],"picked":"SKIP","floor":3},{"not_picked":["Coolheaded","Force Field"],"picked":"Hologram","floor":4},{"not_picked":["Biased Cognition","Turbo","Force Field"],"picked":"SKIP","floor":5},{"not_picked":["Chaos","Lockon","Fusion"],"picked":"SKIP","floor":7},{"not_picked":["Sweeping Beam","FTL","Ball Lightning"],"picked":"SKIP","floor":10},{"not_picked":["Leap","Recycle","Cold Snap"],"picked":"SKIP","floor":11},{"not_picked":["Doom and Gloom","Static Discharge","Barrage"],"picked":"SKIP","floor":14},{"not_picked":["Aggregate","Reprogram","Coolheaded"],"picked":"SKIP","floor":18},{"not_picked":["Rip and Tear","Beam Cell"],"picked":"Darkness","floor":19},{"not_picked":["Rip and Tear","Lockon","Stack+1"],"picked":"SKIP","floor":21},{"not_picked":["Self Repair","Hello World","Consume"],"picked":"SKIP","floor":25},{"not_picked":["White Noise","FTL","Leap"],"picked":"SKIP","floor":29},{"not_picked":["Melter","Cold Snap+1","Barrage"],"picked":"SKIP","floor":30},{"not_picked":["Self Repair","Scrape+1"],"picked":"Darkness","floor":31},{"not_picked":["Leap+1","Chill+1","Steam"],"picked":"SKIP","floor":35},{"not_picked":["Sunder","Recycle","Barrage"],"picked":"SKIP","floor":36}],"player_experience":91357,"relics_obtained":[{"floor":9,"key":"War Paint"},{"floor":22,"key":"Nilry\u0027s Codex"},{"floor":26,"key":"Eternal Feather"}],"event_choices":[{"damage_healed":0,"gold_gain":0,"player_choice":"Paid Gold","damage_taken":0,"relics_obtained":["Mercury Hourglass"],"max_hp_gain":0,"max_hp_loss":0,"event_name":"WeMeetAgain","floor":2,"gold_loss":89},{"damage_healed":0,"gold_gain":0,"player_choice":"Upgraded","damage_taken":0,"max_hp_gain":0,"max_hp_loss":0,"event_name":"Upgrade Shrine","floor":8,"gold_loss":0,"cards_upgraded":["Hologram"]},{"damage_healed":0,"gold_gain":0,"cards_transformed":["Strike_B"],"player_choice":"Transformed","damage_taken":0,"max_hp_gain":0,"max_hp_loss":0,"event_name":"Transmorgrifier","floor":12,"gold_loss":0,"cards_obtained":["Auto Shields"]},{"damage_healed":0,"gold_gain":0,"player_choice":"Obtained Book","damage_taken":16,"max_hp_gain":0,"max_hp_loss":0,"event_name":"Cursed Tome","floor":22,"gold_loss":0},{"damage_healed":0,"gold_gain":0,"player_choice":"Ignored","damage_taken":0,"max_hp_gain":0,"max_hp_loss":0,"event_name":"Ghosts","floor":24,"gold_loss":0}],"is_beta":false,"boss_relics":[{"not_picked":["Black Star","Busted Crown"],"picked":"Sozu"},{"not_picked":["Coffee Dripper","Runic Dome"],"picked":"SlaversCollar"}],"items_purged_floors":[],"is_endless":false,"potions_floor_spawned":[3,5,10,16,25,31,33],"killed_by":"Maw","ascension_level":0}}