{"host":"fbdlh90rovbiajun","time":1613715027,"event":{"mods":["AchievementEnabler","BaseMod","Colored Map","Keyboard Shortcuts","Minty Spire (QoL Compilation)","SuperFastMode"],"gold_per_floor":[116,116,16,16,30,30,46,46,128,159,179,179,197,227,227,227,227],"floor_reached":16,"language":"KOR","playtime":309,"items_purged":["Strike_P"],"score":116,"play_id":"d0313450-8051-42c1-8d90-01a8bcc6d480","local_time":"20210219151027","is_ascension_mode":true,"campfire_choices":[{"data":"Adaptation","floor":6,"key":"SMITH"},{"data":"Eruption","floor":8,"key":"SMITH"},{"data":"MentalFortress","floor":15,"key":"SMITH"}],"circlet_count":0,"master_deck":["Strike_P","Strike_P","Strike_P","Defend_P","Defend_P","Eruption+1","Vigilance","Adaptation+1","CrushJoints","MentalFortress+1"],"relics":["PureWater","NeowsBlessing","Meat on the Bone","Akabeko","Smiling Mask","Ornamental Fan"],"acts_visited":["Exordium"],"potions_floor_usage":[11,13,14],"damage_taken":[{"damage":0,"enemies":"2 Louse","floor":1,"turns":1},{"damage":0,"enemies":"Small Slimes","floor":5,"turns":1},{"damage":0,"enemies":"Jaw Worm","floor":7,"turns":1},{"damage":55,"enemies":"Gremlin Nob","floor":10,"turns":4},{"damage":3,"enemies":"Exordium Thugs","floor":11,"turns":2},{"damage":0,"enemies":"Lots of Slimes","floor":13,"turns":2},{"damage":26,"enemies":"3 Sentries","floor":14,"turns":4},{"damage":31,"enemies":"Hexaghost","floor":16,"turns":2}],"seed_played":"-468538819188326517","potions_obtained":[{"floor":1,"key":"Explosive Potion"},{"floor":10,"key":"Explosive Potion"},{"floor":11,"key":"Weak Potion"},{"floor":13,"key":"DuplicationPotion"}],"is_trial":false,"path_per_floor":["M","?","$","?","M","R","M","R","T","E","M","T","M","E","R","B"],"character_chosen":"WATCHER","items_purchased":["CrushJoints"],"campfire_rested":0,"item_purchase_floors":[3],"current_hp_per_floor":[72,65,65,65,65,65,65,65,65,22,31,31,43,29,29,0,0],"gold":227,"neow_bonus":"THREE_ENEMY_KILL","is_daily":false,"chose_seed":false,"campfire_upgraded":3,"win_rate":0.0,"timestamp":1613715027,"path_taken":["M","?","$","?","M","R","M","R","T","E","M","?","?","E","R","BOSS"],"items_purchased_type":["Card"],"build_version":"2020-12-22","purchased_purges":1,"victory":false,"max_hp_per_floor":[72,72,72,72,72,72,72,72,72,72,72,72,72,72,72,72,72],"card_choices":[{"not_picked":["TalkToTheHand","BattleHymn"],"picked":"Adaptation","floor":1},{"not_picked":["Halt","Conclude","Crescendo"],"picked":"SKIP","floor":5},{"not_picked":["Halt","Conclude","Crescendo"],"picked":"SKIP","floor":5},{"not_picked":["Consecrate","Evaluate","WindmillStrike"],"picked":"SKIP","floor":7},{"not_picked":["Worship","Crescendo","LessonLearned"],"picked":"SKIP","floor":10},{"not_picked":["Prostrate","Crescendo","CarveReality"],"picked":"SKIP","floor":11},{"not_picked":["ForeignInfluence","BowlingBash","ClearTheMind"],"picked":"SKIP","floor":13},{"not_picked":["ClearTheMind","SpiritShield","FlyingSleeves"],"picked":"SKIP","floor":14}],"player_experience":86956,"relics_obtained":[{"floor":9,"key":"Meat on the Bone"},{"floor":10,"key":"Akabeko"},{"floor":12,"key":"Smiling Mask"},{"floor":14,"key":"Ornamental Fan"}],"event_choices":[{"cards_removed":["Defend_P"],"damage_healed":0,"gold_gain":0,"player_choice":"Card Removal","damage_taken":7,"max_hp_gain":0,"max_hp_loss":0,"event_name":"Golden Wing","floor":2,"gold_loss":0},{"damage_healed":0,"gold_gain":0,"cards_transformed":["Defend_P"],"player_choice":"Change","damage_taken":0,"max_hp_gain":0,"max_hp_loss":0,"event_name":"Living Wall","floor":4,"gold_loss":0,"cards_obtained":["MentalFortress"]}],"is_beta":false,"boss_relics":[],"items_purged_floors":[3],"is_endless":false,"potions_floor_spawned":[1,10,11,13],"killed_by":"Hexaghost","ascension_level":1}}