{"host":"n43wxkei7kulhi8o","time":1613714915,"event":{"mods":["BaseMod","Bestiary","Block Reminder","Colored Map","Colored Powertips","Curses Come First","Custom Start","Dark Map","Highlight Path","Minty Spire (QoL Compilation)","Relic Stats","StSLib"],"gold_per_floor":[113,113,113,113,37,37,71,71,71,111,132,80,80,99,99,224,224,248,163,46,67,166,186,186,206,206,206,231,41,59,59,59,182,182,205,205,130,130,151,151,169,189,189,229,229,244,96,117,117,117],"floor_reached":51,"language":"ENG","playtime":1761,"items_purged":["Writhe"],"score":760,"play_id":"b1980cfe-9815-4a1d-8f4e-35b7643de37a","local_time":"20210219010835","is_ascension_mode":false,"campfire_choices":[{"data":"Dualcast","floor":6,"key":"SMITH"},{"floor":8,"key":"REST"},{"data":"Conserve Battery","floor":13,"key":"SMITH"},{"data":"Go for the Eyes","floor":15,"key":"SMITH"},{"data":"Machine Learning","floor":24,"key":"SMITH"},{"data":"Defragment","floor":32,"key":"SMITH"},{"data":"Coolheaded","floor":40,"key":"SMITH"},{"floor":45,"key":"REST"},{"floor":49,"key":"REST"}],"circlet_count":0,"master_deck":["Strike_B","Strike_B","Strike_B","Strike_B","Defend_B","Defend_B","Defend_B","Defend_B","Zap+1","Dualcast+1","All For One","Cold Snap","Ball Lightning","Conserve Battery+1","Go for the Eyes+1","Creative AI","Machine Learning+1","Coolheaded+1","Go for the Eyes","Defragment+1","Conserve Battery","Gash+1"],"relics":["Cracked Core","NeowsBlessing","Blood Vial","Golden Idol","PreservedInsect","Bag of Marbles","Thread and Needle","Busted Crown","MealTicket","InkBottle","Boot","Darkstone Periapt","Sozu","Smiling Mask","Gremlin Horn","Bottled Lightning","Akabeko"],"acts_visited":["Exordium","TheCity","TheBeyond"],"potions_floor_usage":[42,50,50],"damage_taken":[{"damage":0,"enemies":"Jaw Worm","floor":1,"turns":1},{"damage":0,"enemies":"3 Sentries","floor":7,"turns":1},{"damage":0,"enemies":"Gremlin Nob","floor":10,"turns":1},{"damage":0,"enemies":"2 Louse","floor":11,"turns":1},{"damage":0,"enemies":"Small Slimes","floor":14,"turns":3},{"damage":10,"enemies":"The Guardian","floor":16,"turns":11},{"damage":17,"enemies":"3 Byrds","floor":18,"turns":5},{"damage":0,"enemies":"Spheric Guardian","floor":21,"turns":1},{"damage":9,"enemies":"Cultist and Chosen","floor":23,"turns":6},{"damage":13,"enemies":"Shelled Parasite and Fungi","floor":25,"turns":5},{"damage":0,"enemies":"Snecko","floor":28,"turns":5},{"damage":8,"enemies":"Snake Plant","floor":30,"turns":4},{"damage":31,"enemies":"Champ","floor":33,"turns":9},{"damage":7,"enemies":"3 Shapes","floor":35,"turns":4},{"damage":18,"enemies":"3 Darklings","floor":39,"turns":5},{"damage":15,"enemies":"Sphere and 2 Shapes","floor":41,"turns":6},{"damage":24,"enemies":"Jaw Worm Horde","floor":42,"turns":4},{"damage":20,"enemies":"Nemesis","floor":44,"turns":5},{"damage":2,"enemies":"4 Shapes","floor":46,"turns":5},{"damage":0,"enemies":"Transient","floor":48,"turns":5},{"damage":63,"enemies":"Awakened One","floor":50,"turns":18}],"seed_played":"-7402848228894188564","potions_obtained":[{"floor":7,"key":"Weak Potion"},{"floor":14,"key":"Explosive Potion"},{"floor":16,"key":"Fire Potion"},{"floor":28,"key":"Swift Potion"}],"is_trial":false,"path_per_floor":["M","?","?","?","$","R","E","R","T","E","M","$","R","M","R","B",null,"M","?","$","M","?","M","R","M","T","?","M","$","M","T","R","B",null,"M","?","$","?","M","R","M","M","T","E","R","M","$","M","R","B",null],"character_chosen":"DEFECT","items_purchased":["All For One","Go for the Eyes","Machine Learning","Coolheaded","Defragment","Boot","Akabeko"],"campfire_rested":3,"item_purchase_floors":[5,12,20,20,29,29,47],"current_hp_per_floor":[75,75,63,45,45,45,47,69,69,71,73,73,73,75,75,65,75,58,58,73,75,75,66,66,55,55,55,57,72,66,66,66,37,75,68,81,81,81,63,63,50,28,28,10,34,34,49,51,75,14],"gold":117,"neow_bonus":"THREE_ENEMY_KILL","is_daily":false,"chose_seed":false,"campfire_upgraded":6,"win_rate":0.0,"timestamp":1613714915,"path_taken":["M","?","?","?","$","R","E","R","T","E","M","?","R","?","R","BOSS","M","?","$","M","?","M","R","M","T","?","?","?","?","?","R","BOSS","M","?","$","?","M","R","M","?","T","E","R","M","$","M","R","BOSS"],"items_purchased_type":["Card","Card","Card","Card","Card","Relic","Relic"],"build_version":"2020-12-22","purchased_purges":1,"victory":true,"max_hp_per_floor":[75,75,75,75,75,75,75,75,75,75,75,75,75,75,75,75,75,75,75,75,75,75,75,75,75,75,75,75,75,75,75,75,75,75,75,81,81,81,81,81,81,81,81,81,81,81,81,81,81,81],"relic_stats":{"Darkstone Periapt":6,"Gremlin Horn":[6,6],"counters":[21,105],"Golden Idol":156,"PreservedInsect":47,"Boot":[144],"Smiling Mask":0,"Blood Vial":30,"Sozu":3,"Busted Crown":28,"MealTicket":45,"obtain_stats":[{"Darkstone Periapt":31,"NeowsBlessing":0,"Gremlin Horn":43,"Golden Idol":4,"Thread and Needle":10,"PreservedInsect":7,"Boot":29,"Smiling Mask":38,"Akabeko":47,"Blood Vial":3,"Sozu":34,"Busted Crown":17,"MealTicket":19,"Bag of Marbles":9,"Bottled Lightning":44,"Cracked Core":0,"InkBottle":26},{"Darkstone Periapt":12,"NeowsBlessing":0,"Gremlin Horn":17,"Golden Idol":1,"Thread and Needle":3,"PreservedInsect":2,"Boot":11,"Smiling Mask":14,"Akabeko":19,"Blood Vial":1,"Sozu":13,"Busted Crown":6,"MealTicket":7,"Bag of Marbles":2,"Bottled Lightning":18,"Cracked Core":0,"InkBottle":10},{"Darkstone Periapt":44,"NeowsBlessing":0,"Gremlin Horn":72,"Golden Idol":1,"Thread and Needle":3,"PreservedInsect":2,"Boot":40,"Smiling Mask":57,"Akabeko":82,"Blood Vial":1,"Sozu":53,"Busted Crown":18,"MealTicket":23,"Bag of Marbles":2,"Bottled Lightning":77,"Cracked Core":0,"InkBottle":35}],"InkBottle":[41]},"card_choices":[{"not_picked":["Compile Driver","Recycle","Genetic Algorithm"],"picked":"SKIP","floor":1},{"not_picked":["Streamline","Leap"],"picked":"Cold Snap","floor":7},{"not_picked":["Streamline","Skim"],"picked":"Ball Lightning","floor":10},{"not_picked":["Streamline","Compile Driver"],"picked":"Conserve Battery","floor":11},{"not_picked":["Cold Snap","Rebound","Hologram"],"picked":"SKIP","floor":14},{"not_picked":["Meteor Strike","Thunder Strike"],"picked":"Creative AI","floor":16},{"not_picked":["Redo"],"picked":"SKIP","floor":18},{"not_picked":["Rip and Tear+1"],"picked":"SKIP","floor":21},{"not_picked":["Hologram+1"],"picked":"SKIP","floor":23},{"not_picked":["Storm"],"picked":"SKIP","floor":25},{"not_picked":[],"picked":"Go for the Eyes","floor":28},{"not_picked":["Leap"],"picked":"SKIP","floor":30},{"not_picked":["Go for the Eyes"],"picked":"SKIP","floor":35},{"not_picked":["Fusion+1"],"picked":"SKIP","floor":39},{"not_picked":["Go for the Eyes"],"picked":"SKIP","floor":41},{"not_picked":["Streamline"],"picked":"SKIP","floor":42},{"not_picked":[],"picked":"Conserve Battery","floor":44},{"not_picked":["Doom and Gloom+1"],"picked":"SKIP","floor":46},{"not_picked":[],"picked":"Gash+1","floor":48}],"player_experience":706212,"relics_obtained":[{"floor":7,"key":"PreservedInsect"},{"floor":9,"key":"Bag of Marbles"},{"floor":10,"key":"Thread and Needle"},{"floor":26,"key":"InkBottle"},{"floor":31,"key":"Darkstone Periapt"},{"floor":38,"key":"Smiling Mask"},{"floor":43,"key":"Gremlin Horn"},{"floor":44,"key":"Bottled Lightning"}],"event_choices":[{"damage_healed":0,"gold_gain":0,"player_choice":"Grow","damage_taken":0,"max_hp_gain":0,"max_hp_loss":0,"event_name":"Living Wall","floor":2,"gold_loss":0,"cards_upgraded":["Zap"]},{"damage_healed":0,"gold_gain":0,"player_choice":"Success","damage_taken":12,"relics_obtained":["Blood Vial"],"max_hp_gain":0,"max_hp_loss":0,"event_name":"Scrap Ooze","floor":3,"gold_loss":0},{"damage_healed":0,"gold_gain":0,"player_choice":"Take Damage","damage_taken":18,"relics_obtained":["Golden Idol"],"max_hp_gain":0,"max_hp_loss":0,"event_name":"Golden Idol","floor":4,"gold_loss":0},{"damage_healed":0,"gold_gain":0,"player_choice":"Obtained Relic","damage_taken":0,"relics_obtained":["MealTicket"],"max_hp_gain":0,"max_hp_loss":0,"event_name":"Addict","floor":19,"gold_loss":85},{"damage_healed":0,"gold_gain":99,"player_choice":"Stole From Cult","damage_taken":0,"max_hp_gain":0,"max_hp_loss":0,"event_name":"Nest","floor":22,"gold_loss":0},{"damage_healed":0,"gold_gain":0,"player_choice":"Ignored","damage_taken":0,"max_hp_gain":0,"max_hp_loss":0,"event_name":"Ghosts","floor":27,"gold_loss":0},{"damage_healed":19,"gold_gain":0,"player_choice":"Writhe","damage_taken":0,"max_hp_gain":0,"max_hp_loss":0,"event_name":"Winding Halls","floor":36,"gold_loss":0,"cards_obtained":["Writhe"]},{"damage_healed":0,"gold_gain":0,"player_choice":"Relic","damage_taken":0,"max_hp_gain":0,"max_hp_loss":0,"event_name":"Wheel of Change","floor":38,"gold_loss":0}],"is_beta":false,"boss_relics":[{"not_picked":["Calling Bell","Coffee Dripper"],"picked":"Busted Crown"},{"not_picked":["Black Star","Velvet Choker"],"picked":"Sozu"}],"items_purged_floors":[37],"is_endless":false,"potions_floor_spawned":[7,14,16,18,28,39,41,46],"ascension_level":0}}