{"host":"lv7etzzgwahaenh9","time":1613766057,"event":{"mods":["AchievementEnabler","BaseMod","Colored Map","Colored Powertips","Highlight Path","Minty Spire (QoL Compilation)","Permanent Neow","Quick Restart","Random Character Button","StSLib"],"gold_per_floor":[118,132,149,160,178,208,208,225,225,245,245,280,280,49,49,49,49],"floor_reached":16,"language":"ENG","playtime":664,"items_purged":[],"score":188,"play_id":"33bf6ec3-a20e-442e-80d2-b44c718fff78","local_time":"20210219122057","is_ascension_mode":true,"campfire_choices":[{"data":"Setup","floor":7,"key":"SMITH"},{"data":"Terror","floor":11,"key":"SMITH"},{"data":"Infinite Blades","floor":13,"key":"SMITH"},{"data":"Noxious Fumes","floor":15,"key":"SMITH"}],"circlet_count":0,"master_deck":["AscendersBane","Strike_G","Strike_G","Strike_G","Strike_G","Strike_G","Defend_G","Defend_G","Defend_G","Defend_G","Defend_G","Survivor","Neutralize","Terror+1","Predator","Poisoned Stab","Deflect","Catalyst","Setup+1","Doppelganger","Predator","Infinite Blades+1","Noxious Fumes+1","Mayhem"],"relics":["Ring of the Snake","Art of War","Strawberry","Bottled Lightning","Tiny Chest"],"acts_visited":["Exordium"],"potions_floor_usage":[4,8,12],"damage_taken":[{"damage":0,"enemies":"2 Louse","floor":1,"turns":4},{"damage":0,"enemies":"Cultist","floor":2,"turns":3},{"damage":1,"enemies":"Jaw Worm","floor":3,"turns":3},{"damage":8,"enemies":"Lots of Slimes","floor":4,"turns":3},{"damage":0,"enemies":"Exordium Wildlife","floor":5,"turns":3},{"damage":17,"enemies":"Lagavulin","floor":6,"turns":7},{"damage":4,"enemies":"Gremlin Gang","floor":8,"turns":6},{"damage":0,"enemies":"Blue Slaver","floor":10,"turns":4},{"damage":8,"enemies":"3 Sentries","floor":12,"turns":6},{"damage":13,"enemies":"Slime Boss","floor":16,"turns":5}],"seed_played":"5386244023283692464","potions_obtained":[{"floor":2,"key":"CunningPotion"},{"floor":3,"key":"Weak Potion"},{"floor":6,"key":"Fire Potion"},{"floor":10,"key":"DistilledChaos"},{"floor":12,"key":"SpeedPotion"}],"is_trial":false,"path_per_floor":["M","M","M","M","M","E","R","M","T","M","R","E","R","$","R","B"],"character_chosen":"THE_SILENT","items_purchased":["Noxious Fumes","Mayhem"],"campfire_rested":0,"item_purchase_floors":[14,14],"current_hp_per_floor":[63,63,62,54,54,44,44,40,40,40,40,32,32,32,32,19,19],"gold":49,"neow_bonus":"RANDOM_COMMON_RELIC","is_daily":false,"chose_seed":false,"campfire_upgraded":4,"win_rate":0.0,"timestamp":1613766057,"path_taken":["M","M","M","M","M","E","R","M","T","M","R","E","R","$","R","BOSS"],"items_purchased_type":["Card","Card"],"build_version":"2020-12-22","purchased_purges":0,"victory":false,"max_hp_per_floor":[70,70,70,70,70,77,77,77,77,77,77,77,77,77,77,77,77],"card_choices":[{"not_picked":["Slice","Sucker Punch"],"picked":"Terror","floor":1},{"not_picked":["Deadly Poison","Prepared"],"picked":"Predator","floor":2},{"not_picked":["Bane","Heel Hook"],"picked":"Poisoned Stab","floor":3},{"not_picked":["Dagger Spray","Poisoned Stab"],"picked":"Deflect","floor":4},{"not_picked":["Dagger Throw","Masterful Stab"],"picked":"Catalyst","floor":5},{"not_picked":["All Out Attack","Distraction"],"picked":"Setup","floor":6},{"not_picked":["Dodge and Roll","PiercingWail"],"picked":"Doppelganger","floor":8},{"not_picked":["Setup","Dodge and Roll"],"picked":"Predator","floor":10},{"not_picked":["Slice","Flying Knee"],"picked":"Infinite Blades","floor":12}],"player_experience":442773,"relics_obtained":[{"floor":6,"key":"Strawberry"},{"floor":9,"key":"Bottled Lightning"},{"floor":12,"key":"Tiny Chest"}],"event_choices":[],"is_beta":false,"boss_relics":[],"items_purged_floors":[],"is_endless":false,"potions_floor_spawned":[2,3,6,10,12],"killed_by":"Slime Boss","ascension_level":13}}