{"host":"fa9lu700uj5rxl8c","time":1613738614,"event":{"mods":["2.2 Compatiblity","A Penny For Your Troubles","AchievementEnabler","Act Like it!","AlwaysNeverKeys","Aspiration","Bard","BaseMod","Beaked The Cultist","Better Altar","Better Match","Better Note","Better Sensory Stone","Better Silent Start","Better Skull","Better Third Choice","BetterRewards","Bossed Relics","CCEM2","ChefMod","Colored Map","Colored Powertips","Conspire","Curses Come First","Displayed Cursed Tome","Downfall","Energized Spire","Friendly Minions","FruityMod","Gensokyo","GifTheSpireLib","Hallownest","Hermit","Infinite Spire","Ironclad Rager","Jorbs\u0027s Wanderer Trilogy","Luminous","Mad Scientist","Minty Spire (QoL Compilation)","Permanent Neow","Quarter Circle Forward PUNCH!","Random Character Button","Reliquary","Reorder Act Four","Replay The Spire","Robot Space Explorer","Ruina","Shop Mod","Spicy Shops","Spikes Relics","Spire Arcade","StSLib","Stuff the Spire","SuperFastMode","The Blackbeard","The Blue Laboratory","The Bug Knight","The Construct","The Cursed","The Disciple","The Exalted","The Forsaken","The Hierophant","The IronCluck","The Judge","The Juggernuat","The Marked","The Mystic","The Necromancer","The Runesmith","The Sage","The Saiyan","TheBandit","TheFirefly","Transform Curses","Wandering Minibosses"],"gold_per_floor":[179,191,209,220,57,57,57],"floor_reached":6,"language":"ENG","playtime":1263,"items_purged":[],"score":40,"play_id":"6b2d567e-1376-42a3-ad27-31abf718587f","local_time":"20210219134334","is_ascension_mode":true,"campfire_choices":[],"circlet_count":0,"master_deck":["sagemod:Strike","sagemod:Strike","sagemod:Strike","sagemod:Strike","sagemod:Defend","sagemod:Defend","sagemod:Defend","sagemod:Defend","sagemod:Fly","sagemod:Upwards","Crow Ritual","sagemod:On_The_Head","sagemod:Rickety_Defense","sagemod:How_To_Charm_A_Sentry","sagemod:How_To_Warm_Elephants","sagemod:How_To_Feed_Apes","sagemod:How_To_Befriend_A_Turtle","sagemod:Riches"],"relics":["sagemod:Flying_Carpet","MerchantsRug","sagemod:The_Guidebook_Guide","Bird Faced Urn","CherryCoatedStake","infinitespire:Lychee Nut"],"acts_visited":["Exordium"],"potions_floor_usage":[4,4,4,6,6,6],"damage_taken":[{"damage":9,"enemies":"Gensokyo:Gryphon","floor":1,"turns":5},{"damage":2,"enemies":"Gensokyo:3_Fairies","floor":2,"turns":6},{"damage":2,"enemies":"Gensokyo:Python","floor":3,"turns":4},{"damage":0,"enemies":"Gensokyo:3_Kodama","floor":4,"turns":5},{"damage":50,"enemies":"Gensokyo:Mamizou","floor":6,"turns":14}],"seed_played":"1193234562362798227","potions_obtained":[{"floor":1,"key":"blueLaboratory:BubblePotion"},{"floor":3,"key":"blueLaboratory:LouseDecoction"}],"is_trial":false,"path_per_floor":["M","M","M","M","$","E"],"character_chosen":"THE_SAGE","items_purchased":["MerchantsRug","sagemod:The_Guidebook_Guide","Bird Faced Urn","Crow Ritual","CherryCoatedStake","sagemod:On_The_Head","sagemod:Rickety_Defense","sagemod:Riches"],"campfire_rested":0,"item_purchase_floors":[0,0,0,0,0,0,0,5],"current_hp_per_floor":[31,37,36,42,42,0,0],"gold":57,"neow_bonus":"","is_daily":false,"chose_seed":false,"campfire_upgraded":0,"win_rate":0.0,"timestamp":1613738614,"path_taken":["M","M","M","M","$","E"],"items_purchased_type":["Relic","Relic","Relic","Card","Relic","Card","Card","Card"],"build_version":"2020-12-22","purchased_purges":0,"victory":false,"max_hp_per_floor":[37,37,37,42,42,42,42],"card_choices":[{"not_picked":["sagemod:Crank","sagemod:Burning_Flask"],"picked":"sagemod:How_To_Charm_A_Sentry","floor":1},{"not_picked":["sagemod:Perpetuum_Mobile","sagemod:Cane_Strike"],"picked":"sagemod:How_To_Warm_Elephants","floor":2},{"not_picked":["sagemod:How_To_Warm_Elephants","sagemod:Armor_Brew"],"picked":"sagemod:How_To_Feed_Apes","floor":3},{"not_picked":["sagemod:Crank","sagemod:How_To_Poke_At_Slimes"],"picked":"sagemod:How_To_Befriend_A_Turtle","floor":4}],"player_experience":505402,"relics_obtained":[],"event_choices":[],"is_beta":false,"boss_relics":[],"items_purged_floors":[],"is_endless":false,"potions_floor_spawned":[1,3],"killed_by":"Gensokyo:Mamizou","ascension_level":1}}