{"host":"flm17o2q7bfjyna6","time":1613747687,"event":{"mods":["2.2 Compatiblity","Act Like it!","BaseMod","Better Altar","Better Match","Better Note","Better Sensory Stone","Better Skull","Better Third Choice","Better Vampires","Colored Map","Colored Powertips","DeckTracker","Downfall","Fox Events","Minty Spire (QoL Compilation)","Quick Restart","Replay The Spire","Reworked Bosses","Spicy Shops","StSLib","TheSwordswoman","Wandering Minibosses"],"gold_per_floor":[199,1,12,12,26,57,57,57,57,507,407,185,185,201,211,211,211,211],"floor_reached":16,"language":"ENG","playtime":485,"items_purged":["downfall:Icky"],"score":98,"play_id":"03f192fc-752d-43b6-bb92-5c5e7cbd811d","local_time":"20210219101447","is_ascension_mode":false,"campfire_choices":[{"data":"champ:Taunt","floor":1,"key":"SMITH"},{"data":"champ:CrownThrow","floor":9,"key":"SMITH"},{"data":"champ:TornadoPunch","floor":11,"key":"SMITH"},{"data":"champ:VampiricStrike","floor":13,"key":"SMITH"}],"circlet_count":0,"master_deck":["champ:Strike","champ:Strike","champ:Strike","champ:Defend","champ:Defend","champ:Defend","champ:Defend+1","champ:Execute","champ:Taunt+1","champ:PreciseThrust","champ:IronFortress+1","Swift Strike","champ:TornadoPunch+1","champ:Haymaker","champ:CrownThrow+1","downfall:Icky","downfall:Icky","champ:VampiricStrike+1","champ:Lariat+1","champ:ShieldWall","champ:RecklessLeap"],"relics":["champ:ChampionCrown","Pet Ghost","Question Card","downfall:HeartBlessingGreen","Replay:Wax Seal"],"acts_visited":["Exordium"],"potions_floor_usage":[6,16],"damage_taken":[{"damage":25,"enemies":"downfall:FleeingMerchant","floor":2,"turns":4},{"damage":11,"enemies":"Cultist","floor":3,"turns":3},{"damage":0,"enemies":"2 Louse","floor":5,"turns":2},{"damage":53,"enemies":"Lagavulin","floor":6,"turns":6},{"damage":16,"enemies":"downfall:FleeingMerchant","floor":12,"turns":4},{"damage":0,"enemies":"Jaw Worm","floor":14,"turns":2},{"damage":20,"enemies":"3 Louse","floor":15,"turns":2},{"damage":28,"enemies":"SI_SHIV_ARCHETYPE","floor":16,"turns":4}],"seed_played":"-464127059014129007","potions_obtained":[{"floor":3,"key":"champ:CounterPotion"},{"floor":15,"key":"sneckomod:MuddlingPotion"}],"is_trial":false,"path_per_floor":["R","$","M","?","M","E","T","?","R","?","R","$","R","M","M","B"],"character_chosen":"THE_CHAMP","items_purchased":["champ:IronFortress+1","Swift Strike","champ:Lariat+1","Replay:Wax Seal"],"campfire_rested":0,"item_purchase_floors":[2,2,12,12],"current_hp_per_floor":[90,85,84,84,84,51,51,51,51,51,51,45,45,45,25,0,0,0],"gold":211,"neow_bonus":"HUNDRED_GOLD","is_daily":false,"chose_seed":false,"campfire_upgraded":4,"win_rate":0.0,"timestamp":1613747687,"path_taken":["R","?","M","?","?","E","T","?","R","?","R","$","R","M","M","BOSS"],"items_purchased_type":["Card","Card","Card","Relic"],"build_version":"2020-12-22","purchased_purges":1,"victory":false,"max_hp_per_floor":[90,90,90,90,90,90,90,90,90,90,90,90,90,90,90,90,90,90],"card_choices":[{"not_picked":["champ:Backstep","champ:PreemptiveStrike"],"picked":"champ:PreciseThrust","floor":2},{"not_picked":["champ:EnGarde","champ:FlashCut"],"picked":"champ:TornadoPunch","floor":3},{"not_picked":["champ:TornadoPunch","champ:DefensiveShout"],"picked":"champ:Haymaker","floor":5},{"not_picked":["champ:Circumvent","champ:DefensiveShout"],"picked":"champ:CrownThrow","floor":6},{"not_picked":["champ:RisingSlash","champ:ShieldSlam","champ:EndlessRage"],"picked":"champ:VampiricStrike","floor":12},{"not_picked":["champ:Haymaker","champ:CrownThrow","champ:EnGarde"],"picked":"champ:ShieldWall","floor":14},{"not_picked":["champ:FlashCut","champ:BladeFlurry","champ:Circumvent"],"picked":"champ:RecklessLeap","floor":15}],"player_experience":1953666,"relics_obtained":[{"floor":6,"key":"Pet Ghost"},{"floor":7,"key":"Question Card"}],"event_choices":[{"cards_removed":["champ:Strike"],"damage_healed":0,"gold_gain":0,"player_choice":"Offered Basic","damage_taken":0,"max_hp_gain":0,"max_hp_loss":0,"event_name":"Bonfire Elementals","floor":4,"gold_loss":0}],"is_beta":false,"boss_relics":[],"items_purged_floors":[12],"is_endless":false,"potions_floor_spawned":[3,15],"killed_by":"SI_SHIV_ARCHETYPE","ascension_level":0}}