{"host":"xp5rvh2jwe2ejyfm","time":1613746385,"event":{"mods":["2.2 Compatiblity","Aspiration","BaseMod","Better Altar","Better Match","Better Note","Better Sensory Stone","Better Skull","BetterRewards","Colored Powertips","Conspire","Downfall","GifTheSpireLib","Gremlin Mod","GungeonMod","Hermit","Hubris","Jorbs\u0027s Wanderer Trilogy","Minty Spire (QoL Compilation)","Potionbrewer","Quick Restart","Replay The Spire","Robot Space Explorer","Shade Mod","Somnambulant","StSLib","The Bug Knight","The Clintock","The Construct","The Cursed","The Disciple","The Forsaken","The Hierophant","The Marked","The Necromancer","The Runesmith","The Servant 0.9.4","The Valiant","The Witch","TheFirefly","thorton"],"gold_per_floor":[113,132,11,31,41,70,70,70,120,120,133,149,176,29,29,125,125,141,154,167,167,184,184,194,75,75,92,92,102,102,135,135,232,232,245,92,108,108,120,120,138,151,176,176,204,204,204],"floor_reached":46,"language":"ENG","playtime":2028,"items_purged":[],"score":586,"play_id":"c82b7b83-2cb0-476a-96fa-c1bf3d934588","local_time":"20210219095305","is_ascension_mode":false,"campfire_choices":[{"floor":8,"key":"RECALL"},{"data":"Poison Darts","floor":10,"key":"SMITH"},{"data":"Infinite Blades","floor":15,"key":"SMITH"},{"floor":23,"key":"REST"},{"data":"Poison Darts","floor":30,"key":"SMITH"},{"data":"Bullet Time","floor":32,"key":"SMITH"},{"floor":40,"key":"REST"}],"circlet_count":0,"master_deck":["Strike_G","Strike_G","Strike_G","Strike_G","Strike_G","Defend_G","Defend_G","Defend_G","Defend_G","Defend_G","Survivor","Neutralize","Well Laid Plans","Flying Knee","Noxious Fumes+1","Slice","Choke","Poison Darts+1","Backflip","Dagger Throw","Infinite Blades+1","Footwork","Poison Darts+1","Bullet Time+1","Outmaneuver","Poisoned Stab","Catalyst+1","Bane","Footwork","Poison Darts+1","ReplayTheSpireMod:Speed Training","After Image","Hidden Blade+1","Envenom","Distraction+1","Catalyst+1","Toxin Wave"],"relics":["Ring of the Snake","Anchor","HornCleat","aspiration:VileToxins","PreservedInsect","DollysMirror","thethorton:BottledFunds","Fusion Hammer","Cauldron","MealTicket","Blood Vial","Akabeko"],"acts_visited":["Exordium","TheCity","TheBeyond"],"potions_floor_usage":[6,11,18,22,29,31,31,31,33,39,39,39,42,45,45],"damage_taken":[{"damage":0,"enemies":"Cultist","floor":1,"turns":3},{"damage":0,"enemies":"2 Louse","floor":2,"turns":3},{"damage":0,"enemies":"Jaw Worm","floor":4,"turns":4},{"damage":0,"enemies":"Red Slaver","floor":5,"turns":4},{"damage":6,"enemies":"Lagavulin","floor":6,"turns":5},{"damage":0,"enemies":"Exordium Thugs","floor":11,"turns":2},{"damage":2,"enemies":"Gremlin Gang","floor":12,"turns":4},{"damage":3,"enemies":"3 Sentries","floor":13,"turns":5},{"damage":0,"enemies":"Slime Boss","floor":16,"turns":5},{"damage":9,"enemies":"2 Thieves","floor":18,"turns":4},{"damage":0,"enemies":"Shell Parasite","floor":19,"turns":3},{"damage":15,"enemies":"Sentry and Sphere","floor":20,"turns":5},{"damage":0,"enemies":"Chosen and Byrds","floor":22,"turns":3},{"damage":0,"enemies":"Snake Plant","floor":24,"turns":3},{"damage":0,"enemies":"Sentry and Sphere","floor":27,"turns":3},{"damage":0,"enemies":"Centurion and Healer","floor":29,"turns":4},{"damage":16,"enemies":"Slavers","floor":31,"turns":4},{"damage":27,"enemies":"conspire:MysteriousRune","floor":33,"turns":6},{"damage":0,"enemies":"3 Shapes","floor":35,"turns":3},{"damage":33,"enemies":"3 Darklings","floor":37,"turns":5},{"damage":7,"enemies":"Jaw Worm Horde","floor":39,"turns":4},{"damage":4,"enemies":"Maw","floor":41,"turns":5},{"damage":12,"enemies":"4 Shapes","floor":42,"turns":3},{"damage":5,"enemies":"Giant Head","floor":45,"turns":6},{"damage":37,"enemies":"HollowMod:SlobberingHusk","floor":46,"turns":7}],"seed_played":"-1895936467185370033","potions_obtained":[{"floor":1,"key":"ColorlessPotion"},{"floor":2,"key":"potionbrewer:FreezingPotion"},{"floor":6,"key":"Fire Potion"},{"floor":13,"key":"Block Potion"},{"floor":16,"key":"Fire Potion"},{"floor":19,"key":"CultistPotion"},{"floor":20,"key":"Poison Potion"},{"floor":29,"key":"potionbrewer:NoxiousPotion"},{"floor":31,"key":"Toxic Potion"},{"floor":36,"key":"PowerPotion"},{"floor":36,"key":"PowerPotion"},{"floor":36,"key":"potionbrewer:SplittingPotion"},{"floor":39,"key":"EssenceOfSteel"},{"floor":45,"key":"Block Potion"}],"is_trial":false,"path_per_floor":["M","M","$","M","M","E","?","R","T","R","M","M","E","$","R","B",null,"M","M","M","?","M","R","M","$","T","M","$","M","R","E","R","B",null,"M","$","M","?","M","R","M","M","T","T","E","M"],"character_chosen":"THE_SILENT","items_purchased":["Noxious Fumes","Slice","DollysMirror","Footwork","Poison Potion","Cauldron"],"campfire_rested":2,"item_purchase_floors":[3,3,14,25,25,36],"current_hp_per_floor":[70,70,70,70,70,64,64,64,64,64,64,62,59,59,59,59,70,61,61,46,46,46,67,67,67,67,67,67,67,67,51,51,24,70,70,70,37,37,30,51,47,35,35,35,32,0,0],"gold":204,"neow_bonus":"RANDOM_COMMON_RELIC","is_daily":false,"chose_seed":false,"campfire_upgraded":4,"win_rate":0.0,"timestamp":1613746385,"path_taken":["M","M","$","?","M","E","?","R","T","R","M","?","E","$","R","BOSS","M","M","M","?","M","R","M","$","T","?","?","M","R","E","R","BOSS","M","$","M","?","?","R","M","M","T","?","E","M"],"items_purchased_type":["Card","Card","Relic","Card","Potion","Relic"],"build_version":"2020-12-22","purchased_purges":0,"victory":false,"max_hp_per_floor":[70,70,70,70,70,70,70,70,70,70,70,70,70,70,70,70,70,70,70,70,70,70,70,70,70,70,70,70,70,70,70,70,70,70,70,70,70,70,70,70,70,70,70,70,70,70,70],"card_choices":[{"not_picked":["hubris:SlightOfHand","Calculated Gamble"],"picked":"Well Laid Plans","floor":1},{"not_picked":["Backflip","Deadly Poison"],"picked":"Flying Knee","floor":2},{"not_picked":["PiercingWail","Flechettes"],"picked":"Choke","floor":4},{"not_picked":["ReplayTheSpireMod:Scrap Shanks","hubris:SlightOfHand"],"picked":"Poison Darts","floor":5},{"not_picked":["Escape Plan","aspiration:Lunge"],"picked":"Backflip","floor":6},{"not_picked":["Quick Slash","Concentrate"],"picked":"Dagger Throw","floor":11},{"not_picked":["Cloak And Dagger","Quick Slash"],"picked":"Infinite Blades","floor":12},{"not_picked":["Replay:Poison Smokescreen","Masterful Stab"],"picked":"Footwork","floor":13},{"not_picked":["Tools of the Trade","After Image"],"picked":"Bullet Time","floor":16},{"not_picked":["Acrobatics","Reflex"],"picked":"Outmaneuver","floor":18},{"not_picked":["Flying Knee","Riddle With Holes"],"picked":"Poisoned Stab","floor":19},{"not_picked":["Flying Knee","Riddle With Holes"],"picked":"Catalyst+1","floor":20},{"not_picked":["Concentrate","PiercingWail"],"picked":"Bane","floor":22},{"not_picked":["Dagger Throw","Underhanded Strike","All Out Attack"],"picked":"SKIP","floor":24},{"not_picked":["Hidden Blade","Well Laid Plans"],"picked":"Poison Darts","floor":27},{"not_picked":["hubris:Sniper","Dodge and Roll","hubris:SlightOfHand"],"picked":"SKIP","floor":29},{"not_picked":["Acrobatics","Sucker Punch"],"picked":"ReplayTheSpireMod:Speed Training","floor":31},{"not_picked":["Envenom","Replay:Bag of Tricks"],"picked":"After Image","floor":33},{"not_picked":["Outmaneuver+1","Prepared"],"picked":"Hidden Blade+1","floor":35},{"not_picked":["Heel Hook","Sucker Punch"],"picked":"Envenom","floor":37},{"not_picked":["Terror+1","Underhanded Strike"],"picked":"Distraction+1","floor":39},{"not_picked":["Unload","Dodge and Roll"],"picked":"Catalyst+1","floor":41},{"not_picked":["Backflip","Dodge and Roll+1","hubris:TrickCloak+1"],"picked":"SKIP","floor":42},{"not_picked":["hubris:SlightOfHand+1","ReplayTheSpireMod:Exploit Weakness"],"picked":"Toxin Wave","floor":45}],"player_experience":534896,"relics_obtained":[{"floor":6,"key":"HornCleat"},{"floor":9,"key":"aspiration:VileToxins"},{"floor":13,"key":"PreservedInsect"},{"floor":43,"key":"MealTicket"},{"floor":44,"key":"Blood Vial"},{"floor":45,"key":"Akabeko"}],"event_choices":[{"damage_healed":0,"gold_gain":0,"player_choice":"Forge","damage_taken":0,"max_hp_gain":0,"max_hp_loss":0,"event_name":"Accursed Blacksmith","floor":7,"gold_loss":0,"cards_upgraded":["Noxious Fumes"]},{"damage_healed":0,"gold_gain":0,"player_choice":"Ignored","damage_taken":0,"max_hp_gain":0,"max_hp_loss":0,"event_name":"betterNote:BetterNote","floor":21,"gold_loss":0,"cards_obtained":["hermit:Headshot"]},{"damage_healed":0,"gold_gain":0,"player_choice":"Ignored","damage_taken":0,"max_hp_gain":0,"max_hp_loss":0,"event_name":"Purifier","floor":38,"gold_loss":0}],"is_beta":false,"boss_relics":[{"not_picked":["aspiration:DefectSkillbook","Coffee Dripper"],"picked":"thethorton:BottledFunds"},{"not_picked":["SacredBark","Snecko Scales"],"picked":"Fusion Hammer"}],"items_purged_floors":[],"is_endless":false,"potions_floor_spawned":[1,2,6,13,16,19,20,29,31,39,41,45],"killed_by":"HollowMod:SlobberingHusk","ascension_level":0}}