{"host":"hf83sijwe64ts2lm","time":1613703200,"event":{"mods":["2.2 Compatiblity","BaseMod","Better Altar","Better Match","Better Note","Better Sensory Stone","Better Skull","Better Third Choice","Colored Map","Colored Powertips","Highlight Path","Hubris","Infinite Spire","Minty Spire (QoL Compilation)","Quick Restart","Rare Cards Sparkle","Relic Stats","Reliquary","Replay The Spire","Shop Mod","Spicy Shops","Spire Arcade","StSLib","Thieving Mod"],"gold_per_floor":[114,127,50,50,0,33,52,52,77,104,123,149,149,179,179,279,279,291,308,308,308,320,320,3,3,3,3,17,17,32,52,52,149,149,166,178,190,209,226,226,226,226,277,277,297,297,297,316,316,316,316,316,38,66,66],"floor_reached":56,"language":"ENG","playtime":1691,"items_purged":[],"score":1390,"play_id":"1fcb1b28-9ff5-479c-86cf-cf67550341a9","local_time":"20210218215320","is_ascension_mode":true,"campfire_choices":[{"floor":8.0,"key":"RECALL"},{"floor":15.0,"key":"REST"},{"floor":23.0,"key":"REST"},{"floor":27.0,"key":"REST"},{"data":"ReplayTheSpireMod:Brewmster","floor":32.0,"key":"SMITH"},{"floor":40.0,"key":"REST"},{"floor":42.0,"key":"REST"},{"data":"ReplayTheSpireMod:Chaos Vortex","floor":44.0,"key":"SMITH"},{"floor":46.0,"key":"REST"},{"data":"Catalyst","floor":49.0,"key":"SMITH"},{"data":"Venomology","floor":52.0,"key":"SMITH"}],"circlet_count":0,"master_deck":["Strike_G","Strike_G","Strike_G","Strike_G+1","Strike_G","Defend_G","Defend_G","Defend_G","Defend_G","Defend_G","Survivor","Neutralize+1","Toxin Wave","Choke","Masterful Stab","ReplayTheSpireMod:Chaos Vortex+1","Enlightenment","Noxious Fumes","Sucker Punch","Blade Dance","Blade Dance","Cloak And Dagger","Poison Darts","Poison Darts","Bane","Dodge and Roll","Poisoned Stab","Catalyst","infinitespire:Neurotoxin","Heel Hook","Bandage Up","ReplayTheSpireMod:Brewmster+1","Catalyst+1","Venomology+1","Deflect+1","Draining Mist+1","Crippling Poison+1","Sucker Punch"],"relics":["Ring of the Snake","NeowsBlessing","Bird Faced Urn","Oddly Smooth Stone","HornCleat","reliquary:Knoch","Singing Bowl","Black Star","Bloody Idol","Blood Vial","reliquary:RustamsPendant","Bag of Marbles","HoveringKite","Whetstone","Replay:Accelerometer","hubris:PeanutButter","infinitespire:FocusingShard","Bottled Lightning"],"acts_visited":["Exordium","TheCity","TheBeyond","TheEnding"],"potions_floor_usage":[55],"damage_taken":[{"damage":0.0,"enemies":"2 Louse","floor":1.0,"turns":1.0},{"damage":0.0,"enemies":"Jaw Worm","floor":2.0,"turns":1.0},{"damage":0.0,"enemies":"Lagavulin","floor":6.0,"turns":1.0},{"damage":0.0,"enemies":"Cultist","floor":7.0,"turns":3.0},{"damage":7.0,"enemies":"3 Sentries","floor":10.0,"turns":6.0},{"damage":0.0,"enemies":"Blue Slaver","floor":11.0,"turns":3.0},{"damage":5.0,"enemies":"Lagavulin","floor":12.0,"turns":5.0},{"damage":15.0,"enemies":"Gremlin Nob","floor":14.0,"turns":4.0},{"damage":33.0,"enemies":"Hexaghost","floor":16.0,"turns":10.0},{"damage":0.0,"enemies":"Spheric Guardian","floor":18.0,"turns":4.0},{"damage":8.0,"enemies":"Shell Parasite","floor":19.0,"turns":4.0},{"damage":5.0,"enemies":"3 Cultists","floor":22.0,"turns":4.0},{"damage":1.0,"enemies":"Centurion and Healer","floor":28.0,"turns":6.0},{"damage":18.0,"enemies":"Snake Plant","floor":30.0,"turns":3.0},{"damage":15.0,"enemies":"Cultist and Chosen","floor":31.0,"turns":5.0},{"damage":89.0,"enemies":"Champ","floor":33.0,"turns":11.0},{"damage":5.0,"enemies":"Orb Walker","floor":35.0,"turns":3.0},{"damage":12.0,"enemies":"3 Shapes","floor":36.0,"turns":4.0},{"damage":0.0,"enemies":"Sphere and 2 Shapes","floor":37.0,"turns":3.0},{"damage":38.0,"enemies":"3 Darklings","floor":38.0,"turns":4.0},{"damage":40.0,"enemies":"Spire Growth","floor":39.0,"turns":5.0},{"damage":28.0,"enemies":"Jaw Worm Horde","floor":45.0,"turns":5.0},{"damage":18.0,"enemies":"4 Shapes","floor":48.0,"turns":6.0},{"damage":94.0,"enemies":"Awakened One","floor":50.0,"turns":14.0},{"damage":38.0,"enemies":"Shield and Spear","floor":54.0,"turns":7.0},{"damage":52,"enemies":"The Heart","floor":55,"turns":6}],"seed_played":"2160573073497726541","potions_obtained":[{"floor":6.0,"key":"Block Potion"},{"floor":10.0,"key":"Energy Potion"},{"floor":12.0,"key":"CunningPotion"},{"floor":16.0,"key":"SkillPotion"},{"floor":18.0,"key":"Flashbang"},{"floor":31.0,"key":"AttackPotion"},{"floor":35.0,"key":"GamblersBrew"},{"floor":38.0,"key":"Doom Potion"}],"is_trial":false,"path_per_floor":["M","M","$","?","?","E","M","R","T","E","M","E","?","E","R","B",null,"M","M","?","AVR","M","R","$","?","T","R","M","?","M","M","R","B",null,"M","M","M","M","M","R","?","R","T","R","M","R","AVR","M","R","B",null,"R","$","E","B",null],"character_chosen":"THE_SILENT","items_purchased":["Masterful Stab","Poisoned Stab","Catalyst","infinitespire:Neurotoxin","Heel Hook","hubris:PeanutButter","Sucker Punch"],"campfire_rested":6,"item_purchase_floors":[3,24,24,24,24,53,53],"current_hp_per_floor":[70,70,70,53,59,59,61,61,61,58,60,57,57,44,66,37,76,76,68,10,10,18,41,41,41,41,64,76,76,71,71,71,49,82,84,85,86,55,30,57,57,84,89,89,75,90,90,85,85,2,90,90,90,67,23],"gold":66,"neow_bonus":"THREE_ENEMY_KILL","is_daily":false,"chose_seed":false,"campfire_upgraded":4,"win_rate":0.0,"timestamp":1613703200,"path_taken":["M","M","$","?","?","E","?","R","T","E","M","E","?","E","R","BOSS","M","M","?","AVR","M","R","$","?","T","R","M","?","M","M","R","BOSS","M","M","M","M","M","R","?","R","T","R","M","R","AVR","M","R","BOSS","R","$","E","BOSS"],"items_purchased_type":["Card","Card","Card","Card","Card","Relic","Card"],"build_version":"2020-12-22","purchased_purges":0,"victory":true,"max_hp_per_floor":[70,70,70,70,76,76,76,76,76,76,76,76,76,76,76,76,76,76,76,76,76,78,78,78,78,78,78,78,78,80,82,82,82,82,84,86,86,88,90,90,90,90,90,90,90,90,90,90,90,90,90,90,90,92,92],"relic_stats":{"Blood Vial":18,"Singing Bowl":16,"counters":[26,128],"Bird Faced Urn":[57],"Bloody Idol":63,"HoveringKite":[2],"Black Star":1,"Whetstone":["Neutralize","Strike_G"],"obtain_stats":[{"Replay:Accelerometer":47,"NeowsBlessing":0,"Singing Bowl":14,"Oddly Smooth Stone":10,"HoveringKite":34,"infinitespire:FocusingShard":54,"Whetstone":43,"Blood Vial":20,"reliquary:RustamsPendant":21,"HornCleat":12,"Bird Faced Urn":6,"Bloody Idol":20,"hubris:PeanutButter":53,"Black Star":17,"Bag of Marbles":26,"reliquary:Knoch":13,"Bottled Lightning":54,"Ring of the Snake":0},{"Replay:Accelerometer":22,"NeowsBlessing":0,"Singing Bowl":8,"Oddly Smooth Stone":5,"HoveringKite":16,"infinitespire:FocusingShard":25,"Whetstone":21,"Blood Vial":11,"reliquary:RustamsPendant":11,"HornCleat":7,"Bird Faced Urn":3,"Bloody Idol":11,"hubris:PeanutButter":24,"Black Star":9,"Bag of Marbles":12,"reliquary:Knoch":7,"Bottled Lightning":25,"Ring of the Snake":0},{"Replay:Accelerometer":95,"NeowsBlessing":0,"Singing Bowl":24,"Oddly Smooth Stone":12,"HoveringKite":71,"infinitespire:FocusingShard":122,"Whetstone":90,"Blood Vial":42,"reliquary:RustamsPendant":42,"HornCleat":20,"Bird Faced Urn":3,"Bloody Idol":42,"hubris:PeanutButter":115,"Black Star":34,"Bag of Marbles":46,"reliquary:Knoch":20,"Bottled Lightning":122,"Ring of the Snake":0}],"Ring of the Snake":[52]},"card_choices":[{"not_picked":["Flechettes","Backflip"],"picked":"Toxin Wave","floor":1.0},{"not_picked":["Deflect","Cloak And Dagger"],"picked":"Choke","floor":2.0},{"not_picked":["infinitespire:Collect","hubris:InfiniteBlow"],"picked":"ReplayTheSpireMod:Chaos Vortex","floor":4.0},{"not_picked":["Outmaneuver","Deflect"],"picked":"Noxious Fumes","floor":6.0},{"not_picked":["Deflect","Prepared"],"picked":"Sucker Punch","floor":7.0},{"not_picked":["Dagger Throw","ReplayTheSpireMod:Exploit Weakness"],"picked":"Blade Dance","floor":10.0},{"not_picked":["Flying Knee","Deflect"],"picked":"Blade Dance","floor":11.0},{"not_picked":["Tactician","Expertise"],"picked":"Cloak And Dagger","floor":12.0},{"not_picked":["hubris:SlightOfHand","Bane"],"picked":"Poison Darts","floor":14.0},{"not_picked":["infinitespire:Neurotoxin","Grand Finale"],"picked":"Poison Darts","floor":16.0},{"not_picked":["Dash","Concentrate"],"picked":"Bane","floor":18.0},{"not_picked":["Backflip+1","Well Laid Plans"],"picked":"Dodge and Roll","floor":19.0},{"not_picked":["Blade Dance","Calculated Gamble+1","Reflex+1"],"picked":"Singing Bowl","floor":22.0},{"not_picked":["Replay:Sssssssssshield","ReplayTheSpireMod:Necrogeddon"],"picked":"Bandage Up","floor":25.0},{"not_picked":["Discovery","ReplayTheSpireMod:Trickstab"],"picked":"ReplayTheSpireMod:Brewmster","floor":25.0},{"not_picked":["Deadly Poison","Sucker Punch"],"picked":"Catalyst","floor":28.0},{"not_picked":["Flying Knee","Prepared","Fluid Movement"],"picked":"Singing Bowl","floor":30.0},{"not_picked":["Sucker Punch","Prepared","Underhanded Strike"],"picked":"Singing Bowl","floor":31.0},{"not_picked":["Bullet Time","After Image"],"picked":"Venomology","floor":33.0},{"not_picked":["Flying Knee","hubris:Sniper","Escape Plan+1"],"picked":"Singing Bowl","floor":35.0},{"not_picked":["ReplayTheSpireMod:Speed Training+1","Underhanded Strike+1","Eviscerate+1"],"picked":"Singing Bowl","floor":36.0},{"not_picked":["Acrobatics","Quick Slash"],"picked":"Deflect+1","floor":37.0},{"not_picked":["Riddle With Holes","Escape Plan+1","Replay:Poison Smokescreen"],"picked":"Singing Bowl","floor":38.0},{"not_picked":["Sucker Punch","Flying Knee","Cloak And Dagger"],"picked":"Singing Bowl","floor":39.0},{"not_picked":["PiercingWail","Flying Knee"],"picked":"Draining Mist+1","floor":45.0},{"not_picked":["Distraction","Underhanded Strike"],"picked":"Crippling Poison+1","floor":48.0},{"not_picked":["Accuracy","Tools of the Trade","Concentrate+1"],"picked":"Singing Bowl","floor":54.0}],"player_experience":182364,"relics_obtained":[{"floor":6.0,"key":"Bird Faced Urn"},{"floor":10.0,"key":"Oddly Smooth Stone"},{"floor":12.0,"key":"HornCleat"},{"floor":14.0,"key":"Singing Bowl"},{"floor":26.0,"key":"Bag of Marbles"},{"floor":43.0,"key":"Whetstone"},{"floor":54.0,"key":"infinitespire:FocusingShard"},{"floor":54.0,"key":"Bottled Lightning"}],"event_choices":[{"damage_healed":0.0,"max_hp_gain":0.0,"max_hp_loss":0.0,"gold_gain":0.0,"event_name":"betterThird:BetterSerpent","player_choice":"RENOUNCE","floor":5.0,"gold_loss":50.0,"damage_taken":50.0,"cards_obtained":["Enlightenment"]},{"damage_healed":0.0,"max_hp_gain":0.0,"max_hp_loss":0.0,"gold_gain":0.0,"event_name":"WeMeetAgain","player_choice":"Gave Potion","floor":13.0,"gold_loss":0.0,"damage_taken":0.0,"relics_obtained":["reliquary:Knoch"]},{"damage_healed":0.0,"max_hp_gain":68.0,"max_hp_loss":10.0,"gold_gain":0.0,"event_name":"betterAltar:BetterAltar","player_choice":" Idol Vial ","floor":20.0,"potions_obtained":[],"relics_lost":[],"gold_loss":0.0,"damage_taken":58.0,"relics_obtained":["Bloody Idol","Blood Vial"]},{"damage_healed":0.0,"max_hp_gain":0.0,"max_hp_loss":0.0,"gold_gain":2.0,"event_name":"betterStone:BetterStone","player_choice":"1","floor":25.0,"gold_loss":0.0,"damage_taken":0.0},{"damage_healed":0.0,"max_hp_gain":0.0,"max_hp_loss":0.0,"gold_gain":0.0,"event_name":"The Woman in Blue","player_choice":"Bought 0 Potions","floor":41.0,"gold_loss":0.0,"damage_taken":0.0}],"is_beta":false,"boss_relics":[{"not_picked":["Runic Dome","reliquary:RedCape"],"picked":"Black Star"},{"not_picked":["reliquary:KinkedSpring","Philosopher\u0027s Stone"],"picked":"HoveringKite"}],"items_purged_floors":[],"is_endless":false,"potions_floor_spawned":[6,10,12,16,18,31,35,36,38],"ascension_level":3}}