{"host":"2fgwwnzqc97k7iys","time":1613772455,"event":{"mods":["BaseMod","Colored Map","Minty Spire (QoL Compilation)","Quick Restart","Relic Stats"],"gold_per_floor":[129,141,167,197,223,235,267,306,318,392,430,461,473,500,512,625,637,659,682,467,467,467],"floor_reached":21,"language":"ENG","playtime":1578,"items_purged":["Strike_P"],"score":290,"play_id":"de153b84-d6bb-40ee-b652-36bf7b520002","local_time":"20210219160735","is_ascension_mode":true,"campfire_choices":[{"data":"TalkToTheHand","floor":6.0,"key":"SMITH"},{"data":"Meditate","floor":13.0,"key":"SMITH"},{"floor":15.0,"key":"REST"}],"circlet_count":0,"master_deck":["AscendersBane","Strike_P","Strike_P","Strike_P","Defend_P","Defend_P","Defend_P","Defend_P","Eruption+1","Vigilance","TalkToTheHand+1","EmptyFist","FlurryOfBlows","FlurryOfBlows","Vengeance","FlurryOfBlows","Meditate+1","EmptyBody","ClearTheMind","Vault","FearNoEvil"],"relics":["PureWater","MawBank","Pear","Yang","Letter Opener","Centennial Puzzle","Busted Crown","Happy Flower"],"acts_visited":["TheCity"],"potions_floor_usage":[],"damage_taken":[{"damage":8.0,"enemies":"Jaw Worm","floor":1.0,"turns":4.0},{"damage":0.0,"enemies":"Small Slimes","floor":3.0,"turns":2.0},{"damage":0.0,"enemies":"Cultist","floor":4.0,"turns":2.0},{"damage":9.0,"enemies":"Large Slime","floor":5.0,"turns":8.0},{"damage":0.0,"enemies":"2 Fungi Beasts","floor":7.0,"turns":2.0},{"damage":32.0,"enemies":"3 Sentries","floor":8.0,"turns":8.0},{"damage":0.0,"enemies":"Gremlin Nob","floor":10.0,"turns":3.0},{"damage":15.0,"enemies":"Gremlin Nob","floor":11.0,"turns":4.0},{"damage":3.0,"enemies":"3 Louse","floor":12.0,"turns":3.0},{"damage":6.0,"enemies":"Large Slime","floor":14.0,"turns":4.0},{"damage":17.0,"enemies":"Slime Boss","floor":16.0,"turns":9.0},{"damage":0,"enemies":"3 Byrds","floor":18,"turns":3},{"damage":3,"enemies":"2 Thieves","floor":19,"turns":3},{"damage":0,"enemies":"Sentry and Sphere","floor":21,"turns":2}],"seed_played":"-4945829915578158760","potions_obtained":[{"floor":3.0,"key":"LiquidMemories"},{"floor":4.0,"key":"LiquidBronze"},{"floor":7.0,"key":"GamblersBrew"},{"floor":16.0,"key":"DuplicationPotion"},{"floor":18,"key":"Weak Potion"},{"floor":19,"key":"SteroidPotion"}],"is_trial":false,"path_per_floor":["M","?","M","M","M","R","M","E","T","?","E","M","R","M","R","B",null,"M","M","$","M"],"character_chosen":"WATCHER","items_purchased":["Happy Flower"],"campfire_rested":1,"item_purchase_floors":[20],"current_hp_per_floor":[57,57,57,57,48,48,48,26,26,26,11,8,8,2,26,9,64,64,61,61,61,61],"gold":467,"neow_bonus":"RANDOM_COMMON_RELIC","is_daily":false,"chose_seed":false,"campfire_upgraded":2,"win_rate":0.0,"timestamp":1613772455,"path_taken":["M","?","M","M","M","R","M","E","T","?","E","M","R","M","R","BOSS","M","M","$","M"],"items_purchased_type":["Relic"],"build_version":"2020-12-22","purchased_purges":1,"victory":false,"max_hp_per_floor":[72,72,72,72,72,72,72,82,82,82,82,82,82,82,82,82,82,82,82,82,82,82],"relic_stats":{"Centennial Puzzle":[12],"Busted Crown":4,"Happy Flower":[0],"counters":[14,57],"Yang":[113],"Letter Opener":[49],"MawBank":240,"obtain_stats":[{"Centennial Puzzle":11,"Pear":8,"Busted Crown":17,"Happy Flower":20,"Yang":9,"Letter Opener":10,"PureWater":0,"MawBank":0},{"Centennial Puzzle":8,"Pear":6,"Busted Crown":11,"Happy Flower":13,"Yang":6,"Letter Opener":7,"PureWater":0,"MawBank":0},{"Centennial Puzzle":33,"Pear":26,"Busted Crown":49,"Happy Flower":55,"Yang":26,"Letter Opener":29,"PureWater":0,"MawBank":0}]},"card_choices":[{"not_picked":["ClearTheMind","Consecrate"],"picked":"TalkToTheHand","floor":1.0},{"not_picked":["FollowUp","CrushJoints"],"picked":"EmptyFist","floor":3.0},{"not_picked":["ClearTheMind","WheelKick"],"picked":"FlurryOfBlows","floor":4.0},{"not_picked":["FearNoEvil","CarveReality"],"picked":"FlurryOfBlows","floor":5.0},{"not_picked":["EmptyBody","Prostrate"],"picked":"Vengeance","floor":7.0},{"not_picked":["EmptyMind","SpiritShield"],"picked":"FlurryOfBlows","floor":8.0},{"not_picked":["Prostrate","Protect"],"picked":"Meditate","floor":10.0},{"not_picked":["FlurryOfBlows","WindmillStrike","MasterReality"],"picked":"SKIP","floor":11.0},{"not_picked":["DeceiveReality","Pray"],"picked":"EmptyBody","floor":12.0},{"not_picked":["Collect","Wireheading"],"picked":"ClearTheMind","floor":14.0},{"not_picked":["Ragnarok","Judgement"],"picked":"Vault","floor":16.0},{"not_picked":["Evaluate"],"picked":"SKIP","floor":18},{"not_picked":[],"picked":"FearNoEvil","floor":19}],"player_experience":631740,"relics_obtained":[{"floor":8.0,"key":"Pear"},{"floor":9.0,"key":"Yang"},{"floor":10.0,"key":"Letter Opener"},{"floor":11.0,"key":"Centennial Puzzle"}],"event_choices":[{"damage_healed":0.0,"max_hp_gain":0.0,"max_hp_loss":0.0,"gold_gain":0.0,"event_name":"Living Wall","player_choice":"Grow","floor":2.0,"gold_loss":0.0,"damage_taken":0.0,"cards_upgraded":["Eruption"]},{"damage_healed":0.0,"max_hp_gain":0.0,"max_hp_loss":0.0,"gold_gain":0.0,"event_name":"Dead Adventurer","player_choice":"Searched \u00271\u0027 times","floor":10.0,"gold_loss":0.0,"damage_taken":0.0}],"is_beta":false,"boss_relics":[{"not_picked":["Snecko Eye","SacredBark"],"picked":"Busted Crown"}],"items_purged_floors":[20],"is_endless":false,"potions_floor_spawned":[3,4,7,16,18,19],"killed_by":"Sentry and Sphere","ascension_level":10}}