{"host":"agl6880ykeaxaurv","time":1613726372,"event":{"mods":["AchievementEnabler","BaseMod","Colored Map","Colored Powertips","Downfall","Hermit","Highlight Path","Infinite Spire","Minty Spire (QoL Compilation)","Robot Space Explorer","Shop Mod","StSLib","The Cursed","The Disciple","The Runesmith","The Servant 0.9.4"],"gold_per_floor":[109,126,126,126,13,46,46,46,115,150,160,176,186,216,216,314,314,324,335,347,366,16,16,36,54,54,54,6,6,31,44,44,139,139,153,153,153,166,166,166],"floor_reached":39,"language":"ENG","playtime":2895,"items_purged":["Runesmith:Permafrost"],"score":498,"play_id":"f3c9cda1-bb34-4a08-a5c8-f70d61c6b44e","local_time":"20210219091932","is_ascension_mode":false,"campfire_choices":[{"floor":7,"key":"RECALL"},{"floor":15,"key":"REST"},{"floor":23,"key":"REST"},{"floor":29,"key":"REST"},{"floor":32,"key":"REST"}],"circlet_count":0,"master_deck":["Runesmith:CraftFirestone","Runesmith:Fortify+1","Runesmith:Discharge","Runesmith:UnstableHammer","Runesmith:PoweredAnvil","Runesmith:ChaoticBlast","Runesmith:ShiftingStrike","Runesmith:CraftProtectio","Runesmith:Electrocute","Runesmith:UnstableHammer","Runesmith:ArcReactor","Runesmith:ArcReactor","Runesmith:CraftPrismatica","Runesmith:Terraform+1","Runesmith:FieryHammer+1","Runesmith:ShiftingStrike","Runesmith:Firestorm","Runesmith:Repurpose","Runesmith:StaticCage","Runesmith:EnergizedChisel","Runesmith:CraftMagma","Runesmith:FissionHammer","Runesmith:CraftReservo","Runesmith:UnstableHammer","Runesmith:Permafrost","Runesmith:CraftMedicinae","Runesmith:Superposition","Runesmith:UnstableHammer","Runesmith:Empowerment","Runesmith:Duplicate","Runesmith:Reinforce+1","infinitespire:UltimateForm","Runesmith:EnergizedChisel","Purity","Runesmith:CraftIndustria","Runesmith:CraftSpiculum+1"],"relics":["Runesmith:BrokenRuby","NeowsBlessing","Dead Branch","Shuriken","infinitespire:PuzzleCube","infinitespire:CheckeredPen","Runesmith:UraniumAnvil","Calipers","Pantograph","Velvet Choker","Incense Burner","Pandora\u0027s Box"],"acts_visited":["Exordium","TheCity","TheBeyond"],"potions_floor_usage":[10,12,20,21,30,30,33,33,33,33],"damage_taken":[{"damage":0,"enemies":"2 Louse","floor":1,"turns":1},{"damage":0,"enemies":"Small Slimes","floor":2,"turns":1},{"damage":0,"enemies":"Lagavulin","floor":6,"turns":2},{"damage":12,"enemies":"3 Sentries","floor":10,"turns":5},{"damage":0,"enemies":"Jaw Worm","floor":11,"turns":2},{"damage":16,"enemies":"Gremlin Gang","floor":12,"turns":3},{"damage":20,"enemies":"Lots of Slimes","floor":13,"turns":4},{"damage":9,"enemies":"Lagavulin","floor":14,"turns":6},{"damage":18,"enemies":"Hexaghost","floor":16,"turns":8},{"damage":3,"enemies":"Spheric Guardian","floor":18,"turns":4},{"damage":11,"enemies":"3 Byrds","floor":19,"turns":5},{"damage":2,"enemies":"Cultist and Chosen","floor":20,"turns":5},{"damage":29,"enemies":"Shelled Parasite and Fungi","floor":21,"turns":4},{"damage":14,"enemies":"Snecko","floor":24,"turns":5},{"damage":21,"enemies":"Snake Plant","floor":25,"turns":6},{"damage":8,"enemies":"Nightmare","floor":30,"turns":11},{"damage":16,"enemies":"Centurion and Healer","floor":31,"turns":6},{"damage":44,"enemies":"Collector","floor":33,"turns":6},{"damage":30,"enemies":"3 Shapes","floor":35,"turns":5},{"damage":19,"enemies":"3 Darklings","floor":38,"turns":4},{"damage":8,"enemies":"Maw","floor":39,"turns":4}],"seed_played":"4145527305184798602","potions_obtained":[{"floor":1,"key":"champ:CounterPotion"},{"floor":2,"key":"EssenceOfSteel"},{"floor":13,"key":"Swift Potion"},{"floor":16,"key":"Swift Potion"},{"floor":18,"key":"EssenceOfSteel"},{"floor":19,"key":"AttackPotion"},{"floor":25,"key":"SteroidPotion"},{"floor":31,"key":"EntropicBrew"}],"is_trial":false,"path_per_floor":["M","M","?","?","$","E","R","T","T","E","M","M","M","E","R","B",null,"M","M","M","M","$","R","M","M","T","AVR","$","R","NM","M","R","B",null,"M","?","?","M","M"],"character_chosen":"RUNESMITH_CLASS","items_purchased":["Runesmith:PoweredAnvil","Runesmith:ChaoticBlast","Calipers","Runesmith:Permafrost","Dexterity Potion"],"campfire_rested":4,"item_purchase_floors":[5,5,22,22,28],"current_hp_per_floor":[70,70,70,70,70,70,70,70,70,58,58,42,22,13,34,16,70,67,56,54,25,25,46,32,11,11,11,11,32,24,8,29,10,70,40,24,24,5,0,0],"gold":166,"neow_bonus":"THREE_ENEMY_KILL","is_daily":false,"chose_seed":false,"campfire_upgraded":0,"win_rate":0.0,"timestamp":1613726372,"path_taken":["M","M","?","?","$","E","R","?","T","E","?","M","M","E","R","BOSS","M","M","M","M","$","R","M","M","T","AVR","?","R","NM","M","R","BOSS","M","?","?","M","M"],"items_purchased_type":["Card","Card","Relic","Card","Potion"],"build_version":"2020-12-22","purchased_purges":1,"victory":false,"max_hp_per_floor":[70,70,70,70,70,70,70,70,70,70,70,70,70,70,70,70,70,70,70,70,70,70,70,70,70,70,70,70,70,70,70,70,70,70,70,70,70,70,70,70],"card_choices":[{"not_picked":["Runesmith:Overpower","Runesmith:CraftMagma"],"picked":"Runesmith:Discharge","floor":1},{"not_picked":["Runesmith:BackupBattery","Runesmith:Prism"],"picked":"Runesmith:UnstableHammer","floor":2},{"not_picked":["Runesmith:CraftIncendium","Runesmith:PerfectChisel"],"picked":"Runesmith:ShiftingStrike","floor":6},{"not_picked":["Runesmith:HeatExchange","Runesmith:CraftObretio"],"picked":"Runesmith:CraftProtectio","floor":10},{"not_picked":["Runesmith:Attraction","Runesmith:HeatExchange"],"picked":"Runesmith:Electrocute","floor":11},{"not_picked":["Runesmith:CraftMagma","Runesmith:EnergizedChisel"],"picked":"Runesmith:UnstableHammer","floor":12},{"not_picked":["Runesmith:ShiftingStrike","Runesmith:CraftMagma"],"picked":"Runesmith:ArcReactor","floor":13},{"not_picked":["Runesmith:OneForEveryone","Runesmith:StaticCage"],"picked":"Runesmith:ArcReactor","floor":14},{"not_picked":["Runesmith:LastStand","Runesmith:ReplicatingBarrier"],"picked":"Runesmith:CraftPrismatica","floor":16},{"not_picked":["Runesmith:CraftProtectio","Runesmith:MakeshiftArmor"],"picked":"Runesmith:Terraform+1","floor":18},{"not_picked":["Runesmith:StaticCage","Runesmith:CraftIncendium+1"],"picked":"Runesmith:FieryHammer+1","floor":19},{"not_picked":["Runesmith:Malloc","Runesmith:Overpower+1"],"picked":"Runesmith:ShiftingStrike","floor":20},{"not_picked":["Runesmith:Overpower+1","Runesmith:MakeshiftArmor+1"],"picked":"Runesmith:Firestorm","floor":21},{"not_picked":["Runesmith:MakeshiftArmor","Runesmith:ChaoticBlast+1"],"picked":"Runesmith:Repurpose","floor":24},{"not_picked":["Runesmith:MakeshiftArmor","Runesmith:HammerThrow"],"picked":"Runesmith:StaticCage","floor":25},{"not_picked":["Runesmith:HeatExchange","Runesmith:Overpower"],"picked":"Runesmith:EnergizedChisel","floor":30},{"not_picked":["Runesmith:Grindstone","Runesmith:Attraction"],"picked":"Runesmith:CraftMagma","floor":31},{"not_picked":["Runesmith:ReplicatingBarrier","Runesmith:LightningRod"],"picked":"Runesmith:FissionHammer","floor":33},{"not_picked":["Runesmith:EnergizedChisel+1","Runesmith:RuneHurl"],"picked":"Runesmith:Reinforce+1","floor":35},{"not_picked":["infinitespire:Fortify","infinitespire:FutureSight"],"picked":"infinitespire:UltimateForm","floor":36},{"not_picked":["Runesmith:CraftProtectio+1","Runesmith:CraftVitae"],"picked":"Runesmith:CraftSpiculum+1","floor":38}],"player_experience":295557,"relics_obtained":[{"floor":6,"key":"Dead Branch"},{"floor":9,"key":"Shuriken"},{"floor":10,"key":"infinitespire:PuzzleCube"},{"floor":14,"key":"infinitespire:CheckeredPen"},{"floor":26,"key":"Pantograph"},{"floor":30,"key":"Incense Burner"}],"event_choices":[{"damage_healed":0,"gold_gain":0,"player_choice":"3 cards matched","damage_taken":0,"max_hp_gain":0,"max_hp_loss":0,"event_name":"Match and Keep!","floor":37,"gold_loss":0,"cards_obtained":["Runesmith:EnergizedChisel","Purity","Runesmith:CraftIndustria"]}],"is_beta":false,"boss_relics":[{"not_picked":["Astrolabe","SacredBark"],"picked":"Runesmith:UraniumAnvil"},{"not_picked":["bronze:MakeshiftBattery","Tiny House"],"picked":"Pandora\u0027s Box"}],"items_purged_floors":[27],"is_endless":true,"potions_floor_spawned":[1,2,13,16,18,19,25,31],"killed_by":"Maw","ascension_level":0}}