{"host":"v4pe0ixo3k7iwzp0","time":1613721793,"event":{"mods":["100% Spire Juice","BaseMod","Bestiary","Highlight Path","Minty Spire (QoL Compilation)","StSLib","The Bug Knight","The Senshi"],"gold_per_floor":[114,134,150,162,181,195,213,232,232,249,26,44,44,75,75,174,174,189,189,189],"floor_reached":19,"language":"ENG","playtime":1238,"items_purged":[],"score":177,"play_id":"1357a498-2f57-4f6e-bcd2-e22525590ca7","local_time":"20210219000313","is_ascension_mode":false,"campfire_choices":[{"data":"HollowMod:SlysStrikes","floor":13.0,"key":"SMITH"},{"floor":15.0,"key":"REST"}],"circlet_count":0,"master_deck":["HollowMod:NailStrikeStart","HollowMod:NailStrikeStart","HollowMod:NailStrikeStart","HollowMod:NailStrikeStart","HollowMod:QuickDashStart","HollowMod:QuickDashStart","HollowMod:QuickDashStart","HollowMod:QuickDashStart","HollowMod:FocusHealStart","HollowMod:PogoStrike","HollowMod:CycloneSlash","HollowMod:SharpenedNail","HollowMod:CycloneSlash","HollowMod:FastStrike","HollowMod:VengefulSpirit","HollowMod:DashSlash","HollowMod:CloakDash","HollowMod:CornifersMapStart","HollowMod:RecoilStrike","HollowMod:SlysStrikes+1","HollowMod:HeavyBlow","HollowMod:theNailsmith"],"relics":["HollowMod:VesselMask","HollowMod:LumaflyLanternRelic","Pen Nib","Omamori","Sozu"],"acts_visited":["Exordium","TheCity"],"potions_floor_usage":[],"damage_taken":[{"damage":1.0,"enemies":"Cultist","floor":1.0,"turns":3.0},{"damage":6.0,"enemies":"Jaw Worm","floor":2.0,"turns":3.0},{"damage":0.0,"enemies":"Small Slimes","floor":3.0,"turns":2.0},{"damage":9.0,"enemies":"Blue Slaver","floor":4.0,"turns":4.0},{"damage":9.0,"enemies":"3 Louse","floor":5.0,"turns":2.0},{"damage":0.0,"enemies":"Large Slime","floor":6.0,"turns":3.0},{"damage":4.0,"enemies":"Exordium Wildlife","floor":7.0,"turns":2.0},{"damage":0.0,"enemies":"Lots of Slimes","floor":8.0,"turns":2.0},{"damage":4.0,"enemies":"Blue Slaver","floor":10.0,"turns":3.0},{"damage":0.0,"enemies":"Exordium Wildlife","floor":12.0,"turns":3.0},{"damage":20.0,"enemies":"Lagavulin","floor":14.0,"turns":5.0},{"damage":6.0,"enemies":"Slime Boss","floor":16.0,"turns":6.0},{"damage":6.0,"enemies":"Spheric Guardian","floor":18.0,"turns":3.0},{"damage":0,"enemies":"Shell Parasite","floor":19,"turns":1}],"seed_played":"8750405986091232256","potions_obtained":[{"floor":3.0,"key":"AttackPotion"},{"floor":5.0,"key":"Ancient Potion"},{"floor":7.0,"key":"Swift Potion"},{"floor":10.0,"key":"Fire Potion"}],"is_trial":false,"path_per_floor":["M","M","M","M","M","M","M","M","T","M","$","M","R","E","R","B",null,"M","M"],"character_chosen":"THE_BUGKNIGHT","items_purchased":["Pen Nib","HollowMod:SlysStrikes"],"campfire_rested":1,"item_purchase_floors":[11,11],"current_hp_per_floor":[74,68,68,65,56,62,58,58,58,54,54,54,54,34,56,50,75,69,69,69],"gold":189,"neow_bonus":"THREE_CARDS","is_daily":false,"chose_seed":false,"campfire_upgraded":1,"win_rate":0.0,"timestamp":1613721793,"path_taken":["M","M","M","M","M","M","M","M","T","M","$","M","R","E","R","BOSS","M","M"],"items_purchased_type":["Relic","Card"],"build_version":"2020-12-22","purchased_purges":0,"victory":false,"max_hp_per_floor":[75,75,75,75,75,75,75,75,75,75,75,75,75,75,75,75,75,75,75,75],"card_choices":[{"not_picked":["HollowMod:ChannelNail","HollowMod:MothsMistake"],"picked":"HollowMod:CycloneSlash","floor":0.0},{"not_picked":["HollowMod:TaintedHusks","HollowMod:SiblingsSouls"],"picked":"HollowMod:SharpenedNail","floor":1.0},{"not_picked":["HollowMod:DungDefenderAura","HollowMod:InfectedAttack"],"picked":"HollowMod:CycloneSlash","floor":2.0},{"not_picked":["HollowMod:TaintedHusks","HollowMod:CycloneSlash"],"picked":"HollowMod:FastStrike","floor":3.0},{"not_picked":["HollowMod:DoubleDash","HollowMod:LifebloodCore"],"picked":"HollowMod:VengefulSpirit","floor":4.0},{"not_picked":["HollowMod:ShadowDash","HollowMod:MothsMistake"],"picked":"HollowMod:DashSlash","floor":5.0},{"not_picked":["HollowMod:FastStrike","HollowMod:InfectionAssault"],"picked":"HollowMod:CloakDash","floor":6.0},{"not_picked":["HollowMod:SharpenedNail","HollowMod:SiblingsSouls"],"picked":"HollowMod:CornifersMapStart","floor":7.0},{"not_picked":["HollowMod:WraithStrike","HollowMod:NewJinnsSoul"],"picked":"HollowMod:RecoilStrike","floor":8.0},{"not_picked":["HollowMod:CycloneSlash","HollowMod:HuntersJournal","HollowMod:Grubsong"],"picked":"SKIP","floor":10.0},{"not_picked":["HollowMod:WraithStrike","HollowMod:InfectionAssault","HollowMod:LifebloodCocoon"],"picked":"SKIP","floor":12.0},{"not_picked":["HollowMod:SlysStrikes","HollowMod:DesolateDive"],"picked":"HollowMod:HeavyBlow","floor":14.0},{"not_picked":["HollowMod:ElderbugsWisdom","HollowMod:MidwifesHunger"],"picked":"HollowMod:theNailsmith","floor":16.0},{"not_picked":["HollowMod:CycloneSlash","HollowMod:WraithStrike","HollowMod:AbyssShriek"],"picked":"SKIP","floor":18}],"player_experience":156291,"relics_obtained":[{"floor":9.0,"key":"HollowMod:LumaflyLanternRelic"},{"floor":14.0,"key":"Omamori"}],"event_choices":[],"is_beta":false,"boss_relics":[{"not_picked":["Cursed Key","Ectoplasm"],"picked":"Sozu"}],"items_purged_floors":[],"is_endless":false,"potions_floor_spawned":[3,5,6,7,10,14,18],"killed_by":"Shell Parasite","ascension_level":0}}