{"host":"ju1b3c4x8n2jtjm7","time":1613733377,"event":{"mods":["AchievementEnabler","BaseMod","Colored Map","Colored Powertips","Highlight Path","Minty Spire (QoL Compilation)","Quick Restart","Rare Cards Sparkle","Relic Stats"],"gold_per_floor":[114,131,144,319,14,14,48,48,100,131,162,174,205,244,256,368,380,405,432,444,473,278,310,324,355,355,375,14,43,43,26,26,124,124,141,160,210,229,240,272,272,303,383,413,433,135,135,146,146,146,146,146,18,47,47],"floor_reached":56,"language":"ENG","playtime":3331,"items_purged":["Doubt","Strike_R","Cleave","Strike_R+1"],"score":1780,"play_id":"70df0f44-fe94-459e-8b08-c81780259c26","local_time":"20210219121617","is_ascension_mode":true,"campfire_choices":[{"data":"Enlightenment","floor":6.0,"key":"SMITH"},{"data":"Whirlwind","floor":8.0,"key":"SMITH"},{"data":"Uppercut","floor":12.0,"key":"SMITH"},{"data":"Bash","floor":15.0,"key":"SMITH"},{"data":"Armaments","floor":30.0,"key":"SMITH"},{"data":"Flex","floor":32.0,"key":"SMITH"},{"data":"Apotheosis","floor":47.0,"key":"SMITH"},{"floor":49.0,"key":"RECALL"},{"data":"Barricade","floor":52.0,"key":"SMITH"}],"circlet_count":0,"master_deck":["Strike_R+1","Defend_R","Defend_R","Defend_R","Defend_R","Bash+1","Enlightenment+1","Whirlwind+1","Power Through","Thunderclap","Whirlwind","Uppercut+1","Whirlwind","Ghostly Armor","Barricade+1","Bloodletting","Whirlwind","Flame Barrier","Evolve+1","Armaments+1","Pommel Strike+1","Flex+1","True Grit+1","Spot Weakness","Impervious","Entrench","Flame Barrier+1","Power Through+1","Body Slam+1","Apotheosis+1","Battle Trance+1","True Grit+1","Juggernaut"],"relics":["Burning Blood","Chemical X","Bag of Marbles","Whetstone","MawBank","Smiling Mask","Empty Cage","FaceOfCleric","ClockworkSouvenir","Dream Catcher","Pear","Happy Flower","Membership Card","HornCleat","Matryoshka","Philosopher\u0027s Stone","Ginger","Juzu Bracelet","Potion Belt","Centennial Puzzle","Pen Nib","OrangePellets","Lantern","Nunchaku","Shuriken","Ice Cream"],"acts_visited":["Exordium","TheCity","TheBeyond","TheEnding"],"potions_floor_usage":[55,55,55,55,55],"damage_taken":[{"damage":14.0,"enemies":"Jaw Worm","floor":1.0,"turns":5.0},{"damage":6.0,"enemies":"Small Slimes","floor":2.0,"turns":4.0},{"damage":0.0,"enemies":"Cultist","floor":3.0,"turns":5.0},{"damage":5.0,"enemies":"3 Sentries","floor":7.0,"turns":2.0},{"damage":20.0,"enemies":"Lagavulin","floor":10.0,"turns":4.0},{"damage":0.0,"enemies":"Blue Slaver","floor":11.0,"turns":1.0},{"damage":0.0,"enemies":"Large Slime","floor":13.0,"turns":2.0},{"damage":0.0,"enemies":"Gremlin Nob","floor":14.0,"turns":2.0},{"damage":30.0,"enemies":"The Guardian","floor":16.0,"turns":8.0},{"damage":0.0,"enemies":"3 Byrds","floor":18.0,"turns":2.0},{"damage":22.0,"enemies":"2 Thieves","floor":19.0,"turns":2.0},{"damage":0.0,"enemies":"Centurion and Healer","floor":21.0,"turns":4.0},{"damage":10.0,"enemies":"Gremlin Leader","floor":23.0,"turns":4.0},{"damage":4.0,"enemies":"Cultist and Chosen","floor":24.0,"turns":4.0},{"damage":29.0,"enemies":"Book of Stabbing","floor":25.0,"turns":3.0},{"damage":1.0,"enemies":"Sentry and Sphere","floor":27.0,"turns":3.0},{"damage":12.0,"enemies":"Slavers","floor":29.0,"turns":2.0},{"damage":53.0,"enemies":"Automaton","floor":33.0,"turns":7.0},{"damage":15.0,"enemies":"3 Shapes","floor":35.0,"turns":4.0},{"damage":1.0,"enemies":"Orb Walker","floor":36.0,"turns":3.0},{"damage":0.0,"enemies":"Mind Bloom Boss Battle","floor":37.0,"turns":2.0},{"damage":0.0,"enemies":"4 Shapes","floor":38.0,"turns":3.0},{"damage":12.0,"enemies":"Transient","floor":39.0,"turns":5.0},{"damage":8.0,"enemies":"Nemesis","floor":40.0,"turns":9.0},{"damage":10.0,"enemies":"Reptomancer","floor":42.0,"turns":3.0},{"damage":9.0,"enemies":"Giant Head","floor":44.0,"turns":8.0},{"damage":0.0,"enemies":"Maw","floor":45.0,"turns":7.0},{"damage":11.0,"enemies":"Writhing Mass","floor":48.0,"turns":2.0},{"damage":5.0,"enemies":"Donu and Deca","floor":50.0,"turns":7.0},{"damage":35.0,"enemies":"Shield and Spear","floor":54.0,"turns":6.0},{"damage":32,"enemies":"The Heart","floor":55,"turns":6}],"seed_played":"-3727103293559973405","potions_obtained":[{"floor":3.0,"key":"LiquidMemories"},{"floor":7.0,"key":"BlessingOfTheForge"},{"floor":11.0,"key":"Fire Potion"},{"floor":13.0,"key":"LiquidBronze"},{"floor":16.0,"key":"LiquidMemories"},{"floor":18.0,"key":"Swift Potion"},{"floor":23.0,"key":"SteroidPotion"},{"floor":25.0,"key":"PowerPotion"},{"floor":27.0,"key":"SteroidPotion"},{"floor":36.0,"key":"ColorlessPotion"},{"floor":39.0,"key":"Strength Potion"},{"floor":42.0,"key":"Swift Potion"},{"floor":45.0,"key":"HeartOfIron"}],"is_trial":false,"path_per_floor":["M","M","M","?","$","R","E","R","T","E","M","R","M","E","R","B",null,"M","M","?","M","$","E","M","E","T","M","$","E","R","$","R","B",null,"M","M","?","M","M","E","?","E","T","E","M","$","R","M","R","B",null,"R","$","E","B",null],"character_chosen":"IRONCLAD","items_purchased":["Chemical X","Cleave","Explosive Potion","ClockworkSouvenir","Membership Card","HornCleat","Flex","Spot Weakness","OrangePellets","Lantern","Nunchaku","SteroidPotion","Shuriken"],"campfire_rested":0,"item_purchase_floors":[5,5,5,22,28,28,28,31,46,46,46,46,53],"current_hp_per_floor":[64,64,70,70,70,70,71,71,71,57,63,63,69,75,75,51,73,79,63,63,70,70,67,70,58,58,64,64,59,59,59,59,13,76,68,74,81,88,83,82,72,69,69,67,74,74,74,70,70,72,99,99,99,71,46],"gold":47,"neow_bonus":"RANDOM_COLORLESS","is_daily":false,"chose_seed":false,"campfire_upgraded":8,"win_rate":0.0,"timestamp":1613733377,"path_taken":["M","M","M","?","$","R","E","R","T","E","M","R","M","E","R","BOSS","M","M","?","M","$","E","M","E","T","M","$","E","R","?","R","BOSS","M","M","?","M","M","E","?","E","T","E","M","$","R","M","R","BOSS","R","$","E","BOSS"],"items_purchased_type":["Relic","Card","Potion","Relic","Relic","Relic","Card","Card","Relic","Relic","Relic","Potion","Relic"],"build_version":"2020-12-22","purchased_purges":4,"victory":true,"max_hp_per_floor":[80,80,80,80,80,80,80,80,80,80,80,80,80,80,80,80,80,80,80,80,81,81,82,83,94,94,95,95,96,96,96,96,97,97,98,99,100,101,102,103,103,104,104,105,106,106,106,107,107,108,108,108,108,109,110],"relic_stats":{"Happy Flower":[25],"counters":[31,129],"Pen Nib":[4],"Juzu Bracelet":0,"Whetstone":["Strike_R","Strike_R"],"Ginger":[8],"MawBank":144,"Smiling Mask":88,"Burning Blood":186,"OrangePellets":[2],"Dream Catcher":0,"Centennial Puzzle":[15],"Nunchaku":[3],"FaceOfCleric":20,"Shuriken":[1],"Chemical X":[89],"obtain_stats":[{"Ice Cream":54,"Lantern":46,"Juzu Bracelet":40,"Whetstone":9,"Ginger":37,"Smiling Mask":14,"Empty Cage":17,"Burning Blood":0,"ClockworkSouvenir":22,"Dream Catcher":23,"Centennial Puzzle":43,"Nunchaku":46,"HornCleat":28,"Matryoshka":29,"FaceOfCleric":20,"Philosopher\u0027s Stone":34,"Chemical X":5,"Potion Belt":42,"Pear":25,"Happy Flower":26,"Pen Nib":44,"MawBank":10,"OrangePellets":46,"Shuriken":53,"Bag of Marbles":7,"Membership Card":28},{"Ice Cream":30,"Lantern":27,"Juzu Bracelet":24,"Whetstone":4,"Ginger":21,"Smiling Mask":8,"Empty Cage":9,"Burning Blood":0,"ClockworkSouvenir":12,"Dream Catcher":13,"Centennial Puzzle":25,"Nunchaku":27,"HornCleat":16,"Matryoshka":17,"FaceOfCleric":11,"Philosopher\u0027s Stone":18,"Chemical X":3,"Potion Belt":25,"Pear":15,"Happy Flower":15,"Pen Nib":26,"MawBank":5,"OrangePellets":27,"Shuriken":29,"Bag of Marbles":4,"Membership Card":16},{"Ice Cream":123,"Lantern":108,"Juzu Bracelet":90,"Whetstone":16,"Ginger":73,"Smiling Mask":25,"Empty Cage":33,"Burning Blood":0,"ClockworkSouvenir":41,"Dream Catcher":45,"Centennial Puzzle":93,"Nunchaku":108,"HornCleat":55,"Matryoshka":57,"FaceOfCleric":37,"Philosopher\u0027s Stone":64,"Chemical X":14,"Potion Belt":93,"Pear":52,"Happy Flower":52,"Pen Nib":101,"MawBank":20,"OrangePellets":108,"Shuriken":117,"Bag of Marbles":16,"Membership Card":55}]},"card_choices":[{"not_picked":["Impatience","Dark Shackles"],"picked":"Enlightenment","floor":0.0},{"not_picked":["Warcry","Pummel"],"picked":"Whirlwind","floor":1.0},{"not_picked":["Reckless Charge","Fire Breathing"],"picked":"Power Through","floor":2.0},{"not_picked":["Heavy Blade","Clash","Armaments"],"picked":"SKIP","floor":3.0},{"not_picked":["Limit Break","Armaments"],"picked":"Thunderclap","floor":7.0},{"not_picked":["Headbutt","Carnage"],"picked":"Whirlwind","floor":10.0},{"not_picked":["Sword Boomerang","Heavy Blade"],"picked":"Uppercut","floor":11.0},{"not_picked":["Clash","Thunderclap"],"picked":"Whirlwind","floor":13.0},{"not_picked":["Body Slam","Sentinel"],"picked":"Ghostly Armor","floor":14.0},{"not_picked":["Exhume","Offering"],"picked":"Barricade","floor":16.0},{"not_picked":["Havoc","Perfected Strike"],"picked":"Bloodletting","floor":18.0},{"not_picked":["Iron Wave","Shrug It Off"],"picked":"Whirlwind","floor":19.0},{"not_picked":["Shrug It Off","Headbutt"],"picked":"Flame Barrier","floor":21.0},{"not_picked":["Ghostly Armor","Headbutt+1"],"picked":"Evolve+1","floor":23.0},{"not_picked":["Rampage","Sword Boomerang"],"picked":"Armaments","floor":24.0},{"not_picked":["Exhume","Perfected Strike","Clash"],"picked":"SKIP","floor":25.0},{"not_picked":["Cleave+1","Body Slam+1"],"picked":"Pommel Strike+1","floor":27.0},{"not_picked":["Twin Strike+1","Sever Soul"],"picked":"True Grit+1","floor":29.0},{"not_picked":["Juggernaut","Bludgeon"],"picked":"Impervious","floor":33.0},{"not_picked":["Clash","Thunderclap+1","Perfected Strike"],"picked":"SKIP","floor":35.0},{"not_picked":["Headbutt","Twin Strike"],"picked":"Entrench","floor":36.0},{"not_picked":["Dark Embrace+1","Cleave+1"],"picked":"Flame Barrier+1","floor":38.0},{"not_picked":["Whirlwind+1","Sentinel"],"picked":"Power Through+1","floor":39.0},{"not_picked":["Clothesline","Evolve"],"picked":"Body Slam+1","floor":40.0},{"not_picked":["Forethought","Flash of Steel"],"picked":"Apotheosis","floor":41.0},{"not_picked":["Hemokinesis","Flex+1","Twin Strike+1"],"picked":"SKIP","floor":42.0},{"not_picked":["Inflame+1","Twin Strike+1"],"picked":"Battle Trance+1","floor":44.0},{"not_picked":["Twin Strike+1","Headbutt"],"picked":"True Grit+1","floor":45.0},{"not_picked":["Heavy Blade+1","Iron Wave","Twin Strike+1"],"picked":"SKIP","floor":48.0},{"not_picked":["Anger","Sentinel+1"],"picked":"Juggernaut","floor":54.0}],"player_experience":391803,"relics_obtained":[{"floor":7.0,"key":"Bag of Marbles"},{"floor":9.0,"key":"Whetstone"},{"floor":10.0,"key":"MawBank"},{"floor":14.0,"key":"Smiling Mask"},{"floor":23.0,"key":"Dream Catcher"},{"floor":25.0,"key":"Pear"},{"floor":26.0,"key":"Happy Flower"},{"floor":29.0,"key":"Matryoshka"},{"floor":37.0,"key":"Ginger"},{"floor":40.0,"key":"Juzu Bracelet"},{"floor":42.0,"key":"Potion Belt"},{"floor":43.0,"key":"Centennial Puzzle"},{"floor":44.0,"key":"Pen Nib"},{"floor":54.0,"key":"Ice Cream"}],"event_choices":[{"damage_healed":0.0,"max_hp_gain":0.0,"max_hp_loss":0.0,"gold_gain":175.0,"event_name":"Liars Game","player_choice":"AGREE","floor":4.0,"gold_loss":0.0,"damage_taken":0.0,"cards_obtained":["Doubt"]},{"damage_healed":0.0,"max_hp_gain":0.0,"max_hp_loss":0.0,"gold_gain":0.0,"event_name":"FaceTrader","player_choice":"Trade","floor":20.0,"gold_loss":0.0,"damage_taken":0.0,"relics_obtained":["FaceOfCleric"]},{"damage_healed":0.0,"max_hp_gain":0.0,"max_hp_loss":0.0,"gold_gain":0.0,"event_name":"MindBloom","player_choice":"Fight","floor":37.0,"gold_loss":0.0,"damage_taken":0.0},{"damage_healed":0.0,"max_hp_gain":0.0,"max_hp_loss":0.0,"gold_gain":0.0,"event_name":"SensoryStone","player_choice":"Memory 3","floor":41.0,"gold_loss":0.0,"damage_taken":10.0}],"is_beta":false,"boss_relics":[{"not_picked":["Tiny House","Sozu"],"picked":"Empty Cage"},{"not_picked":["Pandora\u0027s Box","SacredBark"],"picked":"Philosopher\u0027s Stone"}],"items_purged_floors":[5,22,28,46],"is_endless":false,"potions_floor_spawned":[3,7,11,13,16,18,23,24,25,27,36,39,42,45],"ascension_level":6}}