{"host":"sc0o2qwpf9j16a4i","time":1613757424,"event":{"mods":["AchievementEnabler","BaseMod","BetterRewards","Block Reminder","Colored Map","Colored Powertips","Custom Start","Highlight Path","Minty Spire (QoL Compilation)","Relic Stats"],"gold_per_floor":[112,112,112,133,308,343,343,343,343],"floor_reached":8,"language":"ENG","playtime":208,"items_purged":[],"score":79,"play_id":"e6835baf-7bc0-4103-ac52-6799a71ce5b1","local_time":"20210219195704","daily_mods":["Specialized","Flight","DeadlyEvents"],"is_ascension_mode":false,"campfire_choices":[{"data":"Wraith Form v2","floor":7,"key":"SMITH"}],"circlet_count":0,"master_deck":["Strike_G","Strike_G","Strike_G","Strike_G","Strike_G","Defend_G","Defend_G","Defend_G","Defend_G","Defend_G","Survivor","Neutralize","Backflip","Backflip","Backflip","Backflip","Backflip","Riddle With Holes","Injury","Quick Slash","Doubt","Wraith Form v2+1"],"relics":["Ring of the Snake","Golden Idol","Centennial Puzzle","Prayer Wheel"],"acts_visited":["Exordium"],"potions_floor_usage":[8],"damage_taken":[{"damage":0,"enemies":"Jaw Worm","floor":1,"turns":6},{"damage":0,"enemies":"2 Louse","floor":4,"turns":4},{"damage":24,"enemies":"Gremlin Nob","floor":6,"turns":5},{"damage":0,"enemies":"Lagavulin","floor":8,"turns":6}],"seed_played":"-5829239861765139063","potions_obtained":[{"floor":1,"key":"SkillPotion"},{"floor":6,"key":"SmokeBomb"}],"is_trial":true,"path_per_floor":["M","?","T","M","?","E","R","E"],"character_chosen":"THE_SILENT","items_purchased":[],"campfire_rested":0,"item_purchase_floors":[],"current_hp_per_floor":[70,70,70,70,70,46,46,46,46],"gold":343,"neow_bonus":"","is_daily":false,"chose_seed":false,"campfire_upgraded":1,"win_rate":0.0,"timestamp":1613757424,"path_taken":["M","?","?","?","?","E","R","E"],"items_purchased_type":[],"build_version":"2020-12-22","purchased_purges":0,"victory":false,"max_hp_per_floor":[70,70,70,70,70,70,70,70,70],"relic_stats":{"Centennial Puzzle":[3],"counters":[4,21],"Golden Idol":11,"Prayer Wheel":0,"obtain_stats":[{"Centennial Puzzle":3,"Golden Idol":2,"Prayer Wheel":6,"Ring of the Snake":0},{"Centennial Puzzle":1,"Golden Idol":1,"Prayer Wheel":3,"Ring of the Snake":0},{"Centennial Puzzle":6,"Golden Idol":6,"Prayer Wheel":15,"Ring of the Snake":0}],"Ring of the Snake":[8]},"card_choices":[{"not_picked":["Bane","Caltrops"],"picked":"Riddle With Holes","floor":1},{"not_picked":["Slice","Tactician"],"picked":"Quick Slash","floor":4},{"not_picked":["Heel Hook","Bane"],"picked":"Wraith Form v2","floor":6}],"player_experience":1489698,"relics_obtained":[{"floor":3,"key":"Centennial Puzzle"},{"floor":6,"key":"Prayer Wheel"}],"event_choices":[{"damage_healed":0,"gold_gain":0,"player_choice":"Take Wound","damage_taken":0,"relics_obtained":["Golden Idol"],"max_hp_gain":0,"max_hp_loss":0,"event_name":"Golden Idol","floor":2,"gold_loss":0,"cards_obtained":["Injury"]},{"damage_healed":0,"gold_gain":175,"player_choice":"AGREE","damage_taken":0,"max_hp_gain":0,"max_hp_loss":0,"event_name":"Liars Game","floor":5,"gold_loss":0,"cards_obtained":["Doubt"]}],"is_beta":false,"boss_relics":[],"items_purged_floors":[],"is_endless":false,"potions_floor_spawned":[1,6],"killed_by":"Lagavulin","ascension_level":0}}