{"host":"q9qwbotttpvtd6fn","time":1613699434,"event":{"mods":["BaseMod","Colored Map","Minty Spire (QoL Compilation)","StSLib"],"gold_per_floor":[116,116,10,21,21,47,59,84,121,162,174,196,208,230,242,356,368,399,26,26,0,0,0],"floor_reached":22,"language":"ENG","playtime":810,"items_purged":[],"score":340,"play_id":"aa3b9b18-7b54-4ce1-bba4-687d9bb7b735","local_time":"20210218205034","is_ascension_mode":true,"campfire_choices":[{"data":"Capacitor","floor":11,"key":"SMITH"},{"floor":15,"key":"REST"}],"circlet_count":0,"master_deck":["Strike_B","Strike_B","Strike_B","Strike_B","Defend_B","Defend_B","Defend_B","Defend_B","Zap","Dualcast","Cold Snap","Blizzard","Loop","Cold Snap","Decay","Chill","Capacitor+1","Chill","Redo","Echo Form","Coolheaded","Defragment","Barrage","White Noise+1"],"relics":["Cracked Core","NeowsBlessing","FaceOfCleric","MawBank","Regal Pillow","Pear","Inserter","PreservedInsect","Bag of Preparation"],"acts_visited":["Exordium","TheCity"],"potions_floor_usage":[10,14,14],"damage_taken":[{"damage":0,"enemies":"Jaw Worm","floor":1,"turns":1},{"damage":0,"enemies":"Cultist","floor":4,"turns":1},{"damage":0,"enemies":"Lagavulin","floor":6,"turns":1},{"damage":0,"enemies":"2 Louse","floor":8,"turns":3},{"damage":35,"enemies":"Gremlin Nob","floor":10,"turns":6},{"damage":0,"enemies":"Looter","floor":12,"turns":4},{"damage":16,"enemies":"Gremlin Gang","floor":14,"turns":4},{"damage":56,"enemies":"Slime Boss","floor":16,"turns":10},{"damage":27,"enemies":"Spheric Guardian","floor":18,"turns":10},{"damage":25,"enemies":"2 Thieves","floor":21,"turns":5},{"damage":6,"enemies":"3 Cultists","floor":22,"turns":2}],"seed_played":"-5507798384721554438","potions_obtained":[{"floor":6,"key":"Dexterity Potion"},{"floor":10,"key":"Explosive Potion"},{"floor":12,"key":"BlessingOfTheForge"}],"is_trial":false,"path_per_floor":["M","?","$","M","?","E","$","M","T","E","R","M","$","M","R","B",null,"M","$","?","M","M"],"character_chosen":"DEFECT","items_purchased":["Blizzard","Loop","Defragment","PreservedInsect","Bag of Preparation","Barrage"],"campfire_rested":1,"item_purchase_floors":[3,3,19,19,19,19],"current_hp_per_floor":[68,68,68,69,69,70,70,71,71,47,47,48,48,33,75,20,74,48,48,30,6,0,0],"gold":0,"neow_bonus":"THREE_ENEMY_KILL","is_daily":false,"chose_seed":false,"campfire_upgraded":1,"win_rate":0.0,"timestamp":1613699434,"path_taken":["M","?","$","?","?","E","$","M","T","E","R","?","?","M","R","BOSS","M","$","?","M","M"],"items_purchased_type":["Card","Card","Card","Relic","Relic","Card"],"build_version":"2020-12-22","purchased_purges":0,"victory":false,"max_hp_per_floor":[75,75,75,76,76,77,77,78,78,89,89,90,90,91,91,92,92,93,93,98,99,99,99],"card_choices":[{"not_picked":["Stack","Force Field"],"picked":"Cold Snap","floor":1},{"not_picked":["Coolheaded","Double Energy"],"picked":"Cold Snap","floor":4},{"not_picked":["Recycle","Stack"],"picked":"Chill","floor":6},{"not_picked":["Steam","Rebound"],"picked":"Capacitor","floor":8},{"not_picked":["Go for the Eyes","Undo"],"picked":"Chill","floor":10},{"not_picked":["Sweeping Beam","Doom and Gloom"],"picked":"Redo","floor":12},{"not_picked":["Cold Snap","Darkness"],"picked":"Echo Form","floor":14},{"not_picked":["Beam Cell","Storm"],"picked":"Coolheaded","floor":18},{"not_picked":["Compile Driver+1","Steam Power"],"picked":"White Noise+1","floor":21}],"player_experience":468700,"relics_obtained":[{"floor":6,"key":"MawBank"},{"floor":9,"key":"Regal Pillow"},{"floor":10,"key":"Pear"}],"event_choices":[{"damage_healed":0,"gold_gain":0,"player_choice":"Trade","damage_taken":0,"relics_obtained":["FaceOfCleric"],"max_hp_gain":0,"max_hp_loss":0,"event_name":"FaceTrader","floor":2,"gold_loss":0},{"damage_healed":0,"gold_gain":0,"player_choice":"Cursed","damage_taken":0,"max_hp_gain":0,"max_hp_loss":0,"event_name":"Wheel of Change","floor":5,"gold_loss":0,"cards_obtained":["Decay"]},{"damage_healed":0,"gold_gain":0,"player_choice":"Shed Blood","damage_taken":23,"max_hp_gain":5,"max_hp_loss":0,"event_name":"Forgotten Altar","floor":20,"gold_loss":0}],"is_beta":false,"boss_relics":[{"not_picked":["Sozu","Coffee Dripper"],"picked":"Inserter"}],"items_purged_floors":[],"is_endless":false,"potions_floor_spawned":[6,10,12],"killed_by":"3 Cultists","ascension_level":9}}