{"host":"x730sfaw5rd1mxd8","time":1613707208,"event":{"mods":["BaseMod","BetterRewards","Colored Powertips","Downfall","Highlight Path","Minty Spire (QoL Compilation)","Relic Sorter","Relic Stats","Reliquary","Replay The Spire","StSLib"],"gold_per_floor":[99,110,126,140,140,152,178,195,205,215,215,56,85,85,97,97,97,97],"floor_reached":16,"language":"ENG","playtime":1223,"items_purged":[],"score":106,"play_id":"164ec0f0-289e-4c1c-91cf-c5c6b4b0760b","local_time":"20210218230008","is_ascension_mode":false,"campfire_choices":[{"data":"Slimebound:CorrosiveSpit","floor":1,"key":"SMITH"},{"data":"Slimebound:Split","floor":11,"key":"SMITH"}],"circlet_count":0,"master_deck":["Slimebound:Strike_Slimebound","Slimebound:Strike_Slimebound","Slimebound:Strike_Slimebound","Slimebound:Tackle","Slimebound:Defend_Slimebound","Slimebound:Defend_Slimebound","Slimebound:Defend_Slimebound","Slimebound:Defend_Slimebound","Slimebound:Split+1","Slimebound:CorrosiveSpit+1","Slimebound:AcidTongue","Slimebound:LivingWall","Slimebound:Equalize","Slimebound:MassRepurpose","Slimebound:SplitLeeching","Slimebound:SplitBruiser","Slimebound:SlimeTap","Slimebound:DouseInSlime+1","Slimebound:Gluttony"],"relics":["Slimebound:AbsorbEndCombat","Peace Pipe","Bag of Marbles","ReplayFunnel"],"acts_visited":["Exordium"],"potions_floor_usage":[16],"damage_taken":[{"damage":1,"enemies":"Small Slimes","floor":2,"turns":4},{"damage":1,"enemies":"Jaw Worm","floor":3,"turns":3},{"damage":6,"enemies":"Cultist","floor":4,"turns":4},{"damage":8,"enemies":"Exordium Thugs","floor":6,"turns":5},{"damage":13,"enemies":"downfall:LooterAlt","floor":8,"turns":4},{"damage":4,"enemies":"Large Slime","floor":9,"turns":5},{"damage":9,"enemies":"Exordium Wildlife","floor":10,"turns":4},{"damage":7,"enemies":"downfall:FleeingMerchant","floor":12,"turns":4},{"damage":13,"enemies":"Replay:BlueRogue","floor":13,"turns":4},{"damage":32,"enemies":"Exordium Thugs","floor":15,"turns":5},{"damage":48,"enemies":"WA_ARCHETYPE_RETAIN","floor":16,"turns":7}],"seed_played":"-177901528718617211","potions_obtained":[{"floor":3,"key":"EssenceOfSteel"},{"floor":6,"key":"Dexterity Potion"},{"floor":13,"key":"Explosive Potion"},{"floor":15,"key":"Strength Potion"}],"is_trial":false,"path_per_floor":["R","M","M","M","?","M","T","M","M","M","R","$","E","?","M","B"],"character_chosen":"SLIMEBOUND","items_purchased":["Slimebound:DouseInSlime"],"campfire_rested":0,"item_purchase_floors":[12],"current_hp_per_floor":[59,59,59,57,45,53,53,44,48,53,53,48,47,47,19,0,0,0],"gold":97,"neow_bonus":"ONE_RARE_RELIC","is_daily":false,"chose_seed":false,"campfire_upgraded":2,"win_rate":0.0,"timestamp":1613707208,"path_taken":["R","M","M","M","?","M","T","M","M","M","R","$","E","?","M","BOSS"],"items_purchased_type":["Card"],"build_version":"2020-12-22","purchased_purges":0,"victory":false,"max_hp_per_floor":[59,59,59,59,59,59,59,59,59,59,59,59,59,59,59,59,59,59],"relic_stats":{"Peace Pipe":0,"counters":[11,49],"obtain_stats":[{"Peace Pipe":0,"ReplayFunnel":13,"Slimebound:AbsorbEndCombat":0,"Bag of Marbles":5},{"Peace Pipe":0,"ReplayFunnel":9,"Slimebound:AbsorbEndCombat":0,"Bag of Marbles":3},{"Peace Pipe":0,"ReplayFunnel":37,"Slimebound:AbsorbEndCombat":0,"Bag of Marbles":11}]},"card_choices":[{"not_picked":["Slimebound:Schlurp","Slimebound:SamplingLick"],"picked":"Slimebound:AcidTongue","floor":2},{"not_picked":["Slimebound:SlimeSpikes","Slimebound:Schlurp"],"picked":"Slimebound:LivingWall","floor":3},{"not_picked":["Slimebound:SlimeSpikes","Slimebound:LivingWall"],"picked":"Slimebound:Equalize","floor":4},{"not_picked":["Slimebound:LevelUp","Slimebound:SlimeSpikes"],"picked":"Slimebound:MassRepurpose","floor":6},{"not_picked":["Slimebound:SplitAcid","Slimebound:AcidTongue"],"picked":"Slimebound:SplitLeeching","floor":8},{"not_picked":["Slimebound:Prepare","Slimebound:LeechingTouch","Slimebound:DivideAndConquer"],"picked":"SKIP","floor":9},{"not_picked":["Slimebound:Schlurp","Slimebound:SplitMire"],"picked":"Slimebound:SplitBruiser","floor":10},{"not_picked":["Slimebound:LeechEnergy","Slimebound:PressTheAttack"],"picked":"Slimebound:SlimeTap","floor":12},{"not_picked":["Slimebound:TagTeam","Slimebound:SplitBruiser"],"picked":"Slimebound:Gluttony","floor":13},{"not_picked":["Slimebound:LeechEnergy","Slimebound:GoopTackle","Slimebound:Prepare"],"picked":"SKIP","floor":15}],"player_experience":4198006,"relics_obtained":[{"floor":13,"key":"ReplayFunnel"}],"event_choices":[{"damage_healed":0,"gold_gain":0,"player_choice":"Success","damage_taken":12,"relics_obtained":["Bag of Marbles"],"max_hp_gain":0,"max_hp_loss":0,"event_name":"Scrap Ooze","floor":5,"gold_loss":0},{"damage_healed":0,"gold_gain":0,"player_choice":"Forge","damage_taken":0,"max_hp_gain":0,"max_hp_loss":0,"event_name":"Accursed Blacksmith","floor":14,"gold_loss":0,"cards_upgraded":["Slimebound:DouseInSlime"]}],"is_beta":false,"boss_relics":[],"items_purged_floors":[],"is_endless":false,"potions_floor_spawned":[3,6,13,15],"killed_by":"WA_ARCHETYPE_RETAIN","ascension_level":0}}