{"host":"kh6fvhxn285ncg0o","time":1613759062,"event":{"mods":["Act Like it!","BaseMod","Colored Map","Friendly Minions","Keyboard Shortcuts","Minty Spire (QoL Compilation)","Quick Restart","Relic Stats","StSLib","SuperFastMode","UnlockEverythingMod"],"gold_per_floor":[118,43,56,56,72,72,100,100,127,146,175,187,218,229,229,302,302,316,333,233,244,119,154,154,171,197,231,231,251,251,281,281,355,355,366,380,380,399,168,168,196,196,196,231,231,246,271,271,271,271,271,271,271,44,70,70],"floor_reached":57,"language":"KOR","playtime":2099,"items_purged":["Writhe","Strike_R","Strike_R","Blood for Blood+1","Immolate"],"score":3190,"play_id":"6f8f82d5-7678-49f1-81a3-735a98c5a2c6","local_time":"20210220032422","is_ascension_mode":true,"campfire_choices":[{"data":"Blood for Blood","floor":6.0,"key":"SMITH"},{"data":"Juggernaut","floor":8.0,"key":"SMITH"},{"data":"Armaments","floor":15.0,"key":"SMITH"},{"data":"Battle Trance","floor":24.0,"key":"SMITH"},{"data":"Burning Pact","floor":30.0,"key":"SMITH"},{"data":"Feel No Pain","floor":32.0,"key":"SMITH"},{"data":"Power Through","floor":40.0,"key":"SMITH"},{"data":"Discovery","floor":45.0,"key":"SMITH"},{"floor":49.0,"key":"RECALL"},{"data":"Fire Breathing","floor":53.0,"key":"SMITH"}],"circlet_count":0,"master_deck":["AscendersBane","Defend_R","Defend_R","Defend_R","Bash","Feel No Pain+1","Disarm","Shrug It Off","Juggernaut+1","Burning Pact+1","Battle Trance+1","Fire Breathing+1","Armaments+1","Intimidate+1","Power Through+1","Barricade","Parasite","Evolve","Discovery+1","Finesse","Body Slam"],"relics":["Burning Blood","Art of War","Bag of Marbles","Akabeko","Bird Faced Urn","Velvet Choker","Ancient Tea Set","Oddly Smooth Stone","Mummified Hand","Enchiridion","Bottled Lightning","Runic Dome","MealTicket","CaptainsWheel","Boot","Frozen Egg 2","Mango"],"acts_visited":["Exordium","TheCity","TheBeyond","TheEnding"],"potions_floor_usage":[55],"damage_taken":[{"damage":8.0,"enemies":"Cultist","floor":1.0,"turns":5.0},{"damage":7.0,"enemies":"Jaw Worm","floor":3.0,"turns":6.0},{"damage":1.0,"enemies":"Small Slimes","floor":5.0,"turns":5.0},{"damage":12.0,"enemies":"3 Sentries","floor":7.0,"turns":13.0},{"damage":13.0,"enemies":"Blue Slaver","floor":10.0,"turns":3.0},{"damage":0.0,"enemies":"Lagavulin","floor":11.0,"turns":7.0},{"damage":18.0,"enemies":"Exordium Thugs","floor":12.0,"turns":6.0},{"damage":24.0,"enemies":"Gremlin Nob","floor":13.0,"turns":4.0},{"damage":6.0,"enemies":"2 Fungi Beasts","floor":14.0,"turns":5.0},{"damage":0.0,"enemies":"The Guardian","floor":16.0,"turns":10.0},{"damage":25.0,"enemies":"3 Byrds","floor":18.0,"turns":4.0},{"damage":16.0,"enemies":"Spheric Guardian","floor":19.0,"turns":5.0},{"damage":0.0,"enemies":"Centurion and Healer","floor":21.0,"turns":5.0},{"damage":3.0,"enemies":"Gremlin Leader","floor":23.0,"turns":5.0},{"damage":0.0,"enemies":"Snake Plant","floor":25.0,"turns":4.0},{"damage":10.0,"enemies":"Slavers","floor":27.0,"turns":3.0},{"damage":0.0,"enemies":"Chosen and Byrds","floor":29.0,"turns":3.0},{"damage":0.0,"enemies":"Book of Stabbing","floor":31.0,"turns":4.0},{"damage":8.0,"enemies":"Automaton","floor":33.0,"turns":7.0},{"damage":0.0,"enemies":"3 Darklings","floor":35.0,"turns":2.0},{"damage":9.0,"enemies":"Orb Walker","floor":36.0,"turns":3.0},{"damage":0.0,"enemies":"Writhing Mass","floor":38.0,"turns":5.0},{"damage":0.0,"enemies":"Nemesis","floor":41.0,"turns":6.0},{"damage":49.0,"enemies":"Reptomancer","floor":44.0,"turns":5.0},{"damage":17.0,"enemies":"3 Darklings","floor":46.0,"turns":5.0},{"damage":0.0,"enemies":"Nemesis","floor":47.0,"turns":7.0},{"damage":9.0,"enemies":"Awakened One","floor":50.0,"turns":15.0},{"damage":11.0,"enemies":"Donu and Deca","floor":51.0,"turns":9.0},{"damage":32,"enemies":"Shield and Spear","floor":55,"turns":6},{"damage":44,"enemies":"The Heart","floor":56,"turns":10}],"seed_played":"-3994043107484189787","potions_obtained":[{"floor":5.0,"key":"Ancient Potion"},{"floor":10.0,"key":"Ancient Potion"},{"floor":13.0,"key":"Energy Potion"},{"floor":16.0,"key":"Fruit Juice"},{"floor":19.0,"key":"Weak Potion"},{"floor":21.0,"key":"ColorlessPotion"},{"floor":25.0,"key":"BlessingOfTheForge"},{"floor":31.0,"key":"SpeedPotion"},{"floor":35.0,"key":"SmokeBomb"},{"floor":38.0,"key":"FearPotion"}],"is_trial":false,"path_per_floor":["M","$","M","?","M","R","E","R","T","M","E","M","E","M","R","B",null,"M","M","$","M","$","E","R","M","T","E","?","M","R","E","R","B",null,"M","M","?","M","$","R","E","?","T","E","R","M","E","T","R","B","B",null,"R","$","E","B",null],"character_chosen":"IRONCLAD","items_purchased":["Evolve","Body Slam"],"campfire_rested":0,"item_purchase_floors":[39,54],"current_hp_per_floor":[66,66,65,65,70,70,64,64,64,57,63,51,33,39,39,51,69,56,57,57,69,69,78,78,80,80,78,57,71,71,80,80,78,80,80,78,78,80,80,80,80,70,70,39,39,44,62,62,62,75,80,80,80,80,72,50],"gold":70,"neow_bonus":"TRANSFORM_TWO_CARDS","is_daily":false,"chose_seed":false,"campfire_upgraded":9,"win_rate":0.0,"timestamp":1613759062,"path_taken":["M","?","?","?","?","R","E","R","T","M","E","M","E","M","R","BOSS","M","?","$","M","$","E","R","M","T","E","?","M","R","E","R","BOSS","M","M","?","M","$","R","E","?","T","E","R","M","E","?","R","BOSS","BOSS","R","$","E","BOSS"],"items_purchased_type":["Card","Card"],"build_version":"2020-12-22","purchased_purges":5,"victory":true,"max_hp_per_floor":[75,75,75,75,75,75,75,75,75,75,75,75,75,75,75,75,75,75,80,80,80,80,80,80,80,80,80,80,80,80,80,80,80,80,80,80,80,80,80,80,80,80,80,80,80,80,80,80,80,80,80,80,80,80,94,94],"relic_stats":{"counters":[30,177],"Mummified Hand":[107],"Bird Faced Urn":[148],"MealTicket":0,"Art of War":[81],"Boot":[0],"obtain_stats":[{"Velvet Choker":17,"Oddly Smooth Stone":26,"Enchiridion":28,"Mango":55,"Frozen Egg 2":48,"Ancient Tea Set":23,"Boot":47,"Burning Blood":0,"Akabeko":11,"Runic Dome":34,"CaptainsWheel":44,"Mummified Hand":27,"Bird Faced Urn":13,"MealTicket":41,"Art of War":7,"Bag of Marbles":9,"Bottled Lightning":31},{"Velvet Choker":10,"Oddly Smooth Stone":15,"Enchiridion":16,"Mango":29,"Frozen Egg 2":26,"Ancient Tea Set":14,"Boot":26,"Burning Blood":0,"Akabeko":6,"Runic Dome":19,"CaptainsWheel":24,"Mummified Hand":16,"Bird Faced Urn":8,"MealTicket":23,"Art of War":4,"Bag of Marbles":4,"Bottled Lightning":18},{"Velvet Choker":64,"Oddly Smooth Stone":87,"Enchiridion":90,"Mango":167,"Frozen Egg 2":137,"Ancient Tea Set":83,"Boot":137,"Burning Blood":0,"Akabeko":39,"Runic Dome":104,"CaptainsWheel":125,"Mummified Hand":90,"Bird Faced Urn":49,"MealTicket":120,"Art of War":29,"Bag of Marbles":29,"Bottled Lightning":97}],"Burning Blood":148},"card_choices":[{"not_picked":["Havoc","Twin Strike"],"picked":"Shrug It Off","floor":1.0},{"not_picked":["Heavy Blade","Body Slam"],"picked":"Blood for Blood","floor":3.0},{"not_picked":["Shockwave","Whirlwind"],"picked":"Juggernaut","floor":7.0},{"not_picked":["Dropkick","Bloodletting"],"picked":"Burning Pact","floor":10.0},{"not_picked":["Clash","Dual Wield"],"picked":"Battle Trance","floor":11.0},{"not_picked":["Inflame","Cleave"],"picked":"Fire Breathing","floor":13.0},{"not_picked":["Disarm","Uppercut"],"picked":"Armaments","floor":14.0},{"not_picked":["Feed","Double Tap"],"picked":"Immolate","floor":16.0},{"not_picked":["Twin Strike","Clothesline","Burning Pact"],"picked":"SKIP","floor":21.0},{"not_picked":["Corruption","Searing Blow"],"picked":"Intimidate+1","floor":23.0},{"not_picked":["Whirlwind","Dropkick+1"],"picked":"Power Through","floor":25.0},{"not_picked":["Ghostly Armor+1","Havoc+1","Thunderclap"],"picked":"SKIP","floor":27.0},{"not_picked":["Thunderclap","Clash","Twin Strike"],"picked":"SKIP","floor":29.0},{"not_picked":["Heavy Blade","Anger","Headbutt"],"picked":"SKIP","floor":31.0},{"not_picked":["Exhume","Reaper"],"picked":"Barricade","floor":33.0},{"not_picked":["Seeing Red","Havoc","Warcry"],"picked":"SKIP","floor":35.0},{"not_picked":["Sword Boomerang+1","Searing Blow","Spot Weakness"],"picked":"SKIP","floor":36.0},{"not_picked":["Anger+1","Thunderclap","Flame Barrier"],"picked":"SKIP","floor":38.0},{"not_picked":["Clash","Hemokinesis","Iron Wave"],"picked":"SKIP","floor":41.0},{"not_picked":["Panacea","Transmutation"],"picked":"Discovery","floor":42.0},{"not_picked":["Apotheosis","Dramatic Entrance"],"picked":"Finesse","floor":42.0},{"not_picked":["Rupture+1","Cleave","Perfected Strike+1"],"picked":"SKIP","floor":44.0},{"not_picked":["Ghostly Armor","Thunderclap","Heavy Blade+1"],"picked":"SKIP","floor":46.0},{"not_picked":["Iron Wave","Ghostly Armor","Clothesline+1"],"picked":"SKIP","floor":47.0},{"not_picked":["Shrug It Off","Combust+1","True Grit"],"picked":"SKIP","floor":55}],"player_experience":1470870,"relics_obtained":[{"floor":7.0,"key":"Art of War"},{"floor":9.0,"key":"Bag of Marbles"},{"floor":11.0,"key":"Akabeko"},{"floor":13.0,"key":"Bird Faced Urn"},{"floor":23.0,"key":"Ancient Tea Set"},{"floor":26.0,"key":"Oddly Smooth Stone"},{"floor":27.0,"key":"Mummified Hand"},{"floor":28.0,"key":"Enchiridion"},{"floor":31.0,"key":"Bottled Lightning"},{"floor":41.0,"key":"MealTicket"},{"floor":44.0,"key":"CaptainsWheel"},{"floor":47.0,"key":"Boot"},{"floor":48.0,"key":"Frozen Egg 2"},{"floor":55,"key":"Mango"}],"event_choices":[{"cards_removed":["Strike_R"],"damage_healed":0.0,"max_hp_gain":0.0,"max_hp_loss":0.0,"gold_gain":0.0,"event_name":"Purifier","player_choice":"Purged","floor":4.0,"gold_loss":0.0,"damage_taken":0.0},{"damage_healed":0.0,"max_hp_gain":0.0,"max_hp_loss":0.0,"gold_gain":0.0,"event_name":"Cursed Tome","player_choice":"Obtained Book","floor":28.0,"gold_loss":0.0,"damage_taken":21.0},{"cards_removed":["Defend_R"],"damage_healed":0.0,"max_hp_gain":0.0,"max_hp_loss":0.0,"gold_gain":0.0,"event_name":"Falling","player_choice":"Removed Skill","floor":37.0,"gold_loss":0.0,"damage_taken":0.0},{"damage_healed":0.0,"max_hp_gain":0.0,"max_hp_loss":0.0,"gold_gain":0.0,"event_name":"SensoryStone","player_choice":"Memory 3","floor":42.0,"gold_loss":0.0,"damage_taken":10.0}],"is_beta":false,"boss_relics":[{"not_picked":["Pandora\u0027s Box","Snecko Eye"],"picked":"Velvet Choker"},{"not_picked":["SacredBark","Mark of Pain"],"picked":"Runic Dome"}],"items_purged_floors":[2,20,22,39,54],"is_endless":false,"potions_floor_spawned":[5,10,13,16,19,21,25,31,35,38],"ascension_level":20}}