{"host":"f9ztaq6figs4snwj","time":1613765042,"event":{"mods":["BaseMod","Bestiary","Colored Map","Colored Powertips","Curses Come First","DeckTracker","Minty Spire (QoL Compilation)","Quick Restart","StSLib"],"gold_per_floor":[114,127,140,140,157,157,170,20,20,35,35,62,62,82,82,182,182,201,217,229,246,260,260,285,297,297,309,309,324,342,39,39,39,39],"floor_reached":33,"language":"ENG","playtime":1492,"items_purged":[],"score":371,"play_id":"9d478014-d4e6-420c-94c1-3394235eeb9f","local_time":"20210219210402","is_ascension_mode":true,"campfire_choices":[{"data":"Gash","floor":6,"key":"SMITH"},{"data":"Zap","floor":13,"key":"SMITH"},{"data":"Scrape","floor":15,"key":"SMITH"},{"floor":23,"key":"REST"},{"floor":28,"key":"REST"},{"floor":32,"key":"REST"}],"circlet_count":0,"master_deck":["Strike_B","Defend_B","Defend_B","Defend_B","Defend_B","Zap+1","Dualcast","Gash+1","Streamline","Sweeping Beam","Scrape+1","Steam","Streamline","Glacier","Go for the Eyes","Seek","Go for the Eyes","Go for the Eyes","Go for the Eyes","Go for the Eyes+1","Gash+1","Gash","Beam Cell"],"relics":["Cracked Core","Gremlin Horn","Lee\u0027s Waffle","Pocketwatch","Emotion Chip","Nuclear Battery","Darkstone Periapt","Symbiotic Virus","Sling","Nunchaku"],"acts_visited":["Exordium","TheCity"],"potions_floor_usage":[16,16,21,21,21,22,24,27,30],"damage_taken":[{"damage":0,"enemies":"Cultist","floor":1,"turns":4},{"damage":7,"enemies":"Jaw Worm","floor":2,"turns":2},{"damage":0,"enemies":"Small Slimes","floor":3,"turns":3},{"damage":6,"enemies":"2 Fungi Beasts","floor":5,"turns":2},{"damage":7,"enemies":"Exordium Wildlife","floor":7,"turns":3},{"damage":10,"enemies":"Blue Slaver","floor":10,"turns":3},{"damage":18,"enemies":"Lagavulin","floor":12,"turns":5},{"damage":0,"enemies":"2 Fungi Beasts","floor":14,"turns":3},{"damage":31,"enemies":"The Guardian","floor":16,"turns":7},{"damage":1,"enemies":"2 Thieves","floor":18,"turns":3},{"damage":8,"enemies":"Chosen","floor":19,"turns":3},{"damage":26,"enemies":"Snake Plant","floor":20,"turns":4},{"damage":13,"enemies":"Shelled Parasite and Fungi","floor":21,"turns":5},{"damage":5,"enemies":"Centurion and Healer","floor":22,"turns":6},{"damage":39,"enemies":"Book of Stabbing","floor":24,"turns":8},{"damage":2,"enemies":"Snecko","floor":25,"turns":4},{"damage":10,"enemies":"Shelled Parasite and Fungi","floor":27,"turns":4},{"damage":2,"enemies":"Snake Plant","floor":29,"turns":3},{"damage":22,"enemies":"3 Cultists","floor":30,"turns":5},{"damage":42,"enemies":"Automaton","floor":33,"turns":6}],"seed_played":"-430701620502224046","potions_obtained":[{"floor":1,"key":"DuplicationPotion"},{"floor":12,"key":"Regen Potion"},{"floor":14,"key":"LiquidBronze"},{"floor":16,"key":"EssenceOfSteel"},{"floor":20,"key":"Weak Potion"},{"floor":21,"key":"DistilledChaos"},{"floor":22,"key":"Regen Potion"},{"floor":24,"key":"PowerPotion"},{"floor":25,"key":"Explosive Potion"}],"is_trial":false,"path_per_floor":["M","M","M","?","M","R","M","$","T","M","?","E","R","M","R","B",null,"M","M","M","M","M","R","E","M","T","M","R","M","M","$","R","B"],"character_chosen":"DEFECT","items_purchased":["Lee\u0027s Waffle","Sling","Nunchaku"],"campfire_rested":3,"item_purchase_floors":[8,31,31],"current_hp_per_floor":[54,47,47,47,41,41,34,82,82,72,72,54,54,54,54,32,70,69,61,35,22,17,41,17,15,15,5,29,27,5,5,29,0,0],"gold":39,"neow_bonus":"TRANSFORM_TWO_CARDS","is_daily":false,"chose_seed":false,"campfire_upgraded":3,"win_rate":0.0,"timestamp":1613765042,"path_taken":["M","M","?","?","?","R","M","$","T","M","?","E","R","M","R","BOSS","M","M","M","?","M","R","E","M","T","M","R","M","M","$","R","BOSS"],"items_purchased_type":["Relic","Relic","Relic"],"build_version":"2020-12-22","purchased_purges":0,"victory":false,"max_hp_per_floor":[75,75,75,75,75,75,75,82,82,82,82,82,82,82,82,82,82,82,82,82,82,82,82,82,82,82,82,82,82,82,82,82,82,82],"card_choices":[{"not_picked":["Glacier","Stack"],"picked":"Sweeping Beam","floor":1},{"not_picked":["Conserve Battery","Coolheaded","Sweeping Beam"],"picked":"SKIP","floor":2},{"not_picked":["Leap","Turbo"],"picked":"Scrape","floor":3},{"not_picked":["Redo","Stack"],"picked":"Steam","floor":5},{"not_picked":["Turbo","Sunder"],"picked":"Streamline","floor":7},{"not_picked":["Conserve Battery","Streamline","Stack"],"picked":"SKIP","floor":10},{"not_picked":["Seek","Steam Power"],"picked":"Go for the Eyes","floor":12},{"not_picked":["Leap","Redo","Self Repair"],"picked":"SKIP","floor":14},{"not_picked":["Rainbow","Machine Learning"],"picked":"Seek","floor":16},{"not_picked":["Fusion+1","Stack"],"picked":"Go for the Eyes","floor":18},{"not_picked":["Tempest","Genetic Algorithm","Compile Driver"],"picked":"SKIP","floor":19},{"not_picked":["Leap","Chaos"],"picked":"Go for the Eyes","floor":20},{"not_picked":["Turbo","Chaos+1"],"picked":"Go for the Eyes","floor":21},{"not_picked":["Auto Shields","Hologram","Hello World"],"picked":"SKIP","floor":22},{"not_picked":["Machine Learning","Amplify"],"picked":"Go for the Eyes+1","floor":24},{"not_picked":["Turbo","Coolheaded"],"picked":"Gash+1","floor":25},{"not_picked":["Melter","Beam Cell"],"picked":"Gash","floor":27},{"not_picked":["Scrape","Hologram"],"picked":"Beam Cell","floor":29},{"not_picked":["Stack+1","Compile Driver","Coolheaded"],"picked":"SKIP","floor":30}],"player_experience":418238,"relics_obtained":[{"floor":4,"key":"Gremlin Horn"},{"floor":9,"key":"Pocketwatch"},{"floor":12,"key":"Emotion Chip"},{"floor":24,"key":"Darkstone Periapt"},{"floor":26,"key":"Symbiotic Virus"}],"event_choices":[{"damage_healed":0,"gold_gain":0,"player_choice":"Relic","damage_taken":0,"max_hp_gain":0,"max_hp_loss":0,"event_name":"Wheel of Change","floor":4,"gold_loss":0},{"damage_healed":0,"gold_gain":0,"cards_transformed":["Strike_B"],"player_choice":"Transformed","damage_taken":0,"max_hp_gain":0,"max_hp_loss":0,"event_name":"Transmorgrifier","floor":11,"gold_loss":0,"cards_obtained":["Glacier"]}],"is_beta":false,"boss_relics":[{"not_picked":["Tiny House","Astrolabe"],"picked":"Nuclear Battery"}],"items_purged_floors":[],"is_endless":false,"potions_floor_spawned":[1,12,14,16,20,21,22,24,25],"killed_by":"Automaton","ascension_level":5}}