{"host":"raaimkojny05jekw","time":1613746684,"event":{"mods":["AchievementEnabler","BaseMod","Colored Map","Colored Powertips","DeckTracker","Minty Spire (QoL Compilation)","Quick Restart","Rare Cards Sparkle","everything is the same but u backflip on backflip"],"gold_per_floor":[111,38,58,58,133,133,159,190,216,216,234,253,253,273,273,371,371,384,384,401,18,18,18,31,31,56,82,82,82,100,6,6,6,6],"floor_reached":33,"language":"KOR","playtime":729,"items_purged":["Strike_R"],"score":421,"play_id":"f541b4ab-b12c-4f82-9bcf-1685a78d6bbb","local_time":"20210219235804","is_ascension_mode":true,"campfire_choices":[{"data":"Bash","floor":6,"key":"SMITH"},{"floor":10,"key":"REST"},{"data":"Whirlwind","floor":15,"key":"SMITH"},{"data":"Heavy Blade","floor":23,"key":"SMITH"},{"data":"True Grit","floor":25,"key":"SMITH"},{"floor":29,"key":"REST"},{"data":"Rupture","floor":32,"key":"SMITH"}],"circlet_count":0,"master_deck":["AscendersBane","Strike_R","Strike_R","Defend_R","Defend_R","Defend_R","Defend_R","Bash+1","Blind","Bloodletting","Spot Weakness","Rupture+1","Iron Wave","Headbutt","Clash","Hemokinesis","Whirlwind+1","Brutality","True Grit+1","Reckless Charge","Heavy Blade+1","Seeing Red","Power Through","Havoc+1","Bandage Up"],"relics":["Burning Blood","Bag of Marbles","Calipers","Dream Catcher","Sozu","Bird Faced Urn","Art of War","Anchor"],"acts_visited":["Exordium","TheCity"],"potions_floor_usage":[16,18,30],"damage_taken":[{"damage":9,"enemies":"2 Louse","floor":1,"turns":3},{"damage":9,"enemies":"Jaw Worm","floor":3,"turns":4},{"damage":45,"enemies":"3 Sentries","floor":8,"turns":9},{"damage":4,"enemies":"Cultist","floor":11,"turns":3},{"damage":9,"enemies":"Exordium Thugs","floor":12,"turns":3},{"damage":4,"enemies":"3 Louse","floor":14,"turns":3},{"damage":31,"enemies":"Hexaghost","floor":16,"turns":6},{"damage":0,"enemies":"2 Thieves","floor":18,"turns":1},{"damage":27,"enemies":"Shell Parasite","floor":20,"turns":3},{"damage":23,"enemies":"Snake Plant","floor":24,"turns":4},{"damage":37,"enemies":"Gremlin Leader","floor":27,"turns":5},{"damage":4,"enemies":"Centurion and Healer","floor":30,"turns":2},{"damage":49,"enemies":"Collector","floor":33,"turns":3}],"seed_played":"-929244534373584252","potions_obtained":[{"floor":12,"key":"SteroidPotion"},{"floor":14,"key":"PowerPotion"},{"floor":16,"key":"Explosive Potion"}],"is_trial":false,"path_per_floor":["M","$","M","?","?","R","T","E","T","R","M","M","?","M","R","B",null,"M","?","M","$","?","R","M","R","T","E","?","R","M","$","R","B"],"character_chosen":"IRONCLAD","items_purchased":["Spot Weakness","Bird Faced Urn","Bandage Up"],"campfire_rested":2,"item_purchase_floors":[2,21,31],"current_hp_per_floor":[69,69,66,71,60,60,60,21,21,46,48,45,45,47,47,22,69,75,75,54,54,54,54,37,37,37,8,8,33,37,37,37,0,0],"gold":6,"neow_bonus":"RANDOM_COLORLESS","is_daily":false,"chose_seed":false,"campfire_upgraded":5,"win_rate":0.0,"timestamp":1613746684,"path_taken":["M","$","M","?","?","R","?","E","T","R","?","M","?","M","R","BOSS","M","?","?","$","?","R","M","R","T","E","?","R","M","$","R","BOSS"],"items_purchased_type":["Card","Relic","Card"],"build_version":"2020-12-22","purchased_purges":1,"victory":false,"max_hp_per_floor":[80,80,80,85,85,85,85,85,85,85,85,85,85,85,85,85,85,85,85,85,85,85,85,85,85,85,85,85,85,85,85,85,85,85],"card_choices":[{"not_picked":["Impatience","Jack Of All Trades"],"picked":"Blind","floor":0},{"not_picked":["Headbutt","Combust"],"picked":"Bloodletting","floor":1},{"not_picked":["Flex","Thunderclap"],"picked":"Rupture","floor":3},{"not_picked":["Havoc","Shockwave"],"picked":"Iron Wave","floor":8},{"not_picked":["Sever Soul","Disarm"],"picked":"Headbutt","floor":10},{"not_picked":["Flex","Warcry"],"picked":"Clash","floor":11},{"not_picked":["Havoc","Rampage"],"picked":"Hemokinesis","floor":12},{"not_picked":["Body Slam","Exhume"],"picked":"Whirlwind","floor":14},{"not_picked":["Fiend Fire","Offering"],"picked":"Brutality","floor":16},{"not_picked":["Entrench","Body Slam"],"picked":"True Grit","floor":18},{"not_picked":["Perfected Strike","Metallicize"],"picked":"Heavy Blade","floor":20},{"not_picked":["Flex+1","Iron Wave"],"picked":"Power Through","floor":24},{"not_picked":["Burning Pact","Corruption","Havoc"],"picked":"SKIP","floor":27},{"not_picked":["Anger","Pommel Strike"],"picked":"Havoc+1","floor":30}],"player_experience":775498,"relics_obtained":[{"floor":7,"key":"Bag of Marbles"},{"floor":8,"key":"Calipers"},{"floor":9,"key":"Dream Catcher"},{"floor":26,"key":"Art of War"},{"floor":27,"key":"Anchor"}],"event_choices":[{"damage_healed":0,"gold_gain":0,"player_choice":"Donut","damage_taken":0,"max_hp_gain":5,"max_hp_loss":0,"event_name":"Big Fish","floor":4,"gold_loss":0},{"damage_healed":0,"gold_gain":75,"player_choice":"Gather Gold","damage_taken":11,"max_hp_gain":0,"max_hp_loss":0,"event_name":"World of Goop","floor":5,"gold_loss":0},{"damage_healed":0,"gold_gain":0,"player_choice":"Bought 0 Potions","damage_taken":0,"max_hp_gain":0,"max_hp_loss":0,"event_name":"The Woman in Blue","floor":13,"gold_loss":0},{"damage_healed":0,"gold_gain":0,"cards_transformed":["Strike_R"],"player_choice":"Transformed","damage_taken":0,"max_hp_gain":0,"max_hp_loss":0,"event_name":"Transmorgrifier","floor":19,"gold_loss":0,"cards_obtained":["Reckless Charge"]},{"damage_healed":0,"gold_gain":0,"player_choice":"Read","damage_taken":0,"max_hp_gain":0,"max_hp_loss":0,"event_name":"The Library","floor":22,"gold_loss":0,"cards_obtained":["Seeing Red"]},{"cards_removed":["Strike_R"],"damage_healed":0,"gold_gain":0,"player_choice":"Purged","damage_taken":0,"max_hp_gain":0,"max_hp_loss":0,"event_name":"Purifier","floor":28,"gold_loss":0}],"is_beta":false,"boss_relics":[{"not_picked":["Runic Dome","Snecko Eye"],"picked":"Sozu"}],"items_purged_floors":[21],"is_endless":false,"potions_floor_spawned":[12,14,16,24,30],"killed_by":"Collector","ascension_level":12}}