{"host":"dn2xyj3kd3d9cfyb","time":1613713695,"event":{"mods":["BaseMod","Conspire","Hero for Fun","Hubris","Marisa£®ÏF”Í°°ƒß¿Ì…≥£©","Minty Spire (QoL Compilation)","Reimu£®≤©¿ˆ¡È√Œ£©","Remilia£®¿Ÿ√◊¿Ú—«£©","Replay The Spire","Shop Mod","StSLib","The Administrix","The Animator","The Construct","The Cursed","The Mystic","Youmu£®ªÍ∆«—˝√Œ£©","Yuri Mod","Yuyuko"],"gold_per_floor":[117,117,131,131,150,56,56,56,56,56,83,94,149,184,184,281,281,310,310,310,359,19,19,19,19,73,33,80,80,30,79,79,199,199,232,402,402,402,402,402,402,367,367,756,756,756,756,836,836,998,998,1065,1065,1065,1065,1065,1065,1065,1065,1065,1065,1149,1149,1099,1177,1177,1331,1331,1396,1396,1396,1232,1232,1232,1232,1232,1309,1404,1404,1404,1404,1474,1474,1625,1625,1687,1687,1535,1535,1535,1535,1535,1633,1704,1926,1773,1773,1629,1629,1629,1783,1783,1783],"floor_reached":102,"language":"ZHS","playtime":1551,"items_purged":[],"score":2950,"play_id":"188de2aa-8dd0-42d0-a675-2899cc3c755f","local_time":"20210219134815","daily_mods":["Draft","Hoarder","Shiny","Vintage","Heirloom","Time Dilation","Flight","Cursed Run"],"is_ascension_mode":false,"campfire_choices":[{"data":"Mind Blast","floor":7,"key":"SMITH"},{"data":"Mind Blast","floor":8,"key":"SMITH"},{"data":"Mind Blast","floor":10,"key":"SMITH"},{"data":"construct:ClockworkEgg","floor":15,"key":"SMITH"},{"data":"construct:ClockworkEgg+1","floor":23,"key":"SMITH"},{"data":"construct:ClockworkEgg+2","floor":25,"key":"SMITH"},{"data":"construct:HammerDown","floor":32,"key":"SMITH"},{"data":"construct:ClockworkEgg+1","floor":40,"key":"SMITH"},{"data":"construct:ClockworkEgg+2","floor":41,"key":"SMITH"},{"data":"construct:ClockworkEgg+1","floor":49,"key":"SMITH"},{"data":"construct:ClockworkEgg+2","floor":57,"key":"SMITH"},{"data":"construct:ClockworkEgg+1","floor":59,"key":"SMITH"},{"data":"construct:Tumble","floor":66,"key":"SMITH"},{"data":"construct:Tumble","floor":74,"key":"SMITH"},{"data":"construct:Tumble","floor":81,"key":"SMITH"},{"data":"construct:SweepLaser","floor":83,"key":"SMITH"},{"data":"Jack Of All Trades","floor":97,"key":"SMITH"},{"data":"Jack Of All Trades","floor":100,"key":"SMITH"}],"circlet_count":0,"master_deck":["construct:HammerDown+1","construct:BatteryCore+1","construct:SpinDrive+1","construct:LongRangeLance+1","construct:GoldenBullet+1","construct:ShieldBurst+1","construct:MemoryTap+1","construct:PanicFire+1","construct:Multistage+1","construct:HyperBeam+1","construct:GatlingGun+1","construct:ShiftingStance+1","construct:HastyRepair+1","construct:MassProduction+1","construct:Reserves+1","construct:SiegeForm+1","construct:ShieldGenerator+1","construct:Bunker+1","construct:ClockworkEgg+3","construct:Autoturret+1","construct:Autoturret+1","construct:FocusedBeam+1","construct:FocusedBeam+1","construct:FocusedBeam+1","construct:SweepLaser+1","construct:SweepLaser+1","construct:SweepLaser+1","construct:HeavyBolt+1","construct:HeavyBolt+1","construct:HeavyBolt+1","construct:FlakBarrage+1","construct:FlakBarrage+1","construct:FlakBarrage+1","construct:FierceBash+1","construct:FierceBash+1","construct:FierceBash+1","construct:ShiftStrike+1","construct:ShiftStrike+1","construct:ShiftStrike+1","construct:ClusterMines+1","construct:ClusterMines+1","construct:ClusterMines+1","construct:Versatility+1","construct:Versatility+1","construct:CriticalHit+1","construct:CriticalHit+1","construct:CripplingShot+1","construct:CripplingShot+1","construct:CripplingShot+2","construct:QuickAttack+1","construct:QuickAttack+1","construct:QuickAttack+1","construct:ClusterMines+1","construct:ClusterMines+1","construct:ClusterMines+1","construct:OneWayMirror+1","construct:OneWayMirror+1","construct:OneWayMirror+1","Mind Blast+1","Mind Blast+1","Mind Blast+1","Delirium","hubris:DuctTapeCard","hubris:DuctTapeCard","hubris:DuctTapeCard","Sickly","Sickly","Sickly","Hallucinations","Hallucinations","Hallucinations","construct:Missile+1","construct:Missile+1","construct:Missile+1","construct:ClusterMines+1","construct:ClusterMines+1","construct:ClusterMines+1","construct:Reserves+1","construct:Reserves+1","construct:Reserves+1","hubris:Greed","hubris:Greed","hubris:Greed","construct:BatteryCore+1","construct:BatteryCore+1","construct:BatteryCore+1","CurseOfTheBell","CurseOfTheBell","CurseOfTheBell","conspire:NecroticWound","conspire:NecroticWound","conspire:NecroticWound","Voices","Voices","Voices","construct:SuppressiveFire+1","construct:SuppressiveFire+1","construct:SuppressiveFire+1","construct:Autoturret+1","construct:Autoturret+1","construct:Reinforce+1","construct:Reinforce+1","construct:Reinforce+1","construct:Reserves+1","construct:Reserves+1","construct:Reserves+1","construct:Backfire+1","construct:Backfire+1","construct:Backfire+1","Discovery+1","Discovery+1","Discovery+1","Chrysalis+1","Chrysalis+1","Chrysalis+1","Ghostly+1","Ghostly+1","Ghostly+1","Ghostly+1","Ghostly+1","Ghostly+1","Ghostly+1","Ghostly+1","Ghostly+1","Ghostly+1","Ghostly+1","Ghostly+1","Ghostly+1","Ghostly+1","Ghostly+1","Poor:ReiMu","Poor:ReiMu","Poor:ReiMu","ZunPunch:ReiMu+1","ZunPunch:ReiMu+1","ZunPunch:ReiMu+1","construct:SweepLaser+1","construct:SweepLaser+1","construct:SweepLaser+1","conspire:SpireCoStock+1","conspire:SpireCoStock+1","conspire:SpireCoStock+1","construct:LaserCore+1","construct:LaserCore+1","construct:LaserCore+1","hubris:Lust","hubris:Lust","hubris:Lust","construct:ClockworkEgg+3","construct:ClockworkEgg+3","construct:ClockworkEgg+3","hubris:Greed","hubris:Greed","hubris:Greed","hubris:Greed","hubris:Greed","construct:Versatility+1","construct:Versatility+1","construct:Versatility+1","construct:Tumble+1","construct:Tumble+1","construct:Tumble+1","Regret","Regret","Regret","construct:SweepLaser+1","construct:SweepLaser+1","construct:SweepLaser+1","Pot Of Greed+1","Pot Of Greed+1","Pot Of Greed+1","Pot Of Greed+1","Pot Of Greed+1","Pot Of Greed+1","Pot Of Greed+1","Pot Of Greed+1","Pot Of Greed+1","Pot Of Greed+1","Pot Of Greed+1","Pot Of Greed+1","Pot Of Greed+1","Pot Of Greed+1","Pot Of Greed+1","Pot Of Greed+1","Pot Of Greed+1","Pot Of Greed+1","Pot Of Greed+1","Pot Of Greed+1","Pot Of Greed+1","Pot Of Greed+1","Pot Of Greed+1","Pot Of Greed+1","Pot Of Greed+1","Pot Of Greed+1","Pot Of Greed+1","Pot Of Greed+1","Pot Of Greed+1","Pot Of Greed+1","Pot Of Greed+1","Pot Of Greed+1","Pot Of Greed+1","Pot Of Greed+1","Pot Of Greed+1","Pot Of Greed+1","Pot Of Greed+1","Pot Of Greed+1","Pot Of Greed+1","Pot Of Greed+1","Pot Of Greed+1","Pot Of Greed+1","Pot Of Greed+1","Pot Of Greed+1","construct:Dampening+1","construct:Dampening+1","construct:Dampening+1","Looming Evil","Looming Evil","Looming Evil","construct:HyperBeam+1","construct:HyperBeam+1","construct:HyperBeam+1","Sickly","Sickly","Sickly","Regret","Regret","Regret","animator:Curse_GriefSeed","animator:Curse_GriefSeed","animator:Curse_GriefSeed","construct:ClusterMines+1","construct:ClusterMines+1","construct:ClusterMines+1","Pot Of Greed+1","Pot Of Greed+1","Pot Of Greed+1","Injury","Injury","Injury","construct:GatlingGun+1","construct:GatlingGun+1","construct:GatlingGun+1","construct:HammerDown+1","construct:HammerDown+1","construct:HammerDown+1","construct:Reserves+1","construct:Reserves+1","construct:Reserves+1","construct:Disrupt+1","construct:Disrupt+1","construct:Disrupt+1","construct:Reinforce+1","construct:Reinforce+1","construct:Reinforce+1","Replay:Hysterical Blindness","Replay:Hysterical Blindness","Replay:Hysterical Blindness","TheCursedMod:Dregs","TheCursedMod:Dregs","TheCursedMod:Dregs","hubris:Gluttony","hubris:Gluttony","hubris:Gluttony","Voices","Voices","Voices","construct:BatteryCore+1","construct:BatteryCore+1","construct:BatteryCore+1","Pot Of Greed+1","Pot Of Greed+1","Pot Of Greed+1","Writhe","Writhe","Writhe","animator:Curse_Greed","animator:Curse_Greed","animator:Curse_Greed","Jack Of All Trades+1","Jack Of All Trades+1","Jack Of All Trades","Apotheosis","Apotheosis","Apotheosis","Finesse","Finesse","Finesse","construct:SweepLaser+1","construct:SweepLaser+1","construct:SweepLaser+1","construct:Reserves","construct:Reserves","construct:Reserves","Overencumbered","Overencumbered","Overencumbered","construct:ShiftingStance","construct:ShiftingStance","construct:ShiftingStance"],"relics":["Cursed Key","Darkstone Periapt","Du-Vu Doll","Torii","construct:MasterCore","Pondfish Scales","Mango","hubris:Icosahedron","hubris:TenFootPole","hubris:DuctTape","Boot","ReplayTheSpireMod:Lightbulb","Ornamental Fan","Replay:Rubber Ducky","Replay:Grab Bag","Philosopher\u0027s Stone","Coffee Dripper","Black Star","Calling Bell","War Paint","construct:MegaBattery","FossilizedHelix","Lantern","Centennial Puzzle","Anchor","Juzu Bracelet","MerchantsRug","BargainBundle","Pen Nib","hubris:ToyBattleship","Replay:Bandana","Art of War","Bag of Preparation","hubris:TerracottaHorce","Replay:Baseball","CatCart","Mark of the Bloom","CrazyTorch:ReiMu","Old Coin","hubris:Towel","Grinning Jar","Blue Candle","hubris:BlackHole","Garlic","ReplayTheSpireMod:Ring of Addiction","White Beast Statue","Potion Belt","Ring of Hypnosis","CaptainsWheel","Sundial","Odd Mushroom","Molten Egg 2","Nloth\u0027s Gift","Red Mask","Oddly Smooth Stone","hubris:Backtick","hubris:TinFlute","Ancient Tea Set","Mark of the Bloom","hubris:EmptyBottle","hubris:MedicalManual","MealTicket","Medical Kit"],"acts_visited":["Exordium","TheCity","TheBeyond","Exordium","TheCity","TheBeyond","Exordium"],"potions_floor_usage":[36],"damage_taken":[{"damage":6,"enemies":"2 Louse","floor":1,"turns":3},{"damage":0,"enemies":"Cultist","floor":3,"turns":2},{"damage":11,"enemies":"Jaw Worm","floor":5,"turns":2},{"damage":0,"enemies":"Blue Slaver","floor":12,"turns":1},{"damage":0,"enemies":"Lagavulin","floor":14,"turns":1},{"damage":0,"enemies":"Slime Boss","floor":16,"turns":1},{"damage":0,"enemies":"Shell Parasite","floor":18,"turns":1},{"damage":0,"enemies":"conspire:SneckoGhost","floor":28,"turns":1},{"damage":0,"enemies":"Book of Stabbing","floor":31,"turns":1},{"damage":0,"enemies":"hubris:MusketHawk","floor":33,"turns":1},{"damage":0,"enemies":"Orb Walker","floor":35,"turns":1},{"damage":0,"enemies":"Orin","floor":36,"turns":6},{"damage":0,"enemies":"Giant Head","floor":44,"turns":1},{"damage":0,"enemies":"Reptomancer","floor":48,"turns":1},{"damage":0,"enemies":"hubris:GrandSnecko","floor":50,"turns":1},{"damage":0,"enemies":"Small Slimes","floor":52,"turns":1},{"damage":0,"enemies":"The Mushroom Lair","floor":62,"turns":1},{"damage":0,"enemies":"Gremlin Nob","floor":65,"turns":1},{"damage":0,"enemies":"Slime Boss","floor":67,"turns":1},{"damage":0,"enemies":"Shell Parasite","floor":69,"turns":1},{"damage":0,"enemies":"Book of Stabbing","floor":77,"turns":1},{"damage":0,"enemies":"Masked Bandits","floor":78,"turns":1},{"damage":0,"enemies":"2 Thieves","floor":82,"turns":1},{"damage":0,"enemies":"Champ","floor":84,"turns":1},{"damage":0,"enemies":"Orb Walker","floor":86,"turns":1},{"damage":0,"enemies":"2 Orb Walkers","floor":93,"turns":1},{"damage":0,"enemies":"Nemesis","floor":94,"turns":1},{"damage":0,"enemies":"Time Eater","floor":101,"turns":1}],"seed_played":"8364664394363223590","potions_obtained":[{"floor":5,"key":"SteroidPotion"},{"floor":12,"key":"Explosive Potion"},{"floor":16,"key":"AttackPotion"},{"floor":31,"key":"Fruit Juice"},{"floor":36,"key":"Fire Potion"},{"floor":54,"key":"SpeedPotion"},{"floor":54,"key":"EntropicBrew"}],"is_trial":true,"path_per_floor":["M","?","M","?","M","$","R","R","T","R","T","M","?","E","R","B",null,"M","?","?","T","$","R","?","R","T","?","E","$","?","E","R","B",null,"M","?","?","?","?","R","R","$","T","E","?","?","?","E","R","B",null,"M","?","?","?","?","R","?","R","T","?","?","?","?","E","R","B",null,"M","?","?","$","?","R","$","?","E","?","?","?","R","M","R","B",null,"M","?","$","?","?","?","?","?","E","?","$","R","$","?","R","B",null],"character_chosen":"THE_CONSTRUCT_MOD","items_purchased":["Mind Blast","Juzu Bracelet","construct:SuppressiveFire+1","MerchantsRug","BargainBundle","construct:Autoturret","construct:Reinforce","construct:Reserves","construct:Backfire","Discovery","Chrysalis","construct:Tumble","construct:Reserves","hubris:EmptyBottle","MealTicket","Medical Kit"],"campfire_rested":0,"item_purchase_floors":[6,22,22,22,22,22,22,22,22,22,22,42,72,88,96,98],"current_hp_per_floor":[79,79,93,93,82,82,82,82,100,100,118,118,136,136,136,154,189,189,189,207,225,225,225,112,112,130,130,130,130,130,130,130,148,148,148,189,189,189,189,189,189,189,189,189,189,189,189,189,189,189,189,189,186,186,186,186,186,186,186,186,186,186,186,186,186,186,186,186,186,186,186,186,186,186,186,186,186,186,186,186,186,186,186,186,186,186,186,186,186,186,186,181,181,181,181,181,181,181,181,181,181,181,181],"gold":1783,"neow_bonus":"","is_daily":false,"chose_seed":false,"campfire_upgraded":18,"win_rate":0.0,"timestamp":1613713695,"path_taken":["M","?","?","?","M","$","R","R","T","R","?","?","?","E","R","BOSS","M","?","?","?","$","R","?","R","T","?","E","$","?","E","R","BOSS","M","?","?","?","?","R","R","$","T","E","?","?","?","E","R","BOSS","M","?","?","?","?","R","?","R","T","?","?","?","?","E","R","BOSS","M","?","?","$","?","R","$","?","E","?","?","?","R","M","R","BOSS","M","?","$","?","?","?","?","?","E","?","?","R","$","?","R","BOSS"],"items_purchased_type":["Card","Relic","Card","Relic","Relic","Card","Card","Card","Card","Card","Card","Card","Card","Relic","Relic","Relic"],"build_version":"2020-12-22","purchased_purges":0,"victory":false,"max_hp_per_floor":[85,85,99,99,99,99,99,99,117,117,135,135,153,153,153,171,189,189,189,207,225,225,225,112,112,130,130,130,130,130,130,130,148,148,148,189,189,189,189,189,189,189,207,207,207,207,207,207,207,225,225,225,225,243,243,261,261,259,259,277,275,275,275,273,273,273,289,289,289,305,305,305,303,303,303,301,301,301,317,353,353,351,351,369,367,367,367,365,383,401,349,349,349,347,347,347,345,345,345,343,361,361,361],"card_choices":[{"not_picked":["construct:SaveState","construct:Construct_Overclock"],"picked":"construct:Autoturret","floor":0},{"not_picked":["construct:Failsafe","construct:Zapper"],"picked":"construct:FocusedBeam","floor":0},{"not_picked":["construct:FierceBash","construct:SuppressiveFire"],"picked":"construct:SweepLaser","floor":0},{"not_picked":["construct:Autoturret","construct:Failsafe"],"picked":"construct:HeavyBolt","floor":0},{"not_picked":["construct:Accumulate","construct:PowerUp"],"picked":"construct:FlakBarrage","floor":0},{"not_picked":["construct:Zapper","construct:PowerUp"],"picked":"construct:FierceBash","floor":0},{"not_picked":["construct:Backup","construct:Enhance"],"picked":"construct:ShiftStrike","floor":0},{"not_picked":["construct:Zapper","construct:VentSteam"],"picked":"construct:ClusterMines","floor":0},{"not_picked":["construct:PointDefense","construct:Impenetrable"],"picked":"construct:Versatility","floor":0},{"not_picked":["construct:SaveState","construct:Isolate"],"picked":"construct:CriticalHit","floor":0},{"not_picked":["construct:SaveState","construct:VentSteam"],"picked":"construct:ReactiveShield","floor":0},{"not_picked":["construct:ModeShift","construct:ElectricArmor"],"picked":"construct:CripplingShot","floor":0},{"not_picked":["construct:SuppressiveFire","construct:Disrupt"],"picked":"construct:QuickAttack","floor":0},{"not_picked":["construct:CriticalHit","construct:VentSteam"],"picked":"construct:ClusterMines","floor":0},{"not_picked":["construct:BatteryAcid","construct:Analyze"],"picked":"construct:OneWayMirror","floor":0},{"not_picked":["construct:ScopeCore","construct:Reinforce"],"picked":"construct:Missile","floor":13},{"not_picked":["construct:FierceBash","construct:Anticipate"],"picked":"construct:ClusterMines","floor":13},{"not_picked":["construct:Hazardproof","construct:Anticipate"],"picked":"construct:Reserves","floor":14},{"not_picked":["construct:GoldenBullet","construct:ShieldGenerator"],"picked":"construct:BatteryCore","floor":16},{"not_picked":["construct:ModeShift","construct:Anticipate"],"picked":"construct:SweepLaser+1","floor":28},{"not_picked":["construct:Tumble","construct:ShiftStrike"],"picked":"construct:LaserCore","floor":31},{"not_picked":["construct:Bunker","construct:SpinDrive"],"picked":"construct:ClockworkEgg","floor":33},{"not_picked":["construct:ModeShift","construct:PowerUp+1"],"picked":"construct:Versatility+1","floor":36},{"not_picked":["construct:Versatility","construct:MemoryTap"],"picked":"construct:SweepLaser","floor":44},{"not_picked":["construct:Electrocute","construct:Forcefield"],"picked":"construct:Dampening+1","floor":48},{"not_picked":["construct:Multistage","construct:PanicFire"],"picked":"construct:HyperBeam","floor":50},{"not_picked":["construct:Anticipate","construct:VentSteam"],"picked":"construct:ClusterMines","floor":65},{"not_picked":["construct:Multistage","construct:PanicFire"],"picked":"construct:GatlingGun","floor":67},{"not_picked":["construct:ElectricArmor","construct:Failsafe"],"picked":"construct:Disrupt","floor":77},{"not_picked":["construct:SuppressiveFire+1","construct:Autoturret"],"picked":"construct:Reinforce","floor":78},{"not_picked":["construct:ShieldGenerator","construct:HammerDown+1"],"picked":"construct:BatteryCore","floor":84},{"not_picked":["hubris:Ssssneak","Metamorphosis"],"picked":"Jack Of All Trades","floor":92},{"not_picked":["Magnetism","Replay:Bootleg Shield Generator"],"picked":"Apotheosis","floor":92},{"not_picked":["Madness","Forethought"],"picked":"Finesse","floor":92},{"not_picked":["construct:ScrapCannon+1","construct:HammerDown+1"],"picked":"construct:SweepLaser+1","floor":93},{"not_picked":["construct:LongRangeLance","construct:Tumble+1"],"picked":"construct:Reserves","floor":94},{"not_picked":["construct:HastyRepair","construct:Multistage"],"picked":"construct:ShiftingStance","floor":101}],"player_experience":659760,"relics_obtained":[{"floor":1,"key":"construct:MasterCore"},{"floor":3,"key":"Mango"},{"floor":5,"key":"hubris:TenFootPole"},{"floor":9,"key":"hubris:DuctTape"},{"floor":11,"key":"Boot"},{"floor":12,"key":"ReplayTheSpireMod:Lightbulb"},{"floor":13,"key":"Ornamental Fan"},{"floor":14,"key":"Replay:Rubber Ducky"},{"floor":17,"key":"War Paint"},{"floor":17,"key":"construct:MegaBattery"},{"floor":17,"key":"FossilizedHelix"},{"floor":18,"key":"Lantern"},{"floor":21,"key":"Anchor"},{"floor":26,"key":"Pen Nib"},{"floor":28,"key":"hubris:ToyBattleship"},{"floor":28,"key":"Replay:Bandana"},{"floor":31,"key":"Art of War"},{"floor":31,"key":"Bag of Preparation"},{"floor":35,"key":"Replay:Baseball"},{"floor":36,"key":"CatCart"},{"floor":44,"key":"CrazyTorch:ReiMu"},{"floor":44,"key":"Old Coin"},{"floor":48,"key":"Grinning Jar"},{"floor":48,"key":"Blue Candle"},{"floor":52,"key":"Garlic"},{"floor":54,"key":"ReplayTheSpireMod:Ring of Addiction"},{"floor":54,"key":"White Beast Statue"},{"floor":54,"key":"Potion Belt"},{"floor":54,"key":"Ring of Hypnosis"},{"floor":60,"key":"Sundial"},{"floor":62,"key":"Odd Mushroom"},{"floor":69,"key":"Molten Egg 2"},{"floor":78,"key":"Red Mask"},{"floor":82,"key":"Oddly Smooth Stone"},{"floor":86,"key":"Ancient Tea Set"},{"floor":93,"key":"hubris:MedicalManual"}],"event_choices":[{"cards_removed":["construct:Autoturret"],"damage_healed":0,"gold_gain":0,"player_choice":"Gave Card","damage_taken":0,"relics_obtained":["Pondfish Scales"],"max_hp_gain":0,"max_hp_loss":0,"event_name":"WeMeetAgain","floor":2,"gold_loss":0},{"cards_removed":["construct:Versatility"],"damage_healed":0,"gold_gain":0,"player_choice":"Elegance","damage_taken":0,"max_hp_gain":0,"max_hp_loss":0,"event_name":"Back to Basics","floor":19,"gold_loss":0},{"damage_healed":0,"gold_gain":0,"player_choice":"Became a Ghost","damage_taken":0,"max_hp_gain":0,"max_hp_loss":113,"event_name":"Ghosts","floor":24,"gold_loss":0,"cards_obtained":["Ghostly","Ghostly","Ghostly","Ghostly","Ghostly"]},{"damage_healed":0,"gold_gain":0,"player_choice":"Ωª≥ˆ…Òæ∆","damage_taken":0,"max_hp_gain":0,"max_hp_loss":0,"event_name":"ZunEvent","floor":27,"relics_lost":["ZunR:ReiMu"],"gold_loss":0,"cards_obtained":["ZunPunch:ReiMu"]},{"damage_healed":0,"gold_gain":0,"player_choice":"Invest 1","damage_taken":0,"max_hp_gain":0,"max_hp_loss":0,"event_name":"conspire:Investor","floor":30,"gold_loss":0},{"damage_healed":0,"gold_gain":0,"player_choice":"Fight","damage_taken":0,"max_hp_gain":0,"max_hp_loss":0,"event_name":"OrinTheCat","floor":36,"gold_loss":0},{"cards_removed":["construct:CriticalHit"],"damage_healed":0,"gold_gain":0,"player_choice":"Removed Attack","damage_taken":0,"max_hp_gain":0,"max_hp_loss":0,"event_name":"Falling","floor":37,"gold_loss":0},{"damage_healed":0,"gold_gain":0,"player_choice":"Bought 0 Potions","damage_taken":0,"max_hp_gain":0,"max_hp_loss":0,"event_name":"The Woman in Blue","floor":38,"gold_loss":0},{"damage_healed":0,"gold_gain":0,"player_choice":"Upgrade","damage_taken":0,"relics_obtained":["Mark of the Bloom"],"max_hp_gain":0,"max_hp_loss":0,"event_name":"MindBloom","floor":39,"gold_loss":0,"cards_upgraded":["construct:BatteryCore","construct:SpinDrive","construct:LongRangeLance","construct:GoldenBullet","construct:ShieldBurst","construct:MemoryTap","construct:PanicFire","construct:Multistage","construct:HyperBeam","construct:GatlingGun","construct:ShiftingStance","construct:HastyRepair","construct:MassProduction","construct:Reserves","construct:SiegeForm","construct:ShieldGenerator","construct:Bunker","construct:Autoturret","construct:Autoturret","construct:FocusedBeam","construct:FocusedBeam","construct:FocusedBeam","construct:SweepLaser","construct:SweepLaser","construct:SweepLaser","construct:HeavyBolt","construct:HeavyBolt","construct:HeavyBolt","construct:FlakBarrage","construct:FlakBarrage","construct:FlakBarrage","construct:FierceBash","construct:FierceBash","construct:FierceBash","construct:ShiftStrike","construct:ShiftStrike","construct:ShiftStrike","construct:ClusterMines","construct:ClusterMines","construct:ClusterMines","construct:Versatility","construct:Versatility","construct:CriticalHit","construct:CriticalHit","construct:ReactiveShield","construct:ReactiveShield","construct:ReactiveShield","construct:CripplingShot","construct:CripplingShot","construct:QuickAttack","construct:QuickAttack","construct:QuickAttack","construct:ClusterMines","construct:ClusterMines","construct:ClusterMines","construct:OneWayMirror","construct:OneWayMirror","construct:Missile","construct:Missile","construct:Missile","construct:ClusterMines","construct:ClusterMines","construct:ClusterMines","construct:Reserves","construct:Reserves","construct:Reserves","construct:BatteryCore","construct:BatteryCore","construct:Autoturret","construct:Autoturret","construct:Autoturret","construct:Reinforce","construct:Reinforce","construct:Reinforce","construct:Reserves","construct:Reserves","construct:Reserves","construct:Backfire","construct:Backfire","construct:Backfire","Discovery","Discovery","Discovery","Chrysalis","Chrysalis","Chrysalis","Ghostly","Ghostly","Ghostly","Ghostly","Ghostly","Ghostly","Ghostly","Ghostly","Ghostly","Ghostly","Ghostly","Ghostly","Ghostly","Ghostly","Ghostly","ZunPunch:ReiMu","ZunPunch:ReiMu","ZunPunch:ReiMu","conspire:SpireCoStock","conspire:SpireCoStock","conspire:SpireCoStock","construct:LaserCore","construct:LaserCore","construct:LaserCore","construct:ClockworkEgg","construct:ClockworkEgg","construct:ClockworkEgg"]},{"damage_healed":0,"gold_gain":0,"player_choice":"Ignored","damage_taken":0,"max_hp_gain":0,"max_hp_loss":0,"event_name":"Tomb of Lord Red Mask","floor":45,"gold_loss":0},{"cards_removed":["construct:ReactiveShield"],"damage_healed":0,"gold_gain":0,"player_choice":"Card Removal","damage_taken":7,"max_hp_gain":0,"max_hp_loss":0,"event_name":"Golden Wing","floor":53,"gold_loss":0},{"damage_healed":0,"gold_gain":0,"player_choice":"Box","damage_taken":0,"relics_obtained":["CaptainsWheel"],"max_hp_gain":0,"max_hp_loss":0,"event_name":"Big Fish","floor":56,"gold_loss":0,"cards_obtained":["Regret"]},{"cards_removed":["construct:ReactiveShield"],"damage_healed":0,"gold_gain":0,"player_choice":"Forget","damage_taken":0,"max_hp_gain":0,"max_hp_loss":0,"event_name":"Living Wall","floor":58,"gold_loss":0},{"damage_healed":0,"gold_gain":0,"player_choice":"Disagree","damage_taken":0,"max_hp_gain":0,"max_hp_loss":0,"event_name":"conspire:LoneGhost","floor":61,"gold_loss":0},{"damage_healed":0,"gold_gain":0,"player_choice":"Fought Mushrooms","damage_taken":0,"max_hp_gain":0,"max_hp_loss":0,"event_name":"Mushrooms","floor":62,"gold_loss":0},{"damage_healed":0,"gold_gain":0,"player_choice":"Upgraded","damage_taken":0,"max_hp_gain":0,"max_hp_loss":0,"event_name":"Upgrade Shrine","floor":63,"gold_loss":0,"cards_upgraded":["construct:ClockworkEgg"]},{"cards_removed":["construct:ReactiveShield"],"damage_healed":0,"gold_gain":0,"player_choice":"Card Removal","damage_taken":0,"max_hp_gain":0,"max_hp_loss":0,"event_name":"The Cleric","floor":64,"gold_loss":50},{"damage_healed":0,"gold_gain":0,"player_choice":"2 cards matched","damage_taken":0,"max_hp_gain":0,"max_hp_loss":0,"event_name":"Match and Keep!","floor":70,"gold_loss":0,"cards_obtained":["hubris:Sloth","construct:HammerDown"]},{"damage_healed":0,"gold_gain":0,"player_choice":"Ignored","damage_taken":0,"max_hp_gain":0,"max_hp_loss":0,"event_name":"Ghosts","floor":71,"gold_loss":0},{"damage_healed":0,"gold_gain":0,"player_choice":"Traded Relic","damage_taken":0,"relics_obtained":["Nloth\u0027s Gift"],"max_hp_gain":0,"max_hp_loss":0,"event_name":"N\u0027loth","floor":73,"relics_lost":["conspire:SeveredTorchhead"],"gold_loss":0},{"damage_healed":0,"gold_gain":0,"player_choice":"Fought Bandits","damage_taken":0,"max_hp_gain":0,"max_hp_loss":0,"event_name":"Masked Bandits","floor":78,"gold_loss":0},{"damage_healed":0,"gold_gain":0,"cards_transformed":["hubris:Sloth"],"player_choice":"Transformed","damage_taken":0,"max_hp_gain":0,"max_hp_loss":0,"event_name":"Transmorgrifier","floor":79,"gold_loss":0,"cards_obtained":["Replay:Hysterical Blindness"]},{"damage_healed":0,"gold_gain":0,"cards_transformed":["hubris:Sloth","hubris:Sloth"],"player_choice":"Became Test Subject","damage_taken":0,"max_hp_gain":0,"max_hp_loss":0,"event_name":"Drug Dealer","floor":80,"gold_loss":0,"cards_obtained":["TheCursedMod:Dregs","hubris:Gluttony"]},{"damage_healed":0,"gold_gain":0,"player_choice":"Upgrade","damage_taken":0,"relics_obtained":["Mark of the Bloom"],"max_hp_gain":0,"max_hp_loss":0,"event_name":"MindBloom","floor":87,"gold_loss":0,"cards_upgraded":["construct:SweepLaser","construct:SweepLaser","Pot Of Greed","Pot Of Greed","Pot Of Greed","Pot Of Greed","Pot Of Greed","Pot Of Greed","Pot Of Greed","Pot Of Greed","Pot Of Greed","Pot Of Greed","Pot Of Greed","Pot Of Greed","Pot Of Greed","Pot Of Greed","Pot Of Greed","Pot Of Greed","Pot Of Greed","Pot Of Greed","Pot Of Greed","Pot Of Greed","Pot Of Greed","Pot Of Greed","Pot Of Greed","Pot Of Greed","Pot Of Greed","Pot Of Greed","Pot Of Greed","Pot Of Greed","Pot Of Greed","Pot Of Greed","Pot Of Greed","Pot Of Greed","Pot Of Greed","Pot Of Greed","Pot Of Greed","Pot Of Greed","Pot Of Greed","Pot Of Greed","Pot Of Greed","Pot Of Greed","Pot Of Greed","Pot Of Greed","Pot Of Greed","Pot Of Greed","construct:HyperBeam","construct:HyperBeam","construct:HyperBeam","construct:ClusterMines","construct:ClusterMines","construct:ClusterMines","Pot Of Greed","Pot Of Greed","Pot Of Greed","construct:GatlingGun","construct:GatlingGun","construct:GatlingGun","construct:Reserves","construct:Reserves","construct:Reserves","construct:Disrupt","construct:Disrupt","construct:Disrupt","construct:Reinforce","construct:Reinforce","construct:Reinforce","construct:BatteryCore","construct:BatteryCore","construct:BatteryCore","Pot Of Greed","Pot Of Greed","Pot Of Greed"]},{"damage_healed":91,"gold_gain":0,"player_choice":"Writhe","damage_taken":0,"max_hp_gain":0,"max_hp_loss":0,"event_name":"Winding Halls","floor":89,"gold_loss":0,"cards_obtained":["Writhe"]},{"damage_healed":0,"gold_gain":0,"cards_transformed":["hubris:Greed"],"player_choice":"Transformed","damage_taken":0,"max_hp_gain":0,"max_hp_loss":0,"event_name":"Transmorgrifier","floor":90,"gold_loss":0,"cards_obtained":["animator:Curse_Greed"]},{"damage_healed":349,"gold_gain":0,"player_choice":"Heal","damage_taken":0,"max_hp_gain":0,"max_hp_loss":50,"event_name":"The Moai Head","floor":91,"gold_loss":0},{"damage_healed":0,"gold_gain":0,"player_choice":"Memory 3","damage_taken":10,"max_hp_gain":0,"max_hp_loss":0,"event_name":"SensoryStone","floor":92,"gold_loss":0},{"damage_healed":0,"gold_gain":0,"player_choice":"Fight","damage_taken":0,"max_hp_gain":0,"max_hp_loss":0,"event_name":"Mysterious Sphere","floor":93,"gold_loss":0},{"damage_healed":0,"gold_gain":222,"player_choice":"Wore Mask","damage_taken":0,"max_hp_gain":0,"max_hp_loss":0,"event_name":"Tomb of Lord Red Mask","floor":95,"gold_loss":0},{"cards_removed":["construct:Autoturret"],"damage_healed":0,"gold_gain":0,"player_choice":"Removed Power","damage_taken":0,"max_hp_gain":0,"max_hp_loss":0,"event_name":"Falling","floor":99,"gold_loss":0}],"is_beta":false,"boss_relics":[{"not_picked":["Sozu","Painkiller Herb"],"picked":"Replay:Grab Bag"},{"not_picked":["Runic Dome","hubris:CrackedHourglass"],"picked":"Philosopher\u0027s Stone"},{"not_picked":["Busted Crown","Fusion Hammer"],"picked":"Coffee Dripper"},{"not_picked":["hubris:HollowSoul","SacredBark"],"picked":"Black Star"},{"not_picked":["Snecko Eye","construct:ClawGrip"],"picked":"Calling Bell"},{"not_picked":["ReplayTheSpireMod:DimensionalGlitch","hubris:GrandSneckoEye"],"picked":"hubris:TerracottaHorce"},{"not_picked":["hubris:RunicObelisk","Abe\u0027s Treasure"],"picked":"hubris:BlackHole"},{"not_picked":["Sozu","conspire:SpecialSausage"],"picked":"conspire:SeveredTorchhead"},{"not_picked":["Replay:Drink Me","Snecko Heart"],"picked":"hubris:Backtick"},{"not_picked":["RedLine:ReiMu","construct:ClawGrip","Ring of Chaos"]}],"items_purged_floors":[],"is_endless":true,"potions_floor_spawned":[5,12,16,28,31,36,50,52,62,65,67,69,77,78,82,84,86,93,94,101],"ascension_level":0}}