{"host":"en4narc5947t7k9n","time":1613733550,"event":{"mods":["AchievementEnabler","BaseMod","Colored Map","Minty Spire (QoL Compilation)","SuperFastMode"],"gold_per_floor":[119,130,52,32,32,63,82,97,124,124,151,151,161,15,15,111,111,125,50,50,81,95,113,133,97,166,266,266,296,296,308,308,308,308],"floor_reached":33,"language":"KOR","playtime":1523,"items_purged":["Strike_R"],"score":300,"play_id":"ae1de05f-c775-47c8-a1a2-b6e8884851be","local_time":"20210219201910","is_ascension_mode":false,"campfire_choices":[{"floor":10,"key":"RECALL"},{"data":"Corruption","floor":12,"key":"SMITH"},{"data":"Flame Barrier","floor":15,"key":"SMITH"},{"data":"Seeing Red","floor":28,"key":"SMITH"},{"data":"Searing Blow+1","floor":30,"key":"SMITH"},{"data":"Searing Blow+2","floor":32,"key":"SMITH"}],"circlet_count":0,"master_deck":["Strike_R","Strike_R","Strike_R","Strike_R","Defend_R","Defend_R+1","Defend_R","Defend_R+1","Bash","Anger","Shrug It Off","Double Tap","Clash","Hemokinesis","Corruption+1","Ghostly Armor","Flame Barrier+1","Exhume","Armaments","Uppercut","Shockwave+1","True Grit+1","Seeing Red+1","Intimidate","Searing Blow+3","Seeing Red+1"],"relics":["Burning Blood","NeowsBlessing","War Paint","Ancient Tea Set","Red Skull","SlaversCollar","Red Mask","Frozen Egg 2","Vajra"],"acts_visited":["Exordium","TheCity"],"potions_floor_usage":[8,8,23,29,33],"damage_taken":[{"damage":0,"enemies":"2 Louse","floor":1,"turns":1},{"damage":0,"enemies":"Cultist","floor":2,"turns":1},{"damage":0,"enemies":"Lagavulin","floor":6,"turns":1},{"damage":0,"enemies":"Small Slimes","floor":7,"turns":3},{"damage":13,"enemies":"Exordium Wildlife","floor":8,"turns":4},{"damage":12,"enemies":"Gremlin Nob","floor":11,"turns":4},{"damage":3,"enemies":"Gremlin Gang","floor":13,"turns":5},{"damage":57,"enemies":"Hexaghost","floor":16,"turns":9},{"damage":12,"enemies":"Chosen","floor":18,"turns":6},{"damage":35,"enemies":"Masked Bandits","floor":21,"turns":6},{"damage":2,"enemies":"3 Byrds","floor":22,"turns":4},{"damage":2,"enemies":"Snecko","floor":23,"turns":4},{"damage":14,"enemies":"Centurion and Healer","floor":24,"turns":7},{"damage":17,"enemies":"Book of Stabbing","floor":29,"turns":5},{"damage":9,"enemies":"Snake Plant","floor":31,"turns":4},{"damage":38,"enemies":"Collector","floor":33,"turns":6}],"seed_played":"-2080388676696699435","potions_obtained":[{"floor":2,"key":"ElixirPotion"},{"floor":4,"key":"Regen Potion"},{"floor":6,"key":"Strength Potion"},{"floor":7,"key":"Ancient Potion"},{"floor":11,"key":"SneckoOil"},{"floor":21,"key":"Swift Potion"},{"floor":29,"key":"Ancient Potion"}],"is_trial":false,"path_per_floor":["M","M","$","?","$","E","M","M","T","R","E","R","M","$","R","B",null,"M","$","?","?","M","M","M","$","T","?","R","E","R","M","R","B"],"character_chosen":"IRONCLAD","items_purchased":["Double Tap","Red Skull","Intimidate"],"campfire_rested":0,"item_purchase_floors":[3,14,25],"current_hp_per_floor":[80,80,80,80,80,80,80,77,77,77,71,71,74,74,74,23,80,74,74,74,45,49,53,45,45,45,45,45,34,34,31,31,0,0],"gold":308,"neow_bonus":"THREE_ENEMY_KILL","is_daily":false,"chose_seed":false,"campfire_upgraded":5,"win_rate":0.0,"timestamp":1613733550,"path_taken":["M","M","$","?","?","E","M","M","T","R","E","R","M","$","R","BOSS","M","$","?","?","?","M","?","?","T","?","R","E","R","M","R","BOSS"],"items_purchased_type":["Card","Relic","Card"],"build_version":"2020-12-22","purchased_purges":1,"victory":false,"max_hp_per_floor":[80,80,80,80,80,80,80,80,80,80,80,80,80,80,80,80,80,80,80,80,80,80,80,80,80,80,80,80,80,80,80,80,80,80],"card_choices":[{"not_picked":["True Grit","Perfected Strike"],"picked":"Anger","floor":1},{"not_picked":["Headbutt","Pommel Strike"],"picked":"Shrug It Off","floor":2},{"not_picked":["Thunderclap","Clothesline"],"picked":"Clash","floor":6},{"not_picked":["Metallicize","Reckless Charge"],"picked":"Hemokinesis","floor":7},{"not_picked":["Cleave","Iron Wave"],"picked":"Corruption","floor":8},{"not_picked":["Combust","Feel No Pain"],"picked":"Ghostly Armor","floor":11},{"not_picked":["Searing Blow","Sentinel"],"picked":"Flame Barrier","floor":13},{"not_picked":["Impervious","Offering"],"picked":"Exhume","floor":16},{"not_picked":["Twin Strike","Clash"],"picked":"Armaments","floor":18},{"not_picked":["Ghostly Armor","Heavy Blade"],"picked":"Uppercut","floor":21},{"not_picked":["Sword Boomerang+1","Warcry"],"picked":"Shockwave+1","floor":22},{"not_picked":["Dark Embrace+1","Evolve"],"picked":"True Grit+1","floor":23},{"not_picked":["Flame Barrier","Limit Break"],"picked":"Seeing Red","floor":24},{"not_picked":["Headbutt","Shrug It Off"],"picked":"Searing Blow+1","floor":29},{"not_picked":["Shrug It Off","Infernal Blade"],"picked":"Seeing Red+1","floor":31}],"player_experience":82840,"relics_obtained":[{"floor":6,"key":"War Paint"},{"floor":11,"key":"Ancient Tea Set"},{"floor":21,"key":"Red Mask"},{"floor":26,"key":"Frozen Egg 2"},{"floor":29,"key":"Vajra"}],"event_choices":[{"damage_healed":0,"gold_gain":0,"player_choice":"Bought 1 Potion","damage_taken":0,"max_hp_gain":0,"max_hp_loss":0,"event_name":"The Woman in Blue","floor":4,"gold_loss":0},{"damage_healed":0,"gold_gain":0,"player_choice":"Ignored","damage_taken":0,"max_hp_gain":0,"max_hp_loss":0,"event_name":"Ghosts","floor":20,"gold_loss":0},{"damage_healed":0,"gold_gain":0,"player_choice":"Fought Bandits","damage_taken":0,"max_hp_gain":0,"max_hp_loss":0,"event_name":"Masked Bandits","floor":21,"gold_loss":0},{"damage_healed":0,"gold_gain":100,"player_choice":"Pray","damage_taken":0,"max_hp_gain":0,"max_hp_loss":0,"event_name":"Golden Shrine","floor":27,"gold_loss":0}],"is_beta":false,"boss_relics":[{"not_picked":["Sozu","Runic Dome"],"picked":"SlaversCollar"}],"items_purged_floors":[19],"is_endless":false,"potions_floor_spawned":[2,6,7,11,21,29],"killed_by":"Collector","ascension_level":0}}