{"host":"9rqk712yu6s3287p","time":1613753227,"event":{"mods":["ATMod(°¢èªMod)","Act Like it!","BaseMod","CapriCore","Chen","Gensokyo","Googly Eyes","Marisa£¨ìFÓê¡¡Ä§ÀíÉ³£©","Minty Spire (QoL Compilation)","MostiFishMod","Onozuka Komachi Mod","Reimu£¨²©ÀöÁéÃÎ£©","Remilia_Scarlet Moed£¨ÀÙÃ×ÀòÑÇ¡¤Ë¹¿¨À×ÌØ£©3.3.5","Remilia£¨ÀÙÃ×ÀòÑÇ£©","RumiaBox-Â¶Ã×æ«µÄÉñÃØºÐ×Ó","StSLib","The Administrix","The Immortal","The Servant 0.9.4","Yakumo Yukari mod","Youmu£¨»êÆÇÑýÃÎ£©","Yuyuko","[IsaacMod]ÒÔÈö¼âËþ","¡¾ÒÅÎï¿¨ÅÆ¡¿REMEMod"],"gold_per_floor":[125,166,166,192,226,264,304,304,304,358,434,477,477,477,477,584,584,678,731,731,807,807,807],"floor_reached":22,"language":"ZHS","playtime":772,"items_purged":["Faramita\u0027s Temptation","Deathly Ground"],"score":920,"play_id":"b5f9d398-eeb8-4a4f-ad2f-a7f7e4c190ba","local_time":"20210220004707","daily_mods":["Vintage","Heirloom","Time Dilation","Flight","Elite Swarm","Lethality","Binary"],"is_ascension_mode":true,"campfire_choices":[{"data":"Full Inky Sakura","floor":8.0,"key":"SMITH"},{"data":"Unfulfilling Attachment","floor":15,"key":"SMITH"}],"circlet_count":0,"master_deck":["AscendersBane","Fantasy Butterflies","Fantasy Butterflies","Fantasy Butterflies","Fantasy Butterflies","Fantasy Butterflies","Dreamy Sakura","Dreamy Sakura","Dreamy Sakura","Dreamy Sakura","Dreamy Sakura","Full Inky Sakura+1","Unfulfilling Attachment+1","The Way to Death"],"relics":["Coronal","Yuyuko\u0027s fan","Busted Crown","AT_ATBox","DaveBox","REME_ComplimentaryCards","HushsDoor","SalivaCoin","DiscerningMonocle","SecretRecord","REME_ArchaeologicalTools","SynthV:TestCard","AT_BellowingDragoncrestRing","ForgetMeNow","PlanX","Frozen Eye","AT_EbonyIvory","Anchor","Shuriken","Molten Egg 2","Sundial","PreservedInsect","Happy Flower","Ornamental Fan","SharpPlug","AT_RedTearstoneRing","D4","HandDrill","Centennial Puzzle","ChampionBelt","Gambling Chip","Peace Pipe","PrismaticShard","Toy Ornithopter","MagicDraw4","Nunchaku"],"acts_visited":["Exordium","TheCity"],"potions_floor_usage":[18],"damage_taken":[{"damage":2.0,"enemies":"Small Slimes","floor":1.0,"turns":2.0},{"damage":1.0,"enemies":"Jaw Worm","floor":2.0,"turns":1.0},{"damage":2.0,"enemies":"2 Louse","floor":4.0,"turns":2.0},{"damage":2.0,"enemies":"2 Fungi Beasts","floor":5.0,"turns":2.0},{"damage":3.0,"enemies":"Gremlin Nob","floor":6.0,"turns":3.0},{"damage":2.0,"enemies":"3 Sentries","floor":7.0,"turns":2.0},{"damage":13.0,"enemies":"Lagavulin","floor":10.0,"turns":4.0},{"damage":1.0,"enemies":"Gremlin Nob","floor":11.0,"turns":1.0},{"damage":2.0,"enemies":"Lagavulin","floor":12.0,"turns":2.0},{"damage":3,"enemies":"The Guardian","floor":16,"turns":3},{"damage":34,"enemies":"Slavers","floor":18,"turns":3},{"damage":2,"enemies":"3 Byrds","floor":19,"turns":2},{"damage":1,"enemies":"Gremlin Leader","floor":21,"turns":1},{"damage":0,"enemies":"Slavers","floor":22,"turns":1}],"seed_played":"5156116344573347985","potions_obtained":[{"floor":7.0,"key":"Regen Potion"},{"floor":19,"key":"ZuzhouPotion:ReiMu"}],"is_trial":true,"path_per_floor":["M","M","$","M","M","E","E","R","T","E","E","E","$","$","R","B",null,"M","M","$","M","M"],"character_chosen":"YUYOKO","items_purchased":["ForgetMeNow","PlanX","Frozen Eye","Firefly","GrandPatriotsElixir:ReiMu","SharpPlug","AT_RedTearstoneRing","MagicPotion:ReiMu","D4","HandDrill","Centennial Puzzle","PrismaticShard","Toy Ornithopter","MagicDraw4"],"campfire_rested":0,"item_purchase_floors":[3,3,3,3,3,13,13,13,14,14,14,20,20,20],"current_hp_per_floor":[35,36,36,35,35,34,35,35,35,25,26,35,35,35,35,34,36,26,35,35,36,37,37],"gold":807,"neow_bonus":"","is_daily":false,"chose_seed":false,"campfire_upgraded":2,"win_rate":0.0,"timestamp":1613753227,"path_taken":["M","M","$","M","M","E","E","R","T","E","E","E","$","$","R","BOSS","M","M","$","M","M"],"items_purchased_type":["Relic","Relic","Relic","Potion","Potion","Relic","Relic","Potion","Relic","Relic","Relic","Relic","Relic","Relic"],"build_version":"2020-12-22","purchased_purges":2,"victory":false,"max_hp_per_floor":[37,37,37,37,37,37,37,37,37,37,37,37,37,37,37,37,37,37,37,37,37,37,37],"card_choices":[{"not_picked":["Sakura Sakura","Revive The Butterflies"],"picked":"SKIP","floor":6.0},{"not_picked":["The Way to Death"],"picked":"Full Inky Sakura","floor":7.0},{"not_picked":["Float on Moon"],"picked":"Unfulfilling Attachment","floor":10.0},{"not_picked":["Home of Suicide","Ghastly Dream"],"picked":"SKIP","floor":11.0},{"not_picked":["Ticket to Heaven","Dying Dream+1"],"picked":"SKIP","floor":12.0},{"not_picked":["Dying Dream+1"],"picked":"The Way to Death","floor":16},{"not_picked":["The Way to Death","Revive The Butterflies"],"picked":"SKIP","floor":18},{"not_picked":["SpiritShield","MokouMod:HouraiForge"],"picked":"SKIP","floor":21}],"player_experience":568035,"relics_obtained":[{"floor":1.0,"key":"REME_ArchaeologicalTools"},{"floor":1.0,"key":"SynthV:TestCard"},{"floor":2.0,"key":"AT_BellowingDragoncrestRing"},{"floor":4.0,"key":"AT_EbonyIvory"},{"floor":5.0,"key":"Anchor"},{"floor":6.0,"key":"Shuriken"},{"floor":7.0,"key":"Molten Egg 2"},{"floor":9.0,"key":"Sundial"},{"floor":10.0,"key":"PreservedInsect"},{"floor":11.0,"key":"Happy Flower"},{"floor":12.0,"key":"Ornamental Fan"},{"floor":18,"key":"Gambling Chip"},{"floor":19,"key":"Peace Pipe"},{"floor":21,"key":"Nunchaku"}],"event_choices":[],"is_beta":false,"boss_relics":[{"not_picked":["Velvet Choker","Transparent"],"picked":"ChampionBelt"},{"not_picked":[]}],"items_purged_floors":[3,14],"is_endless":false,"potions_floor_spawned":[4,5,6,7,12,19],"killed_by":"Slavers","ascension_level":20}}