{"host":"rs956zbefct9hzhl","time":1613693922,"event":{"mods":["BaseMod","BetterRewards","Downfall","Minty Spire (QoL Compilation)","Replay The Spire","Shop Mod","Spicy Shops","Spikes Relics","StSLib"],"gold_per_floor":[0,0,11,82,100,135,135,162,174,6,6,6,18,47,67,172,172,72,72,72,111,111,111,135,173,222,79,177,227,349,61,104,235,235,135,255,305,361,24,74,153,16,161,198,248,298,367,55,94,124],"floor_reached":51,"language":"ENG","playtime":3292,"items_purged":["downfall:Malfunctioning","Doubt","downfall:Icky","Pride"],"score":962,"play_id":"37ff5059-fe61-4ae9-acb8-0955d0a2f376","local_time":"20210219011842","is_ascension_mode":true,"campfire_choices":[{"data":"bronze:BronzeOrb","floor":12,"key":"SMITH"},{"data":"BlessedFruit","floor":18,"key":"SMITH"},{"data":"BlessedFruit","floor":23,"key":"SMITH"},{"floor":35,"key":"RECALL"}],"circlet_count":0,"master_deck":["bronze:Strike+1","bronze:Strike+1","bronze:Defend","bronze:Defend+1","bronze:Defend+1","bronze:Replicate+1","bronze:Goto+1","bronze:DigitalCarnage","bronze:WhirlingStrike","bronze:BuggyMess","bronze:BuggyMess","bronze:BronzeOrb+1","bronze:Repair","bronze:ClassDefault","BlessedFruit+1","BlessedFruit+1","bronze:MaxOutput","bronze:DelayedSlice","bronze:ShipIt+1","bronze:WildBeam","bronze:OilSpill","bronze:Break","bronze:Refactor","bronze:Invalidate","bronze:FineTuning","bronze:Terminator+1","bronze:Separator","bronze:Turbo+1","bronze:ShipIt+1","bronze:BurnOut","bronze:DelayedSlice+1","expansioncontent:AwakenDeath","expansioncontent:PrepareCrush","expansioncontent:Chronoboost","bronze:Optimize","bronze:Repair+1","bronze:Boost","bronze:ItsAFeature","Flash of Steel","bronze:Return+1"],"relics":["bronze:BronzeCore","Bird Faced Urn","downfall:BrokenWingStatue","Kunai","Ornamental Fan","Nunchaku","Turnip","Replay:Bandana","bronze:CableSpool","WingedGreaves","downfall:HeartBlessingBlue","Mummified Hand","Bronze Scales","Omamori","Membership Card","MerchantsRug","bronze:Timepiece","downfall:CloakOfManyFaces","CultistMask","FaceOfCleric","NlothsMask","GremlinMask","SsserpentHead","bronze:SilverBullet","BlackRope","ReplayFunnel","Busted Crown","downfall:HeartBlessingGreen","ReplayTheSpireMod:TigerMarble","Replay:Ringing Soul","Juzu Bracelet","Replay:Mystery Machine","bronze:BottledCode","Replay:Wax Seal","Durian","Ring of Misfortune","Ring of Fangs","Lantern","Strawberry","Guide Book","Akabeko"],"acts_visited":["Exordium","TheCity","TheBeyond"],"potions_floor_usage":[8,14,14,26,27],"damage_taken":[{"damage":2,"enemies":"Small Slimes","floor":3,"turns":4},{"damage":0,"enemies":"2 Louse","floor":5,"turns":2},{"damage":36,"enemies":"Lagavulin","floor":6,"turns":4},{"damage":10,"enemies":"3 Sentries","floor":8,"turns":8},{"damage":7,"enemies":"Jaw Worm","floor":9,"turns":2},{"damage":0,"enemies":"downfall:FleeingMerchant","floor":10,"turns":4},{"damage":0,"enemies":"Exordium Thugs","floor":13,"turns":2},{"damage":17,"enemies":"Lagavulin","floor":14,"turns":5},{"damage":3,"enemies":"Large Slime","floor":15,"turns":6},{"damage":20,"enemies":"SI_SHIV_ARCHETYPE","floor":16,"turns":11},{"damage":0,"enemies":"downfall:LooterAlt2","floor":21,"turns":2},{"damage":0,"enemies":"Shell Parasite","floor":25,"turns":2},{"damage":28,"enemies":"Slavers","floor":26,"turns":3},{"damage":11,"enemies":"downfall:FleeingMerchant","floor":27,"turns":4},{"damage":15,"enemies":"downfall:FleeingMerchant","floor":28,"turns":4},{"damage":0,"enemies":"Replay:Snechameleon","floor":29,"turns":2},{"damage":21,"enemies":"downfall:FaceTrader","floor":30,"turns":6},{"damage":14,"enemies":"Snecko","floor":32,"turns":4},{"damage":38,"enemies":"WA_ARCHETYPE_CALM","floor":33,"turns":8},{"damage":12,"enemies":"3 Shapes","floor":38,"turns":2},{"damage":12,"enemies":"2 Orb Walkers","floor":43,"turns":4},{"damage":0,"enemies":"Orb Walker","floor":44,"turns":2},{"damage":39,"enemies":"Reptomancer","floor":47,"turns":6},{"damage":0,"enemies":"Writhing Mass","floor":49,"turns":3},{"damage":52,"enemies":"DF_ARCHETYPE_ORBS","floor":50,"turns":8}],"seed_played":"-3051284244753465348","potions_obtained":[{"floor":6,"key":"Regen Potion"},{"floor":9,"key":"Languid Potion"},{"floor":13,"key":"Adrenaline Potion"},{"floor":16,"key":"SteroidPotion"},{"floor":21,"key":"bronze:FreeFunctionsPotion"},{"floor":25,"key":"Fire Potion"},{"floor":32,"key":"Cursed Concoction"},{"floor":36,"key":"SneckoOil"},{"floor":43,"key":"Venom Potion"}],"is_trial":false,"path_per_floor":["R","?","M","T","M","E","T","E","M","$","?","R","M","E","M","B",null,"R","?","?","M","T","R","T","M","E","$","$","E","?","$","M","B",null,"R","?","?","M","$","?","T","$","?","M","?","?","E","$","M","B",null],"character_chosen":"THE_AUTOMATON","items_purchased":["Turnip","bronze:FineTuning","Membership Card","bronze:Terminator+1","bronze:Separator","MerchantsRug","bronze:SilverBullet","Frozen Eye","Lee\u0027s Waffle","BlackRope","War Paint","ReplayFunnel","Replay:Ringing Soul","Juzu Bracelet","Replay:Mystery Machine","Replay:Wax Seal","expansioncontent:Chronoboost","bronze:Optimize","Strawberry","Guide Book","Akabeko","bronze:Boost","bronze:ItsAFeature","Flash of Steel"],"campfire_rested":0,"item_purchase_floors":[10,27,28,28,28,28,31,31,31,31,31,31,39,39,39,42,42,42,48,48,48,48,48,48],"current_hp_per_floor":[70,70,68,68,68,32,32,37,30,30,30,30,30,22,32,25,74,84,84,84,84,84,84,84,84,56,60,49,55,47,105,96,72,115,115,87,82,83,83,83,83,86,95,117,117,117,111,121,142,116],"gold":124,"neow_bonus":"ONE_RARE_RELIC","is_daily":false,"chose_seed":false,"campfire_upgraded":3,"win_rate":0.0,"timestamp":1613693922,"path_taken":["R","?","M","?","M","E","T","E","M","$","?","R","M","E","M","BOSS","R","?","?","M","?","R","T","M","E","?","$","E","?","$","M","BOSS","R","?","?","M","$","?","T","$","?","M","?","?","E","?","M","BOSS"],"items_purchased_type":["Relic","Card","Relic","Card","Card","Relic","Relic","Relic","Relic","Relic","Relic","Relic","Relic","Relic","Relic","Relic","Card","Card","Relic","Relic","Relic","Card","Card","Card"],"build_version":"2020-12-22","purchased_purges":4,"victory":true,"max_hp_per_floor":[70,70,70,70,70,70,70,70,70,70,70,70,70,70,72,74,74,84,84,84,84,84,84,84,84,84,88,90,94,98,105,110,115,115,115,115,115,116,116,106,106,109,117,123,123,123,128,138,144,149],"card_choices":[{"not_picked":["bronze:Iterate","bronze:Refactor"],"picked":"bronze:DigitalCarnage","floor":3},{"not_picked":["bronze:OilSpill","bronze:Shield"],"picked":"bronze:WhirlingStrike","floor":5},{"not_picked":["bronze:DelayedSlice","bronze:OilSpill"],"picked":"bronze:BuggyMess","floor":6},{"not_picked":["bronze:BitShift","bronze:Safeguard"],"picked":"bronze:BuggyMess","floor":8},{"not_picked":["bronze:Deprecate","bronze:Invalidate"],"picked":"bronze:BronzeOrb","floor":9},{"not_picked":["bronze:DelayedSlice","bronze:DelayedGuard"],"picked":"bronze:Repair","floor":10},{"not_picked":["bronze:ForLoop","bronze:OilSpill"],"picked":"bronze:ClassDefault","floor":13},{"not_picked":["bronze:CutThrough","bronze:DarkDash"],"picked":"bronze:MaxOutput","floor":14},{"not_picked":["bronze:BuggyMess","bronze:DelayedGuard"],"picked":"bronze:DelayedSlice","floor":15},{"not_picked":["bronze:FindAndReplace","bronze:HyperBeam"],"picked":"bronze:ShipIt","floor":16},{"not_picked":["Languid","downfall:Aged"],"picked":"Doubt","floor":17},{"not_picked":["Doubt","AbeCurse"],"picked":"ReplayTheSpireMod:IOU","floor":17},{"not_picked":["Decay","CurseOfTheBell"],"picked":"downfall:Icky","floor":17},{"not_picked":["bronze:ForceShield+1","bronze:HardenedForm"],"picked":"bronze:Refactor","floor":21},{"not_picked":["bronze:BitShift+1","bronze:Deprecate"],"picked":"bronze:Invalidate","floor":25},{"not_picked":["bronze:InfiniteBeams","bronze:BronzeArmor","bronze:DelayedSlice"],"picked":"SKIP","floor":26},{"not_picked":["bronze:ForLoop","bronze:InfiniteBeams","bronze:MaxOutput"],"picked":"SKIP","floor":27},{"not_picked":["bronze:DarkDash","bronze:DelayedSlice","bronze:Philosophize"],"picked":"SKIP","floor":28},{"not_picked":["bronze:ClassDefault","bronze:Invalidate+1"],"picked":"bronze:Turbo+1","floor":29},{"not_picked":["bronze:Shield","bronze:Allocate"],"picked":"bronze:ShipIt","floor":30},{"not_picked":["bronze:CutThrough","bronze:Deprecate","bronze:Frontload+1"],"picked":"SKIP","floor":32},{"not_picked":["bronze:Verify","bronze:Format"],"picked":"bronze:BurnOut","floor":33},{"not_picked":[],"picked":"bronze:DelayedSlice+1","floor":36},{"not_picked":["expansioncontent:Hexaburn","expansioncontent:LastStand"],"picked":"expansioncontent:AwakenDeath","floor":37},{"not_picked":["expansioncontent:AwakenDeath","expansioncontent:PolyBeam"],"picked":"expansioncontent:PrepareCrush","floor":37},{"not_picked":["bronze:DelayedGuard+1"],"picked":"SKIP","floor":38},{"not_picked":[],"picked":"bronze:Repair+1","floor":44},{"not_picked":["bronze:Iterate+1"],"picked":"SKIP","floor":47},{"not_picked":[],"picked":"bronze:Return+1","floor":49}],"player_experience":542529,"relics_obtained":[{"floor":4,"key":"Kunai"},{"floor":6,"key":"Ornamental Fan"},{"floor":8,"key":"Nunchaku"},{"floor":14,"key":"HeavenlyBonsai"},{"floor":22,"key":"Mummified Hand"},{"floor":24,"key":"Bronze Scales"},{"floor":26,"key":"Omamori"},{"floor":29,"key":"bronze:Timepiece"},{"floor":30,"key":"downfall:CloakOfManyFaces"},{"floor":36,"key":"ReplayTheSpireMod:TigerMarble"},{"floor":43,"key":"Durian"},{"floor":46,"key":"Ring of Misfortune"},{"floor":46,"key":"Ring of Fangs"},{"floor":47,"key":"Lantern"}],"event_choices":[{"damage_healed":0,"gold_gain":0,"cards_transformed":["bronze:Strike","bronze:Defend"],"player_choice":"Became Test Subject","damage_taken":0,"max_hp_gain":0,"max_hp_loss":0,"event_name":"Drug Dealer","floor":19,"gold_loss":0,"cards_obtained":["bronze:WildBeam","bronze:OilSpill"]},{"damage_healed":0,"gold_gain":0,"player_choice":"Read","damage_taken":0,"max_hp_gain":0,"max_hp_loss":0,"event_name":"The Library","floor":20,"gold_loss":0,"cards_obtained":["bronze:Break"]},{"damage_healed":0,"gold_gain":0,"player_choice":"Fight","damage_taken":0,"max_hp_gain":0,"max_hp_loss":0,"event_name":"Mysterious Sphere","floor":43,"gold_loss":0},{"cards_removed":["bronze:Strike"],"damage_healed":0,"gold_gain":0,"player_choice":"Removed Attack","damage_taken":0,"max_hp_gain":0,"max_hp_loss":0,"event_name":"Falling","floor":45,"gold_loss":0}],"is_beta":false,"boss_relics":[{"not_picked":["Runic Dome","Fusion Hammer"],"picked":"Replay:Ancient Bell"},{"not_picked":["Ancient Tea Set","MealTicket"],"picked":"Replay:Bandana"},{"not_picked":["Replay:Accelerometer","Meat on the Bone"],"picked":"bronze:CableSpool"},{"not_picked":["Girya","Dead Branch"],"picked":"WingedGreaves"},{"not_picked":["Coffee Dripper","Black Star"],"picked":"Busted Crown"}],"items_purged_floors":[28,31,39,48],"is_endless":false,"potions_floor_spawned":[6,9,13,16,21,25,32,43,49],"ascension_level":1}}