{"host":"u7lm8z2rvb4dg2oo","time":1613771788,"event":{"mods":["AchievementEnabler","BaseMod","Bestiary","Block Reminder","Colored Map","Colored Powertips","Curses Come First","DeckTracker","Googly Eyes","Highlight Path","Minty Spire (QoL Compilation)","Quick Restart","StSLib"],"gold_per_floor":[118,130,150,150,75,75,108,118,118,118,118,128,159,7,7,82,82,96,126,144,162,76,76,119,134,134,134,151,175,175,190,190,273,300,319,319,340,20,48,90,107,132,206,206,256,256,298,314,314,314,314],"floor_reached":50,"language":"ENG","playtime":3941,"items_purged":["Pain","Strike_G","Masterful Stab"],"score":1084,"play_id":"07208b94-3d6a-4f80-b580-26b8d8af8f9d","local_time":"20210219165628","is_ascension_mode":true,"campfire_choices":[{"data":"Terror","floor":6.0,"key":"SMITH"},{"data":"Blade Dance","floor":10.0,"key":"SMITH"},{"floor":15.0,"key":"REST"},{"floor":23.0,"key":"REST"},{"floor":27.0,"key":"REST"},{"floor":30.0,"key":"REST"},{"floor":32.0,"key":"REST"},{"floor":44.0,"key":"REST"},{"floor":46.0,"key":"REST"},{"data":"Adrenaline","floor":49,"key":"SMITH"}],"circlet_count":0,"master_deck":["AscendersBane","Defend_G","Defend_G","Defend_G","Defend_G","Defend_G","Survivor","Neutralize","Distraction","Blade Dance+1","Terror+1","PiercingWail","Die Die Die","Cloak And Dagger","Phantasmal Killer","Footwork","Adrenaline+1","Blur+1","Footwork","Storm of Steel","Backstab","After Image","Bane+1","Cloak And Dagger+1","Grand Finale+1","Concentrate","Blur","PiercingWail","Skewer+1","Accuracy+1","Bullet Time"],"relics":["Ring of the Snake","WarpedTongs","Mummified Hand","Tingsha","Calipers","Runic Pyramid","CeramicFish","HornCleat","Astrolabe","Membership Card","Bottled Lightning","Peace Pipe","Singing Bowl","Vajra"],"acts_visited":["Exordium","TheCity","TheBeyond"],"potions_floor_usage":[47,47,50],"damage_taken":[{"damage":1.0,"enemies":"Small Slimes","floor":1.0,"turns":5.0},{"damage":1.0,"enemies":"Cultist","floor":2.0,"turns":6.0},{"damage":0.0,"enemies":"2 Louse","floor":3.0,"turns":3.0},{"damage":1.0,"enemies":"Gremlin Nob","floor":7.0,"turns":3.0},{"damage":0.0,"enemies":"2 Fungi Beasts","floor":8.0,"turns":2.0},{"damage":14.0,"enemies":"3 Louse","floor":12.0,"turns":3.0},{"damage":19.0,"enemies":"3 Sentries","floor":13.0,"turns":7.0},{"damage":22.0,"enemies":"Slime Boss","floor":16.0,"turns":11.0},{"damage":0.0,"enemies":"Chosen","floor":18.0,"turns":4.0},{"damage":17.0,"enemies":"Shell Parasite","floor":19.0,"turns":4.0},{"damage":36.0,"enemies":"Shelled Parasite and Fungi","floor":20.0,"turns":5.0},{"damage":1.0,"enemies":"Snake Plant","floor":21.0,"turns":2.0},{"damage":17.0,"enemies":"Book of Stabbing","floor":24.0,"turns":7.0},{"damage":0.0,"enemies":"Snecko","floor":25.0,"turns":6.0},{"damage":22.0,"enemies":"Sentry and Sphere","floor":28.0,"turns":4.0},{"damage":0.0,"enemies":"Snake Plant","floor":29.0,"turns":4.0},{"damage":0.0,"enemies":"3 Cultists","floor":31.0,"turns":4.0},{"damage":38.0,"enemies":"Champ","floor":33.0,"turns":8.0},{"damage":9.0,"enemies":"3 Shapes","floor":35.0,"turns":3.0},{"damage":11.0,"enemies":"Orb Walker","floor":37.0,"turns":2.0},{"damage":2.0,"enemies":"Maw","floor":39.0,"turns":8.0},{"damage":9.0,"enemies":"Nemesis","floor":40.0,"turns":5.0},{"damage":0.0,"enemies":"Transient","floor":41.0,"turns":6.0},{"damage":0.0,"enemies":"Mind Bloom Boss Battle","floor":42.0,"turns":7.0},{"damage":0,"enemies":"Giant Head","floor":47,"turns":5},{"damage":16,"enemies":"4 Shapes","floor":48,"turns":8},{"damage":54,"enemies":"Time Eater","floor":50,"turns":7}],"seed_played":"6647685248425306108","potions_obtained":[{"floor":2.0,"key":"GamblersBrew"},{"floor":7.0,"key":"CunningPotion"},{"floor":8.0,"key":"Energy Potion"},{"floor":12.0,"key":"Poison Potion"},{"floor":18.0,"key":"ColorlessPotion"},{"floor":24.0,"key":"EssenceOfSteel"},{"floor":29.0,"key":"Energy Potion"},{"floor":31.0,"key":"LiquidBronze"},{"floor":42.0,"key":"PowerPotion"},{"floor":48,"key":"Poison Potion"}],"is_trial":false,"path_per_floor":["M","M","M","?","$","R","E","M","T","R","?","M","E","$","R","B",null,"M","M","M","M","$","R","E","M","T","R","M","M","R","M","R","B",null,"M","?","M","$","M","E","M","?","T","R","?","R","E","M","R","B"],"character_chosen":"THE_SILENT","items_purchased":["Cloak And Dagger","Footwork","Membership Card","Blur","PiercingWail","SteroidPotion","SpeedPotion"],"campfire_rested":7,"item_purchase_floors":[14,22,38,38,38,38,38],"current_hp_per_floor":[58,57,57,57,57,57,56,56,56,56,61,47,28,28,49,27,60,60,43,7,6,6,27,10,10,10,31,9,9,30,30,51,13,57,48,48,37,37,35,26,26,26,26,47,47,68,68,54,54,0,0],"gold":314,"neow_bonus":"TRANSFORM_CARD","is_daily":false,"chose_seed":false,"campfire_upgraded":3,"win_rate":0.0,"timestamp":1613771788,"path_taken":["M","M","M","?","?","R","E","M","T","R","?","M","E","$","R","BOSS","M","M","M","M","$","R","E","M","T","R","M","M","R","M","R","BOSS","M","?","M","$","M","E","M","?","T","R","?","R","E","?","R","BOSS"],"items_purchased_type":["Card","Card","Relic","Card","Card","Potion","Potion"],"build_version":"2020-12-22","purchased_purges":3,"victory":false,"max_hp_per_floor":[66,66,66,66,66,66,66,66,66,66,71,71,71,71,71,71,71,71,71,71,71,71,71,71,71,71,71,71,71,71,71,71,71,71,71,71,71,71,71,71,71,71,71,71,71,71,71,73,73,73,73],"card_choices":[{"not_picked":["Sucker Punch","Poisoned Stab"],"picked":"Blade Dance","floor":1.0},{"not_picked":["Crippling Poison","Infinite Blades","Quick Slash"],"picked":"SKIP","floor":2.0},{"not_picked":["Bouncing Flask","Dagger Spray"],"picked":"Terror","floor":3.0},{"not_picked":["Slice","Quick Slash"],"picked":"PiercingWail","floor":7.0},{"not_picked":["Dodge and Roll","Sucker Punch"],"picked":"Masterful Stab","floor":8.0},{"not_picked":["Crippling Poison","Slice","Outmaneuver"],"picked":"SKIP","floor":12.0},{"not_picked":["Masterful Stab","Poisoned Stab"],"picked":"Die Die Die","floor":13.0},{"not_picked":["A Thousand Cuts","Tools of the Trade"],"picked":"Phantasmal Killer","floor":16.0},{"not_picked":["Deflect","Slice","Quick Slash"],"picked":"SKIP","floor":18.0},{"not_picked":["Acrobatics","Quick Slash"],"picked":"Footwork","floor":19.0},{"not_picked":["Slice","Dagger Spray"],"picked":"Adrenaline","floor":20.0},{"not_picked":["Flying Knee","Backflip+1"],"picked":"Blur+1","floor":21.0},{"not_picked":["Dagger Throw","Slice"],"picked":"Storm of Steel","floor":24.0},{"not_picked":["Dodge and Roll+1","Poisoned Stab","Cloak And Dagger"],"picked":"SKIP","floor":25.0},{"not_picked":["Acrobatics","Calculated Gamble","All Out Attack"],"picked":"SKIP","floor":28.0},{"not_picked":["Cloak And Dagger","Dagger Throw+1"],"picked":"Backstab","floor":29.0},{"not_picked":["Crippling Poison","Slice+1","Expertise"],"picked":"SKIP","floor":31.0},{"not_picked":["Tools of the Trade","Grand Finale"],"picked":"After Image","floor":33.0},{"not_picked":["Prepared","Poisoned Stab","Acrobatics"],"picked":"SKIP","floor":35.0},{"not_picked":["Outmaneuver","Riddle With Holes+1","Concentrate"],"picked":"SKIP","floor":37.0},{"not_picked":["Outmaneuver","Riddle With Holes+1"],"picked":"Concentrate","floor":37.0},{"not_picked":["Flying Knee","Phantasmal Killer"],"picked":"Skewer+1","floor":39.0},{"not_picked":["Outmaneuver","Malaise"],"picked":"Accuracy+1","floor":40.0},{"not_picked":["Sucker Punch+1","Dagger Spray","Terror"],"picked":"SKIP","floor":41.0},{"not_picked":["Backflip","Choke+1"],"picked":"Bullet Time","floor":47},{"not_picked":["Dagger Spray+1","Crippling Poison+1","Backflip+1"],"picked":"Singing Bowl","floor":48}],"player_experience":1116185,"relics_obtained":[{"floor":7.0,"key":"Mummified Hand"},{"floor":9.0,"key":"Tingsha"},{"floor":13.0,"key":"Calipers"},{"floor":24.0,"key":"CeramicFish"},{"floor":26.0,"key":"HornCleat"},{"floor":40.0,"key":"Bottled Lightning"},{"floor":42.0,"key":"Peace Pipe"},{"floor":43.0,"key":"Singing Bowl"},{"floor":47,"key":"Vajra"}],"event_choices":[{"damage_healed":0.0,"max_hp_gain":0.0,"max_hp_loss":0.0,"gold_gain":0.0,"event_name":"Accursed Blacksmith","player_choice":"Rummage","floor":4.0,"gold_loss":0.0,"damage_taken":0.0,"relics_obtained":["WarpedTongs"],"cards_obtained":["Pain"]},{"damage_healed":0.0,"max_hp_gain":5.0,"max_hp_loss":0.0,"gold_gain":0.0,"event_name":"Big Fish","player_choice":"Donut","floor":11.0,"gold_loss":0.0,"damage_taken":0.0},{"damage_healed":0.0,"max_hp_gain":0.0,"max_hp_loss":0.0,"gold_gain":0.0,"event_name":"Mysterious Sphere","player_choice":"Ignored","floor":36.0,"gold_loss":0.0,"damage_taken":0.0},{"damage_healed":0.0,"max_hp_gain":0.0,"max_hp_loss":0.0,"gold_gain":0.0,"event_name":"MindBloom","player_choice":"Fight","floor":42.0,"gold_loss":0.0,"damage_taken":0.0},{"damage_healed":0.0,"max_hp_gain":0.0,"max_hp_loss":0.0,"gold_gain":50.0,"event_name":"Golden Shrine","player_choice":"Pray","floor":45.0,"gold_loss":0.0,"damage_taken":0.0}],"is_beta":false,"boss_relics":[{"not_picked":["SlaversCollar","Coffee Dripper"],"picked":"Runic Pyramid"},{"not_picked":["HoveringKite","Philosopher\u0027s Stone"],"picked":"Astrolabe"}],"items_purged_floors":[5,14,38],"is_endless":false,"potions_floor_spawned":[2,7,8,12,18,24,29,31,39,42,48],"killed_by":"Time Eater","ascension_level":17}}