{"host":"4lruzp1xu8o5tnk3","time":1613740458,"event":{"mods":["Act Like it!","BaseMod","Gensokyo","GifTheSpireLib","Hubris","Jedi Mod","Minty Spire (QoL Compilation)","Replay The Spire","StSLib","Stuff the Spire"],"gold_per_floor":[112,112,112,131,131,131,161,171,171,186,199,199,164,176,176,276,276,293,303,319,329,329,329,343,343,343,361,393,413,427,443,443,542,542,562,574,574,588,603,631,631,651,674,51,69,69,83,99,99,99],"floor_reached":51,"language":"ENG","playtime":1538,"items_purged":["Crystallizer"],"score":686,"play_id":"e25ad89b-af25-44e9-95fe-36f77e49b48f","local_time":"20210219161418","daily_mods":["Draft","Heirloom","Lethality"],"is_ascension_mode":false,"campfire_choices":[{"data":"Sunder","floor":6,"key":"SMITH"},{"data":"hubris:PowerSurge","floor":12,"key":"SMITH"},{"data":"Ball Lightning","floor":15,"key":"SMITH"},{"data":"Beam Cell","floor":23,"key":"SMITH"},{"data":"Electrodynamics","floor":25,"key":"SMITH"},{"data":"Capacitor","floor":32,"key":"SMITH"},{"data":"Ball Lightning","floor":41,"key":"SMITH"},{"data":"ReplayTheSpireMod:Calculation Training","floor":46,"key":"SMITH"},{"data":"jedi:hex","floor":49,"key":"SMITH"}],"circlet_count":0,"master_deck":["Coolheaded","Glacier","BasicCrystalCard","Ball Lightning+1","FTL","Go for the Eyes","jedi:hex+1","Hologram","hubris:PowerSurge+1","Cold Snap","Streamline","Coolheaded","Sweeping Beam","Sweeping Beam","Turbo","Sunder+1","Conserve Battery","Ball Lightning+1","Electrodynamics+1","Beam Cell+1","Glacier+1","Ball Lightning+1","hubris:NaturalOne","Capacitor+1","ReplayTheSpireMod:Calculation Training+1","jedi:hex+1","jedi:hex+1","jedi:reiji+1"],"relics":["Cracked Core","StuffTheSpire:DarkSteelAnvil","hubris:Icosahedron","Turnip","jedi:angrymask","Painkiller Herb","Ornamental Fan","hubris:BallOfYels","Runic Dome","Bag of Marbles","Vajra","Blue Candle","Boot","TheAbacus"],"acts_visited":["Exordium","TheCity","TheBeyond"],"potions_floor_usage":[10,33,40,50,50,50],"damage_taken":[{"damage":6,"enemies":"Jaw Worm","floor":1,"turns":2},{"damage":0,"enemies":"Small Slimes","floor":4,"turns":1},{"damage":8,"enemies":"Gremlin Nob","floor":7,"turns":3},{"damage":6,"enemies":"2 Louse","floor":8,"turns":2},{"damage":0,"enemies":"Gremlin Gang","floor":10,"turns":1},{"damage":0,"enemies":"Lots of Slimes","floor":11,"turns":1},{"damage":0,"enemies":"Blue Slaver","floor":14,"turns":1},{"damage":0,"enemies":"Slime Boss","floor":16,"turns":5},{"damage":0,"enemies":"Spheric Guardian","floor":18,"turns":3},{"damage":0,"enemies":"2 Thieves","floor":19,"turns":2},{"damage":0,"enemies":"Sentry and Sphere","floor":20,"turns":2},{"damage":0,"enemies":"3 Cultists","floor":21,"turns":2},{"damage":7,"enemies":"Snecko","floor":24,"turns":3},{"damage":0,"enemies":"Shelled Parasite and Fungi","floor":27,"turns":2},{"damage":4,"enemies":"Book of Stabbing","floor":28,"turns":3},{"damage":7,"enemies":"Snake Plant","floor":29,"turns":2},{"damage":4,"enemies":"Snecko","floor":30,"turns":3},{"damage":0,"enemies":"Centurion and Healer","floor":31,"turns":3},{"damage":0,"enemies":"Collector","floor":33,"turns":5},{"damage":1,"enemies":"Orb Walker","floor":35,"turns":2},{"damage":0,"enemies":"3 Shapes","floor":36,"turns":1},{"damage":0,"enemies":"Maw","floor":38,"turns":4},{"damage":0,"enemies":"Writhing Mass","floor":39,"turns":1},{"damage":0,"enemies":"Giant Head","floor":40,"turns":4},{"damage":4,"enemies":"4 Shapes","floor":42,"turns":2},{"damage":7,"enemies":"3 Darklings","floor":45,"turns":2},{"damage":1,"enemies":"Spire Growth","floor":47,"turns":2},{"damage":0,"enemies":"Jaw Worm Horde","floor":48,"turns":2},{"damage":35,"enemies":"Replay:Hell Engine","floor":50,"turns":8}],"seed_played":"361859899853541214","potions_obtained":[{"floor":4,"key":"Weak Potion"},{"floor":8,"key":"Explosive Potion"},{"floor":10,"key":"Energy Potion"},{"floor":11,"key":"Energy Potion"},{"floor":20,"key":"Cursed Concoction"},{"floor":30,"key":"EssenceOfSteel"},{"floor":33,"key":"LifebloodPotion"},{"floor":40,"key":"Flashbang"}],"is_trial":true,"path_per_floor":["M","?","?","M","$","R","E","M","T","M","M","R","?","M","R","B",null,"?","?","?","?","?","T","?","T","T","?","E","?","?","?","T","B",null,"?","?","?","?","?","E","T","?","T","T","?","T","?","?","T","B",null],"character_chosen":"DEFECT","items_purchased":["Blue Candle","Boot","TheAbacus"],"campfire_rested":0,"item_purchase_floors":[44,44,44],"current_hp_per_floor":[69,69,69,69,69,69,61,55,55,55,55,55,73,73,73,73,75,75,75,75,75,75,75,68,68,68,68,64,57,53,53,53,53,75,74,74,74,74,74,74,74,70,70,70,63,63,62,62,62,27],"gold":99,"neow_bonus":"","is_daily":false,"chose_seed":false,"campfire_upgraded":9,"win_rate":0.0,"timestamp":1613740458,"path_taken":["M","?","?","M","?","R","E","?","T","M","?","R","?","M","R","BOSS","?","?","?","?","?","T","?","T","T","?","E","?","?","?","T","BOSS","?","?","?","?","?","E","T","?","T","T","?","T","?","?","T","BOSS"],"items_purchased_type":["Relic","Relic","Relic"],"build_version":"2020-12-22","purchased_purges":1,"victory":true,"max_hp_per_floor":[75,75,75,75,75,75,75,75,75,75,75,75,75,75,75,75,75,75,75,75,75,75,75,75,75,75,75,75,75,75,75,75,75,75,75,75,75,75,75,75,75,75,75,75,75,75,75,75,75,75],"card_choices":[{"not_picked":["jedi:BurstFrost","StuffTheSpire:Plugnplay"],"picked":"Coolheaded","floor":0},{"not_picked":["StuffTheSpire:LoadUp","Sweeping Beam"],"picked":"Glacier","floor":0},{"not_picked":["Undo","Hologram"],"picked":"BasicCrystalCard","floor":0},{"not_picked":["Rebound","jedi:BurstFrost"],"picked":"Ball Lightning","floor":0},{"not_picked":["jedi:markofdeath","Steam"],"picked":"FTL","floor":0},{"not_picked":["StuffTheSpire:Plugnplay","ReplaySort"],"picked":"Go for the Eyes","floor":0},{"not_picked":["Conserve Battery","Gash"],"picked":"jedi:hex","floor":0},{"not_picked":["ReplayGash","Skim"],"picked":"Hologram","floor":0},{"not_picked":["jedi:BurstFrost","Gash"],"picked":"hubris:PowerSurge","floor":0},{"not_picked":["Turbo","Coolheaded"],"picked":"Cold Snap","floor":0},{"not_picked":["ReplayTheSpireMod:Repulse","Force Field"],"picked":"Streamline","floor":0},{"not_picked":["jedi:BurstFrost","Barrage"],"picked":"Coolheaded","floor":0},{"not_picked":["Cold Snap","hubris:Ukulele"],"picked":"Sweeping Beam","floor":0},{"not_picked":["Hologram","Aggregate"],"picked":"Crystallizer","floor":0},{"not_picked":["Gash","Stack"],"picked":"Sweeping Beam","floor":0},{"not_picked":["Hello World","jedi:overflow"],"picked":"Turbo","floor":1},{"not_picked":["Compile Driver","Recycle"],"picked":"Sunder","floor":4},{"not_picked":["jedi:BurstLightning","jedi:spotbugs"],"picked":"Conserve Battery","floor":7},{"not_picked":["StuffTheSpire:SnapShoot","Stack","jedi:blockon"],"picked":"SKIP","floor":8},{"not_picked":["Leap","Stack","Reinforced Body"],"picked":"SKIP","floor":10},{"not_picked":["Streamline","Hologram","jedi:BurstFrost"],"picked":"SKIP","floor":11},{"not_picked":["Melter","Stack"],"picked":"Ball Lightning","floor":14},{"not_picked":["Core Surge","hubris:DoWhile"],"picked":"Electrodynamics","floor":16},{"not_picked":["Auto Shields","Hologram+1"],"picked":"Beam Cell","floor":18},{"not_picked":["Conserve Battery","Compile Driver"],"picked":"Glacier+1","floor":19},{"not_picked":["Streamline","Auto Shields","Reprogram"],"picked":"SKIP","floor":20},{"not_picked":["Genetic Algorithm","Multi-Cast","jedi:spotbugs"],"picked":"SKIP","floor":21},{"not_picked":["Compile Driver","jedi:spotbugs"],"picked":"Ball Lightning","floor":24},{"not_picked":["Genetic Algorithm","Hologram+1","Meteor Strike"],"picked":"SKIP","floor":27},{"not_picked":["Force Field","Static Discharge"],"picked":"Capacitor","floor":28},{"not_picked":["Glacier+1","Cold Snap"],"picked":"ReplayTheSpireMod:Calculation Training","floor":29},{"not_picked":["Cold Snap","Leap","Conserve Battery"],"picked":"SKIP","floor":30},{"not_picked":["Panic Button","Streamline","Stack+1"],"picked":"SKIP","floor":31},{"not_picked":["Conserve Battery","Chaos","Redo+1"],"picked":"SKIP","floor":35},{"not_picked":["Panic Button+1","Leap+1"],"picked":"jedi:hex+1","floor":36},{"not_picked":["Hello World+1","Steam+1"],"picked":"jedi:reiji+1","floor":38},{"not_picked":["Compile Driver+1","BasicCrystalCard","Go for the Eyes"],"picked":"SKIP","floor":39},{"not_picked":["jedi:gatheringstorm","Rebound+1","Crystallizer"],"picked":"SKIP","floor":40},{"not_picked":["Gash","Beam Cell","Ball Lightning"],"picked":"SKIP","floor":42},{"not_picked":["Conserve Battery","Stack+1","Self Repair+1"],"picked":"SKIP","floor":45},{"not_picked":["jedi:blockon+1","FTL","ReplayTheSpireMod:GoodbyeWorld"],"picked":"SKIP","floor":47},{"not_picked":["BootSequence+1","Panic Button+1","StuffTheSpire:Plugnplay"],"picked":"SKIP","floor":48}],"player_experience":1053973,"relics_obtained":[{"floor":7,"key":"Turnip"},{"floor":9,"key":"jedi:angrymask"},{"floor":26,"key":"Ornamental Fan"},{"floor":28,"key":"hubris:BallOfYels"},{"floor":40,"key":"Bag of Marbles"},{"floor":43,"key":"Vajra"}],"event_choices":[{"damage_healed":18,"gold_gain":0,"player_choice":"Healed","damage_taken":0,"max_hp_gain":0,"max_hp_loss":0,"event_name":"The Cleric","floor":13,"gold_loss":35},{"damage_healed":0,"gold_gain":0,"player_choice":"Copied","damage_taken":0,"max_hp_gain":0,"max_hp_loss":0,"event_name":"Duplicator","floor":37,"gold_loss":0,"cards_obtained":["jedi:hex"]}],"is_beta":false,"boss_relics":[{"not_picked":["StuffTheSpire:RunicConfusion","Replay:Wanted Poster"],"picked":"Painkiller Herb"},{"not_picked":["StuffTheSpire:ModemDavis","hubris:HollowSoul"],"picked":"Runic Dome"}],"items_purged_floors":[44],"is_endless":false,"potions_floor_spawned":[4,8,10,11,14,20,21,27,29,30,33,38,39,40,42],"ascension_level":0}}