{"host":"n43wxkei7kulhi8o","time":1613713133,"event":{"mods":["BaseMod","Bestiary","Block Reminder","Colored Map","Colored Powertips","Curses Come First","Custom Start","Dark Map","Highlight Path","Minty Spire (QoL Compilation)","Relic Stats","StSLib"],"gold_per_floor":[114,132,84,84,96,96,108,108,153,153,153,163,181,50,50,150,150,166,166,166,91,91,91,16,16,67,67,77,96,112,132,132,132,132],"floor_reached":33,"language":"ENG","playtime":869,"items_purged":["Decay"],"score":237,"play_id":"efdd2022-073f-4cfe-8c73-7131659a550a","local_time":"20210219003853","is_ascension_mode":false,"campfire_choices":[{"data":"Pommel Strike","floor":6,"key":"SMITH"},{"data":"Flex","floor":10,"key":"SMITH"},{"data":"Disarm","floor":15,"key":"SMITH"},{"data":"Demon Form","floor":23,"key":"SMITH"},{"data":"Shrug It Off","floor":27,"key":"SMITH"},{"data":"Searing Blow","floor":32,"key":"SMITH"}],"circlet_count":0,"master_deck":["Strike_R","Strike_R","Strike_R","Strike_R","Strike_R","Defend_R+1","Defend_R+1","Defend_R","Defend_R","Bash","Shrug It Off+1","Pommel Strike+1","Perfected Strike","Flex+1","Searing Blow+1","Disarm+1","Demon Form+1","Perfected Strike","Disarm","Fire Breathing"],"relics":["Mark of Pain","Juzu Bracelet","War Paint","Busted Crown","MealTicket"],"acts_visited":["Exordium","TheCity"],"potions_floor_usage":[33],"damage_taken":[{"damage":0.0,"enemies":"Small Slimes","floor":1.0,"turns":3.0},{"damage":1.0,"enemies":"Jaw Worm","floor":2.0,"turns":4.0},{"damage":1.0,"enemies":"Cultist","floor":5.0,"turns":3.0},{"damage":3,"enemies":"Gremlin Gang","floor":7,"turns":5},{"damage":11,"enemies":"Large Slime","floor":12,"turns":5},{"damage":0,"enemies":"Exordium Thugs","floor":13,"turns":3},{"damage":24,"enemies":"The Guardian","floor":16,"turns":10},{"damage":24,"enemies":"2 Thieves","floor":18,"turns":4},{"damage":0,"enemies":"Spheric Guardian","floor":28,"turns":2},{"damage":9,"enemies":"Snake Plant","floor":29,"turns":4},{"damage":5,"enemies":"Cultist and Chosen","floor":30,"turns":5},{"damage":0,"enemies":"Snecko","floor":31,"turns":3},{"damage":59,"enemies":"Collector","floor":33,"turns":5}],"seed_played":"5771878564144125934","potions_obtained":[{"floor":5,"key":"FearPotion"},{"floor":12,"key":"Weak Potion"},{"floor":13,"key":"Energy Potion"},{"floor":29,"key":"AttackPotion"}],"is_trial":false,"path_per_floor":["M","M","$","?","M","R","M","$","T","R","?","M","M","$","R","B",null,"M","?","?","$","?","R","?","$","T","R","M","M","M","M","R","B"],"character_chosen":"IRONCLAD","items_purchased":["Perfected Strike","Disarm","Perfected Strike"],"campfire_rested":0,"item_purchase_floors":[3,14,14],"current_hp_per_floor":[80,79,79,79,78,78,75,75,75,75,75,64,64,64,64,40,80,56,56,56,56,61,61,61,61,61,61,61,52,47,47,47,0,0],"gold":132,"neow_bonus":"BOSS_RELIC","is_daily":false,"chose_seed":false,"campfire_upgraded":6,"win_rate":0.0,"timestamp":1613713133,"path_taken":["M","M","$","?","M","R","M","$","T","R","?","M","M","?","R","BOSS","M","?","?","$","?","R","?","$","T","R","M","M","M","M","R","BOSS"],"items_purchased_type":["Card","Card","Card"],"build_version":"2020-12-22","purchased_purges":1,"victory":false,"max_hp_per_floor":[80,80,80,80,80,80,80,80,80,80,80,80,80,80,80,80,80,80,80,80,80,80,80,80,80,80,80,80,80,80,80,80,80,80],"relic_stats":{"Busted Crown":10,"counters":[13,56],"MealTicket":0,"Juzu Bracelet":2,"War Paint":["Defend_R","Defend_R"],"obtain_stats":[{"Busted Crown":17,"MealTicket":26,"Mark of Pain":0,"Juzu Bracelet":9,"War Paint":11,"Burning Blood":0},{"Busted Crown":7,"MealTicket":8,"Mark of Pain":0,"Juzu Bracelet":4,"War Paint":4,"Burning Blood":0},{"Busted Crown":33,"MealTicket":37,"Mark of Pain":0,"Juzu Bracelet":15,"War Paint":15,"Burning Blood":0}]},"card_choices":[{"not_picked":["Twin Strike","Cleave"],"picked":"Shrug It Off","floor":1.0},{"not_picked":["Ghostly Armor","Flex"],"picked":"Pommel Strike","floor":2.0},{"not_picked":["Clash","Thunderclap"],"picked":"Clothesline","floor":5},{"not_picked":["Pummel","Warcry"],"picked":"Flex","floor":7},{"not_picked":["Iron Wave","True Grit","Battle Trance"],"picked":"SKIP","floor":12},{"not_picked":["Thunderclap","Clash"],"picked":"Searing Blow","floor":13},{"not_picked":["Offering","Double Tap"],"picked":"Demon Form","floor":16},{"not_picked":[],"picked":"Perfected Strike","floor":18},{"not_picked":["True Grit"],"picked":"SKIP","floor":28},{"not_picked":["Clothesline"],"picked":"SKIP","floor":29},{"not_picked":[],"picked":"Disarm","floor":30},{"not_picked":[],"picked":"Fire Breathing","floor":31}],"player_experience":705343,"relics_obtained":[{"floor":9,"key":"Juzu Bracelet"},{"floor":26,"key":"MealTicket"}],"event_choices":[{"damage_healed":0.0,"max_hp_gain":0.0,"max_hp_loss":0.0,"gold_gain":0.0,"event_name":"The Cleric","player_choice":"Leave","floor":4.0,"gold_loss":0.0,"damage_taken":0.0},{"damage_healed":0,"gold_gain":0,"player_choice":"Gave Potion","damage_taken":0,"relics_obtained":["War Paint"],"max_hp_gain":0,"max_hp_loss":0,"event_name":"WeMeetAgain","floor":11,"gold_loss":0},{"damage_healed":0,"gold_gain":0,"player_choice":"Smashed Altar","damage_taken":0,"max_hp_gain":0,"max_hp_loss":0,"event_name":"Forgotten Altar","floor":19,"gold_loss":0,"cards_obtained":["Decay"]},{"damage_healed":0,"gold_gain":0,"player_choice":"Ignored","damage_taken":0,"max_hp_gain":0,"max_hp_loss":0,"event_name":"Ghosts","floor":20,"gold_loss":0},{"cards_removed":["Perfected Strike"],"damage_healed":5,"gold_gain":0,"player_choice":"Offered Common","damage_taken":0,"max_hp_gain":0,"max_hp_loss":0,"event_name":"Bonfire Elementals","floor":22,"gold_loss":0},{"cards_removed":["Perfected Strike"],"damage_healed":5,"gold_gain":0,"player_choice":"Offered Special","damage_taken":0,"max_hp_gain":0,"max_hp_loss":0,"event_name":"Bonfire Elementals","floor":22,"gold_loss":0},{"cards_removed":["Clothesline"],"damage_healed":0,"gold_gain":0,"player_choice":"Gave Gold","damage_taken":0,"max_hp_gain":0,"max_hp_loss":0,"event_name":"Beggar","floor":24,"gold_loss":75}],"is_beta":false,"boss_relics":[{"not_picked":["Coffee Dripper","Philosopher\u0027s Stone"],"picked":"Busted Crown"}],"items_purged_floors":[21],"is_endless":false,"potions_floor_spawned":[5,12,13,29,30,31],"killed_by":"Collector","ascension_level":0}}