{"host":"m0bekkrd201b63ug","time":1613773369,"event":{"mods":["AchievementEnabler","BaseMod","Colored Powertips","Highlight Path","Minty Spire (QoL Compilation)","Rare Cards Sparkle","StSLib","SuperFastMode","everything is the same but u backflip on backflip","slay the spire mod where everything is the same but ironclad has a cowboy hat"],"gold_per_floor":[110,110,126,138,23,23,56,56,56,66,92,105,120,136,136,231,231,247,162,176,208,222,222,237,237,287,314,324,324,79,105,105,203,203,219,269,269,269,282,282,310,51,51,65,65,81,112,112,112,112],"floor_reached":51,"language":"ENG","playtime":2142,"items_purged":["Strike_B","Strike_B"],"score":1245,"play_id":"b05ea8c4-cddc-4b80-8782-8452b3a5a687","local_time":"20210219202249","is_ascension_mode":true,"campfire_choices":[{"data":"Rip and Tear","floor":6.0,"key":"SMITH"},{"data":"Ball Lightning","floor":8.0,"key":"SMITH"},{"data":"Glacier","floor":15.0,"key":"SMITH"},{"data":"Fission","floor":23.0,"key":"SMITH"},{"floor":25.0,"key":"REST"},{"floor":29.0,"key":"REST"},{"floor":32.0,"key":"REST"},{"data":"Seek","floor":40,"key":"SMITH"},{"data":"Coolheaded","floor":49,"key":"SMITH"}],"circlet_count":0,"master_deck":["Strike_B","Defend_B","Defend_B","Defend_B","Defend_B","Zap","Dualcast","Rip and Tear+1","Ball Lightning+1","Glacier+1","Coolheaded+1","Fission+1","Cold Snap+1","Leap","Defragment+1","Echo Form+1","Seek+1"],"relics":["Cracked Core","NeowsBlessing","Calipers","Symbiotic Virus","Ornamental Fan","Nuclear Battery","Frozen Egg 2","Red Mask","Regal Pillow","Boot","Blood Vial","HornCleat","Philosopher\u0027s Stone","Prayer Wheel","PreservedInsect","Letter Opener","Bag of Preparation","Question Card"],"acts_visited":["Exordium","TheCity","TheBeyond"],"potions_floor_usage":[47,50],"damage_taken":[{"damage":0.0,"enemies":"Jaw Worm","floor":1.0,"turns":1.0},{"damage":0.0,"enemies":"Cultist","floor":3.0,"turns":1.0},{"damage":0.0,"enemies":"2 Louse","floor":4.0,"turns":1.0},{"damage":22.0,"enemies":"Lagavulin","floor":7.0,"turns":6.0},{"damage":2.0,"enemies":"Looter","floor":10.0,"turns":3.0},{"damage":9.0,"enemies":"3 Sentries","floor":11.0,"turns":7.0},{"damage":0.0,"enemies":"Blue Slaver","floor":12.0,"turns":2.0},{"damage":0.0,"enemies":"3 Louse","floor":13.0,"turns":2.0},{"damage":0.0,"enemies":"Large Slime","floor":14.0,"turns":3.0},{"damage":13.0,"enemies":"Hexaghost","floor":16.0,"turns":9.0},{"damage":0.0,"enemies":"Spheric Guardian","floor":18.0,"turns":3.0},{"damage":10.0,"enemies":"Chosen","floor":20.0,"turns":4.0},{"damage":5.0,"enemies":"Masked Bandits","floor":21.0,"turns":4.0},{"damage":11.0,"enemies":"Snake Plant","floor":22.0,"turns":3.0},{"damage":17.0,"enemies":"Chosen and Byrds","floor":24.0,"turns":6.0},{"damage":38.0,"enemies":"Gremlin Leader","floor":27.0,"turns":7.0},{"damage":0.0,"enemies":"3 Cultists","floor":28.0,"turns":6.0},{"damage":25.0,"enemies":"Slavers","floor":31.0,"turns":14.0},{"damage":0.0,"enemies":"Automaton","floor":33.0,"turns":11.0},{"damage":0.0,"enemies":"3 Darklings","floor":35.0,"turns":6.0},{"damage":13.0,"enemies":"Mind Bloom Boss Battle","floor":36.0,"turns":9.0},{"damage":0,"enemies":"3 Shapes","floor":39,"turns":4},{"damage":6,"enemies":"Reptomancer","floor":41,"turns":10},{"damage":0,"enemies":"3 Darklings","floor":44,"turns":5},{"damage":0,"enemies":"Spire Growth","floor":46,"turns":6},{"damage":0,"enemies":"Giant Head","floor":47,"turns":10},{"damage":22,"enemies":"Donu and Deca","floor":50,"turns":17}],"seed_played":"-2276414697245396643","potions_obtained":[{"floor":1.0,"key":"DuplicationPotion"},{"floor":4.0,"key":"GamblersBrew"},{"floor":7.0,"key":"EssenceOfDarkness"},{"floor":10.0,"key":"Fruit Juice"},{"floor":13.0,"key":"Explosive Potion"},{"floor":20.0,"key":"DuplicationPotion"},{"floor":21.0,"key":"Explosive Potion"},{"floor":28.0,"key":"Dexterity Potion"},{"floor":31.0,"key":"SpeedPotion"},{"floor":35.0,"key":"LiquidMemories"},{"floor":36.0,"key":"PowerPotion"},{"floor":48,"key":"FairyPotion"}],"is_trial":false,"path_per_floor":["M","?","M","M","$","R","E","R","T","M","E","M","M","M","R","B",null,"M","?","M","?","M","R","M","R","T","E","M","R","$","E","R","B",null,"M","?","?","?","M","R","E","$","T","M","$","M","E","?","R","B",null],"character_chosen":"DEFECT","items_purchased":["Glacier","Blood Vial","Letter Opener"],"campfire_rested":3,"item_purchase_floors":[5,30,42],"current_hp_per_floor":[68,68,68,68,68,68,46,46,46,49,40,40,40,40,40,27,67,67,67,57,52,41,41,24,48,48,10,10,49,49,26,65,67,77,79,67,67,67,69,69,65,65,65,67,67,69,71,71,71,51],"gold":112,"neow_bonus":"THREE_ENEMY_KILL","is_daily":false,"chose_seed":false,"campfire_upgraded":6,"win_rate":0.0,"timestamp":1613773369,"path_taken":["M","?","?","M","$","R","E","R","T","M","E","M","M","M","R","BOSS","M","?","M","?","M","R","M","R","T","E","M","R","$","E","R","BOSS","M","?","?","?","M","R","E","$","T","M","$","M","E","?","R","BOSS"],"items_purchased_type":["Card","Relic","Relic"],"build_version":"2020-12-22","purchased_purges":2,"victory":true,"max_hp_per_floor":[75,75,75,75,75,75,75,75,75,80,80,80,80,80,80,80,80,80,80,80,80,80,80,80,80,80,80,80,80,80,80,80,80,80,80,80,80,80,80,80,80,80,80,80,80,80,80,80,80,80],"card_choices":[{"not_picked":["Self Repair","Double Energy"],"picked":"Rip and Tear","floor":1.0},{"not_picked":["Beam Cell","Conserve Battery"],"picked":"Ball Lightning","floor":3.0},{"not_picked":["Redo","Streamline","Rebound"],"picked":"SKIP","floor":4.0},{"not_picked":["Hyperbeam","Steam Power","Redo"],"picked":"SKIP","floor":7.0},{"not_picked":["Stack","Compile Driver","Streamline"],"picked":"SKIP","floor":10.0},{"not_picked":["Compile Driver","Doom and Gloom"],"picked":"Coolheaded","floor":11.0},{"not_picked":["Compile Driver","Steam","Barrage"],"picked":"SKIP","floor":12.0},{"not_picked":["Barrage","Doom and Gloom","Coolheaded"],"picked":"SKIP","floor":13.0},{"not_picked":["Rebound","Steam","Go for the Eyes"],"picked":"SKIP","floor":14.0},{"not_picked":["Core Surge","Amplify"],"picked":"Fission","floor":16.0},{"not_picked":["Beam Cell","Double Energy"],"picked":"Cold Snap+1","floor":18.0},{"not_picked":["Cold Snap","Go for the Eyes","Double Energy"],"picked":"SKIP","floor":20.0},{"not_picked":["Compile Driver+1","Leap","Stack+1"],"picked":"SKIP","floor":22.0},{"not_picked":["Leap","Cold Snap","Amplify"],"picked":"SKIP","floor":24.0},{"not_picked":["Cold Snap","Amplify"],"picked":"Leap","floor":24.0},{"not_picked":["Ball Lightning","BootSequence+1"],"picked":"Defragment+1","floor":27.0},{"not_picked":["Stack","Hello World+1","Sweeping Beam+1"],"picked":"SKIP","floor":28.0},{"not_picked":["Streamline+1","Skim"],"picked":"Echo Form+1","floor":31.0},{"not_picked":["Rainbow","Hyperbeam"],"picked":"Seek","floor":33.0},{"not_picked":["Streamline+1","Rebound+1","Stack"],"picked":"SKIP","floor":35.0},{"not_picked":["Beam Cell","Undo+1","Gash"],"picked":"SKIP","floor":39},{"not_picked":["Double Energy+1","Recycle+1","Skim+1"],"picked":"SKIP","floor":39},{"not_picked":["Leap+1","Coolheaded","Conserve Battery+1"],"picked":"SKIP","floor":41},{"not_picked":["Doom and Gloom+1","Glacier+1","All For One"],"picked":"SKIP","floor":44},{"not_picked":["Rebound+1","Melter+1","Streamline+1"],"picked":"SKIP","floor":44},{"not_picked":["Genetic Algorithm","Steam+1","Gash+1"],"picked":"SKIP","floor":46},{"not_picked":["Double Energy","Steam","Leap+1"],"picked":"SKIP","floor":46},{"not_picked":["Barrage","Melter","Streamline"],"picked":"SKIP","floor":47}],"player_experience":289470,"relics_obtained":[{"floor":7.0,"key":"Calipers"},{"floor":9.0,"key":"Symbiotic Virus"},{"floor":11.0,"key":"Ornamental Fan"},{"floor":21.0,"key":"Red Mask"},{"floor":26.0,"key":"Regal Pillow"},{"floor":27.0,"key":"Boot"},{"floor":31.0,"key":"HornCleat"},{"floor":36.0,"key":"Prayer Wheel"},{"floor":41,"key":"PreservedInsect"},{"floor":43,"key":"Bag of Preparation"},{"floor":47,"key":"Question Card"}],"event_choices":[{"cards_removed":["Strike_B"],"damage_healed":0.0,"max_hp_gain":0.0,"max_hp_loss":0.0,"gold_gain":0.0,"event_name":"Purifier","player_choice":"Purged","floor":2.0,"gold_loss":0.0,"damage_taken":0.0},{"damage_healed":0.0,"max_hp_gain":0.0,"max_hp_loss":0.0,"gold_gain":0.0,"event_name":"Addict","player_choice":"Obtained Relic","floor":19.0,"gold_loss":85.0,"damage_taken":0.0,"relics_obtained":["Frozen Egg 2"]},{"damage_healed":0.0,"max_hp_gain":0.0,"max_hp_loss":0.0,"gold_gain":0.0,"event_name":"Masked Bandits","player_choice":"Fought Bandits","floor":21.0,"gold_loss":0.0,"damage_taken":0.0},{"damage_healed":0.0,"max_hp_gain":0.0,"max_hp_loss":0.0,"gold_gain":0.0,"event_name":"MindBloom","player_choice":"Fight","floor":36.0,"gold_loss":0.0,"damage_taken":0.0},{"damage_healed":0.0,"max_hp_gain":0.0,"max_hp_loss":0.0,"gold_gain":0.0,"event_name":"Tomb of Lord Red Mask","player_choice":"Ignored","floor":37.0,"gold_loss":0.0,"damage_taken":0.0},{"damage_healed":0,"gold_gain":0,"player_choice":"Ignored","damage_taken":0,"max_hp_gain":0,"max_hp_loss":0,"event_name":"Mysterious Sphere","floor":38,"gold_loss":0},{"damage_healed":0,"gold_gain":0,"player_choice":"Got Potions","damage_taken":0,"max_hp_gain":0,"max_hp_loss":0,"event_name":"Lab","floor":48,"gold_loss":0}],"is_beta":false,"boss_relics":[{"not_picked":["Sozu","Cursed Key"],"picked":"Nuclear Battery"},{"not_picked":["Coffee Dripper","Velvet Choker"],"picked":"Philosopher\u0027s Stone"}],"items_purged_floors":[5,30],"is_endless":false,"potions_floor_spawned":[1,4,7,10,13,20,21,28,31,35,36,44],"ascension_level":8}}