{"host":"en4narc5947t7k9n","time":1613737320,"event":{"mods":["AchievementEnabler","BaseMod","Colored Map","Minty Spire (QoL Compilation)","SuperFastMode"],"gold_per_floor":[117,67,67,82,82,82,110,110,137,153,3,3,335,345,345,440,440,455,473,405,416,430,430,444,444,444],"floor_reached":25,"language":"KOR","playtime":1366,"items_purged":["Defend_G"],"score":238,"play_id":"c2bfa100-b34e-4ce4-aec0-1bee47a3dadd","local_time":"20210219212200","is_ascension_mode":false,"campfire_choices":[{"floor":6,"key":"RECALL"},{"data":"Neutralize","floor":8,"key":"SMITH"},{"data":"Bouncing Flask","floor":12,"key":"SMITH"},{"data":"Tools of the Trade","floor":15,"key":"SMITH"},{"data":"Die Die Die","floor":23,"key":"SMITH"}],"circlet_count":0,"master_deck":["Survivor","Neutralize+1","Leg Sweep","Deadly Poison","Cloak And Dagger","Blade Dance","Bouncing Flask+1","Tools of the Trade+1","Prepared","Grand Finale","Poisoned Stab","Footwork","Tactician","Escape Plan","Expertise","Flechettes","Die Die Die+1","Outmaneuver+1","Outmaneuver","Calculated Gamble","Dagger Spray+1","Skewer","Phantasmal Killer"],"relics":["Ring of the Snake","NeowsBlessing","Ice Cream","Potion Belt","Old Coin","Pandora\u0027s Box"],"acts_visited":["Exordium","TheCity"],"potions_floor_usage":[13,16,22,22,25],"damage_taken":[{"damage":0,"enemies":"Small Slimes","floor":1,"turns":1},{"damage":0,"enemies":"2 Louse","floor":4,"turns":1},{"damage":0,"enemies":"3 Sentries","floor":7,"turns":1},{"damage":0,"enemies":"Cultist","floor":10,"turns":4},{"damage":11,"enemies":"Lagavulin","floor":13,"turns":6},{"damage":10,"enemies":"Large Slime","floor":14,"turns":8},{"damage":34,"enemies":"The Guardian","floor":16,"turns":10},{"damage":8,"enemies":"Shell Parasite","floor":18,"turns":4},{"damage":10,"enemies":"Chosen","floor":19,"turns":3},{"damage":10,"enemies":"Centurion and Healer","floor":21,"turns":5},{"damage":10,"enemies":"Sentry and Sphere","floor":22,"turns":3},{"damage":22,"enemies":"Snake Plant","floor":24,"turns":4},{"damage":19,"enemies":"Gremlin Leader","floor":25,"turns":1}],"seed_played":"1376785711209393258","potions_obtained":[{"floor":1,"key":"Strength Potion"},{"floor":7,"key":"EssenceOfSteel"},{"floor":14,"key":"DistilledChaos"},{"floor":16,"key":"PowerPotion"},{"floor":18,"key":"Regen Potion"}],"is_trial":false,"path_per_floor":["M","?","?","M","?","R","E","R","T","M","$","R","E","M","R","B",null,"M","M","$","M","M","R","M","E"],"character_chosen":"THE_SILENT","items_purchased":["Bouncing Flask","Calculated Gamble"],"campfire_rested":0,"item_purchase_floors":[11,20],"current_hp_per_floor":[70,70,67,67,67,67,67,67,67,67,67,67,56,46,46,12,70,62,52,52,42,41,41,19,0,0],"gold":444,"neow_bonus":"THREE_ENEMY_KILL","is_daily":false,"chose_seed":false,"campfire_upgraded":4,"win_rate":0.0,"timestamp":1613737320,"path_taken":["M","?","?","M","?","R","E","R","T","M","$","R","E","M","R","BOSS","M","M","$","M","M","R","?","E"],"items_purchased_type":["Card","Card"],"build_version":"2020-12-22","purchased_purges":1,"victory":false,"max_hp_per_floor":[70,70,70,70,70,70,70,70,70,70,70,70,70,70,70,70,70,70,70,70,70,70,70,70,70,70],"card_choices":[{"not_picked":["Choke","Caltrops"],"picked":"Leg Sweep","floor":1},{"not_picked":["Dodge and Roll","Outmaneuver"],"picked":"Deadly Poison","floor":4},{"not_picked":["Masterful Stab","Outmaneuver"],"picked":"Cloak And Dagger","floor":7},{"not_picked":["Concentrate","Endless Agony"],"picked":"Blade Dance","floor":10},{"not_picked":["Tactician","Prepared"],"picked":"Tools of the Trade","floor":13},{"not_picked":["Quick Slash","Sucker Punch"],"picked":"Prepared","floor":14},{"not_picked":["Malaise","Adrenaline"],"picked":"Grand Finale","floor":16},{"not_picked":["PiercingWail+1","Prepared"],"picked":"Outmaneuver+1","floor":18},{"not_picked":["Flying Knee","Underhanded Strike"],"picked":"Outmaneuver","floor":19},{"not_picked":["Blade Dance","Flying Knee"],"picked":"Dagger Spray+1","floor":21},{"not_picked":["Blade Dance","Underhanded Strike"],"picked":"Skewer","floor":22},{"not_picked":["Caltrops","Poisoned Stab"],"picked":"Phantasmal Killer","floor":24}],"player_experience":86719,"relics_obtained":[{"floor":7,"key":"Potion Belt"},{"floor":13,"key":"Old Coin"}],"event_choices":[{"cards_removed":["Strike_G"],"damage_healed":0,"gold_gain":0,"player_choice":"Card Removal","damage_taken":0,"max_hp_gain":0,"max_hp_loss":0,"event_name":"The Cleric","floor":2,"gold_loss":50},{"damage_healed":0,"gold_gain":0,"player_choice":"Success","damage_taken":3,"relics_obtained":["Ice Cream"],"max_hp_gain":0,"max_hp_loss":0,"event_name":"Scrap Ooze","floor":3,"gold_loss":0},{"cards_removed":["Strike_G"],"damage_healed":0,"gold_gain":0,"player_choice":"Offered Basic","damage_taken":0,"max_hp_gain":0,"max_hp_loss":0,"event_name":"Bonfire Elementals","floor":5,"gold_loss":0}],"is_beta":false,"boss_relics":[{"not_picked":["Empty Cage","Black Star"],"picked":"Pandora\u0027s Box"}],"items_purged_floors":[11],"is_endless":false,"potions_floor_spawned":[1,7,14,16,18],"killed_by":"Gremlin Leader","ascension_level":0}}