{"host":"tsnif9umxyqokjak","time":1613751626,"event":{"mods":["2.2 Compatiblity","AchievementEnabler","Act Like it!","Arknights","Astrologer","BaseMod","Bestiary","Better Note","Better Skull","Better Third Choice","Better Vampires","Block Reminder","CapriCore","Challenge The Spire","Clockwork Mod","Colored Powertips","Curses Come First","Custom Start","Disable Question Mark Monsters","Displayed Cursed Tome","Downfall","Filter the Spire","Friendly Minions","Hallownest","Hermit","Highlight Path","Marisa????????","Marked Mod","Minty Spire (QoL Compilation)","Quick Restart","Rare Cards Sparkle","Red Circlet Mod","Reimu??????","Remilia??????","Robot Space Explorer","Smile Girya","Spicy Shops","StSLib","The Administrix","The Animator","The Bug Knight","The Construct","The Cursed","The Disciple","The Elementalist","The Gatherer","The Immortal","The Runesmith","The Sage","The Servant 0.9.4","The Spell Scribe","The Valiant","The Wild Card","Unknown Chances","Yakumo Yukari mod"],"gold_per_floor":[119,119,135,149,149,175,190,202,202,11,11,11,32,82,82,203,203,218,443,27,27,48,48,11,55,78,99,122,122,122,122,122,122],"floor_reached":31,"language":"ENG","playtime":3152,"items_purged":[],"score":255,"play_id":"2732ec99-ed4f-4082-a288-5cdacdc061b4","local_time":"20210219172026","is_ascension_mode":false,"campfire_choices":[{"floor":11.0,"key":"REST"},{"data":"MokouMod:Overheat","floor":15.0,"key":"SMITH"},{"floor":23.0,"key":"REST"},{"floor":30,"key":"REST"}],"circlet_count":0,"master_deck":["MokouMod:Strike","MokouMod:Strike","MokouMod:Strike","MokouMod:Strike","MokouMod:Strike","MokouMod:Defend","MokouMod:Defend","MokouMod:Defend+1","MokouMod:Defend","MokouMod:HeatSpark","MokouMod:Afterburner","MokouMod:BlazingComet","MokouMod:IgnitionBlast","MokouMod:InfernalWave","MokouMod:Overheat+1","MokouMod:FusionFlare","MokouMod:CrimsonFlare","MokouMod:IgneousBlow","MokouMod:ResonatingAura","MokouMod:TemporalFireSeal","MokouMod:ScorchedEarth","MokouMod:HeatCyclone","MokouMod:BlazingComet","Impatience","animator:Megumin+15","MokouMod:WarmUp","MokouMod:Scorch","MokouMod:AdaptivePyromancy","MokouMod:ScorchingColumn","MokouMod:IgnitionBarrier+1"],"relics":["MokouMod:PhoenixFeather","ScarletDevilRocket","Gremlin Horn","Membership Card","Golden Idol","construct:WeddingRing","Vajra","Shuriken","Bottled Lightning","Orichalcum"],"acts_visited":["Exordium","TheCity"],"potions_floor_usage":[27,27,31],"damage_taken":[{"damage":4.0,"enemies":"Jaw Worm","floor":1.0,"turns":4.0},{"damage":0.0,"enemies":"Small Slimes","floor":3.0,"turns":3.0},{"damage":6.0,"enemies":"2 Louse","floor":4.0,"turns":2.0},{"damage":58.0,"enemies":"Gremlin Nob","floor":6.0,"turns":5.0},{"damage":22.0,"enemies":"Exordium Wildlife","floor":7.0,"turns":6.0},{"damage":0.0,"enemies":"Large Slime","floor":8.0,"turns":6.0},{"damage":10.0,"enemies":"Looter","floor":13.0,"turns":2.0},{"damage":33.0,"enemies":"Slime Boss","floor":16.0,"turns":8.0},{"damage":30.0,"enemies":"3 Byrds","floor":18.0,"turns":5.0},{"damage":5.0,"enemies":"Shell Parasite","floor":22.0,"turns":3.0},{"damage":28.0,"enemies":"Gremlin Leader","floor":25.0,"turns":5.0},{"damage":13,"enemies":"Centurion and Healer","floor":27,"turns":5},{"damage":20,"enemies":"Snake Plant","floor":28,"turns":4},{"damage":31,"enemies":"Colosseum Slavers","floor":31,"turns":4}],"seed_played":"-7010790359058007378","potions_obtained":[{"floor":4.0,"key":"SkillPotion"},{"floor":7.0,"key":"Swift Potion"},{"floor":8.0,"key":"sneckomod:MuddlingPotion"},{"floor":16.0,"key":"CultistPotion"},{"floor":22.0,"key":"Swift Potion"},{"floor":25.0,"key":"ColorlessPotion"}],"is_trial":false,"path_per_floor":["M","?","M","M","?","E","M","M","T","$","R","?","M","?","R","B",null,"M","?","$","?","M","R","$","E","T","M","M","?","R","?"],"character_chosen":"MKU","items_purchased":["Membership Card","MokouMod:CrimsonFlare","MokouMod:ScorchedEarth","Shuriken","MokouMod:HeatCyclone","Swift Potion","Weak Potion","MokouMod:BlazingComet","Impatience","MokouMod:Scorch"],"campfire_rested":3,"item_purchase_floors":[10,10,20,20,20,20,20,20,20,24],"current_hp_per_floor":[64,64,64,58,87,29,7,7,7,7,33,33,23,23,23,13,82,52,7,7,7,2,26,26,18,18,5,5,5,29,0,0,0],"gold":122,"neow_bonus":"TWENTY_PERCENT_HP_BONUS","is_daily":false,"chose_seed":false,"campfire_upgraded":1,"win_rate":0.0,"timestamp":1613751626,"path_taken":["M","?","M","M","?","E","M","M","T","$","R","?","?","?","R","BOSS","M","?","$","?","?","R","$","E","T","M","M","?","R","?"],"items_purchased_type":["Relic","Card","Card","Relic","Card","Potion","Potion","Card","Card","Card"],"build_version":"2020-12-22","purchased_purges":0,"victory":false,"max_hp_per_floor":[89,89,89,89,89,89,89,89,89,89,89,82,82,82,82,82,82,82,82,82,82,82,82,82,82,82,82,82,82,82,82,82,82],"card_choices":[{"not_picked":["MokouMod:EternalBurstReactor","MokouMod:HeatCyclone"],"picked":"MokouMod:Afterburner","floor":1.0},{"not_picked":["MokouMod:Wildfire","MokouMod:FlamingFireTalons"],"picked":"MokouMod:BlazingComet","floor":3.0},{"not_picked":["MokouMod:ScorchingColumn","MokouMod:IllusoryBattlefield"],"picked":"MokouMod:IgnitionBlast","floor":4.0},{"not_picked":["MokouMod:Fireball","MokouMod:TemporalFireSeal"],"picked":"MokouMod:InfernalWave","floor":6.0},{"not_picked":["MokouMod:Refresh","MokouMod:Meltdown"],"picked":"MokouMod:Overheat","floor":7.0},{"not_picked":["MokouMod:Afterburner","MokouMod:HeatTransfer"],"picked":"MokouMod:FusionFlare","floor":8.0},{"not_picked":["MokouMod:AdaptivePyromancy","MokouMod:Scorch"],"picked":"MokouMod:IgneousBlow","floor":13.0},{"not_picked":["MokouMod:HouraiForge","MokouMod:BurningHiddenBullet"],"picked":"MokouMod:ResonatingAura","floor":16.0},{"not_picked":["MokouMod:Refresh","MokouMod:Fireball"],"picked":"MokouMod:TemporalFireSeal","floor":18.0},{"not_picked":["MokouMod:FusionFlare","MokouMod:Combust"],"picked":"MokouMod:WarmUp","floor":22.0},{"not_picked":["MokouMod:Sear","MokouMod:Refresh+1"],"picked":"MokouMod:AdaptivePyromancy","floor":25.0},{"not_picked":["MokouMod:ResoluteFlare","MokouMod:IcarusDive+1"],"picked":"MokouMod:ScorchingColumn","floor":27},{"not_picked":["MokouMod:ResoluteFlare","MokouMod:TemporalFireSeal"],"picked":"MokouMod:IgnitionBarrier+1","floor":28}],"player_experience":719253,"relics_obtained":[{"floor":6.0,"key":"ScarletDevilRocket"},{"floor":9.0,"key":"Gremlin Horn"},{"floor":25.0,"key":"Bottled Lightning"},{"floor":26.0,"key":"Orichalcum"}],"event_choices":[{"damage_healed":29.0,"max_hp_gain":0.0,"max_hp_loss":0.0,"gold_gain":0.0,"event_name":"Big Fish","player_choice":"Banana","floor":5.0,"gold_loss":0.0,"damage_taken":0.0},{"damage_healed":0.0,"max_hp_gain":0.0,"max_hp_loss":7.0,"gold_gain":0.0,"event_name":"Golden Idol","player_choice":"Lose Max HP","floor":12.0,"gold_loss":0.0,"damage_taken":0.0,"relics_obtained":["Golden Idol"]},{"damage_healed":0.0,"max_hp_gain":0.0,"max_hp_loss":0.0,"gold_gain":225.0,"event_name":"betterSkull:BetterSkull","player_choice":"GO RE GO UP ","floor":19.0,"gold_loss":0.0,"damage_taken":51.0,"cards_upgraded":["MokouMod:Defend"],"relics_obtained":["Vajra"]},{"cards_removed":["MokouMod:ScorchedEarth"],"damage_healed":0.0,"max_hp_gain":0.0,"max_hp_loss":0.0,"gold_gain":0.0,"event_name":"betterNote:BetterNote","player_choice":"Take \u0026 Give","floor":21.0,"gold_loss":0.0,"damage_taken":0.0,"cards_obtained":["animator:Megumin"]},{"damage_healed":0,"gold_gain":0,"player_choice":"Ignored","damage_taken":0,"max_hp_gain":0,"max_hp_loss":0,"event_name":"Ghosts","floor":29,"gold_loss":0},{"damage_healed":0,"gold_gain":0,"player_choice":"Fight","damage_taken":0,"max_hp_gain":0,"max_hp_loss":0,"event_name":"Colosseum","floor":31,"gold_loss":0}],"is_beta":false,"boss_relics":[{"not_picked":["SlaversCollar","Runesmith:UraniumAnvil"],"picked":"construct:WeddingRing"}],"items_purged_floors":[],"is_endless":false,"potions_floor_spawned":[4,7,8,16,22,25],"killed_by":"Colosseum Slavers","ascension_level":0}}