{"host":"sav7uxregyirlf69","time":1613704613,"event":{"mods":["AchievementEnabler","BaseMod","Colored Map","DeckTracker","Keyboard Shortcuts","Minty Spire (QoL Compilation)","READ ME - Guardian Mod","StSLib","SuperFastMode"],"gold_per_floor":[113,38,38,55,65,65,80,80,80,80,23,49,59,69,69,140,140,151,201,201,201,201,201,201],"floor_reached":23,"language":"KOR","playtime":321,"items_purged":[],"score":378,"play_id":"3775017b-734f-47aa-aad5-a9a32b7054a9","local_time":"20210219121653","is_ascension_mode":true,"campfire_choices":[{"data":"Zap","floor":6,"key":"SMITH"},{"data":"Beam Cell","floor":8,"key":"SMITH"},{"data":"Dualcast","floor":10,"key":"SMITH"},{"data":"Reinforced Body","floor":15,"key":"SMITH"}],"circlet_count":0,"master_deck":["AscendersBane","Zap+1","Dualcast+1","Core Surge","Beam Cell+1","Sweeping Beam","Cold Snap","Ball Lightning","Reinforced Body+1","Gash","Biased Cognition","Hello World","Rip and Tear","All For One","Consume","Creative AI","Leap"],"relics":["Cracked Core","Bag of Preparation","Kunai","Pandora\u0027s Box"],"acts_visited":["Exordium","TheCity"],"potions_floor_usage":[23],"damage_taken":[{"damage":3,"enemies":"2 Louse","floor":1,"turns":2},{"damage":4,"enemies":"Small Slimes","floor":4,"turns":3},{"damage":0,"enemies":"Cultist","floor":5,"turns":2},{"damage":8,"enemies":"Blue Slaver","floor":7,"turns":2},{"damage":11,"enemies":"Lagavulin","floor":12,"turns":4},{"damage":3,"enemies":"Looter","floor":13,"turns":2},{"damage":0,"enemies":"3 Louse","floor":14,"turns":2},{"damage":34,"enemies":"The Guardian","floor":16,"turns":12},{"damage":2,"enemies":"Spheric Guardian","floor":18,"turns":4},{"damage":55,"enemies":"Book of Stabbing","floor":23,"turns":6}],"seed_played":"-1712619454836677303","potions_obtained":[{"floor":7,"key":"FearPotion"},{"floor":12,"key":"Block Potion"},{"floor":22,"key":"SpeedPotion"}],"is_trial":false,"path_per_floor":["M","?","?","M","M","R","M","R","T","R","$","E","M","M","R","B",null,"M","?","?","?","?","E"],"character_chosen":"DEFECT","items_purchased":["Ball Lightning"],"campfire_rested":0,"item_purchase_floors":[11],"current_hp_per_floor":[61,61,71,67,67,67,59,59,59,59,59,48,45,45,45,11,56,54,54,54,54,54,0,0],"gold":201,"neow_bonus":"TRANSFORM_CARD","is_daily":false,"chose_seed":false,"campfire_upgraded":4,"win_rate":0.0,"timestamp":1613704613,"path_taken":["M","?","?","M","M","R","M","R","T","R","$","E","?","M","R","BOSS","M","?","?","?","?","E"],"items_purchased_type":["Card"],"build_version":"2020-12-22","purchased_purges":0,"victory":false,"max_hp_per_floor":[71,71,71,71,71,71,71,71,71,71,71,71,71,71,71,71,71,71,71,71,71,71,71,71],"card_choices":[{"not_picked":["Compile Driver","Streamline"],"picked":"Beam Cell","floor":1},{"not_picked":["Aggregate","Streamline"],"picked":"Sweeping Beam","floor":4},{"not_picked":["Sweeping Beam","Redo"],"picked":"Cold Snap","floor":5},{"not_picked":["Barrage","Amplify","Hologram"],"picked":"SKIP","floor":7},{"not_picked":["Force Field","Meteor Strike","Thunder Strike"],"picked":"SKIP","floor":12},{"not_picked":["Loop","Tempest"],"picked":"Reinforced Body","floor":13},{"not_picked":["Rebound","Steam"],"picked":"Gash","floor":14},{"not_picked":["All For One","Core Surge"],"picked":"Biased Cognition","floor":16},{"not_picked":["Compile Driver","Consume+1"],"picked":"Leap","floor":18}],"player_experience":1615410,"relics_obtained":[{"floor":9,"key":"Bag of Preparation"},{"floor":12,"key":"Kunai"}],"event_choices":[{"cards_removed":["Strike_B"],"damage_healed":0,"gold_gain":0,"player_choice":"Card Removal","damage_taken":0,"max_hp_gain":0,"max_hp_loss":0,"event_name":"The Cleric","floor":2,"gold_loss":75},{"damage_healed":10,"gold_gain":0,"player_choice":"Full Heal","damage_taken":0,"max_hp_gain":0,"max_hp_loss":0,"event_name":"Wheel of Change","floor":3,"gold_loss":0},{"damage_healed":0,"gold_gain":50,"player_choice":"Stole From Cult","damage_taken":0,"max_hp_gain":0,"max_hp_loss":0,"event_name":"Nest","floor":19,"gold_loss":0},{"cards_removed":["Amplify"],"damage_healed":0,"gold_gain":0,"player_choice":"Elegance","damage_taken":0,"max_hp_gain":0,"max_hp_loss":0,"event_name":"Back to Basics","floor":20,"gold_loss":0},{"damage_healed":0,"gold_gain":0,"player_choice":"Ignored","damage_taken":0,"max_hp_gain":0,"max_hp_loss":0,"event_name":"The Mausoleum","floor":21,"gold_loss":0},{"damage_healed":0,"gold_gain":0,"player_choice":"Got Potions","damage_taken":0,"max_hp_gain":0,"max_hp_loss":0,"event_name":"Lab","floor":22,"gold_loss":0}],"is_beta":false,"boss_relics":[{"not_picked":["Busted Crown","Tiny House"],"picked":"Pandora\u0027s Box"}],"items_purged_floors":[],"is_endless":false,"potions_floor_spawned":[7,12,14],"killed_by":"Book of Stabbing","ascension_level":20}}