{"host":"en4narc5947t7k9n","time":1613756287,"event":{"mods":["AchievementEnabler","BaseMod","Colored Map","Minty Spire (QoL Compilation)","SuperFastMode"],"gold_per_floor":[109,59,75,150,160,186,186,199,199,219,234,267,267,294,294,294,294],"floor_reached":16,"language":"KOR","playtime":860,"items_purged":[],"score":122,"play_id":"739a2771-0c2e-4a15-96b8-da9d951ae2e6","local_time":"20210220023807","is_ascension_mode":false,"campfire_choices":[{"floor":7,"key":"RECALL"},{"data":"Fission","floor":13,"key":"SMITH"},{"data":"Zap","floor":15,"key":"SMITH"}],"circlet_count":0,"master_deck":["Strike_B","Strike_B","Strike_B","Defend_B","Defend_B","Defend_B","Defend_B","Zap+1","Dualcast","Leap","Ball Lightning","Go for the Eyes","BootSequence","Storm","Hologram","Fission+1","Redo","Rainbow"],"relics":["Cracked Core","Sundial","Eternal Feather","MealTicket"],"acts_visited":["Exordium"],"potions_floor_usage":[12,12,12,14],"damage_taken":[{"damage":2,"enemies":"2 Louse","floor":1,"turns":3},{"damage":1,"enemies":"Small Slimes","floor":3,"turns":4},{"damage":0,"enemies":"Jaw Worm","floor":5,"turns":3},{"damage":22,"enemies":"Lagavulin","floor":6,"turns":6},{"damage":1,"enemies":"Exordium Wildlife","floor":8,"turns":5},{"damage":0,"enemies":"Looter","floor":10,"turns":3},{"damage":11,"enemies":"Exordium Thugs","floor":11,"turns":5},{"damage":4,"enemies":"3 Sentries","floor":12,"turns":5},{"damage":18,"enemies":"Gremlin Nob","floor":14,"turns":4},{"damage":33,"enemies":"The Guardian","floor":16,"turns":8}],"seed_played":"-5984303581580414583","potions_obtained":[{"floor":1,"key":"AttackPotion"},{"floor":8,"key":"Block Potion"},{"floor":11,"key":"Swift Potion"},{"floor":12,"key":"DistilledChaos"}],"is_trial":false,"path_per_floor":["M","?","M","?","M","E","R","M","T","M","M","E","R","E","R","B"],"character_chosen":"DEFECT","items_purchased":[],"campfire_rested":0,"item_purchase_floors":[],"current_hp_per_floor":[80,80,79,68,68,46,46,45,45,45,34,30,39,21,30,0,0],"gold":294,"neow_bonus":"TEN_PERCENT_HP_BONUS","is_daily":false,"chose_seed":false,"campfire_upgraded":2,"win_rate":0.0,"timestamp":1613756287,"path_taken":["M","?","M","?","?","E","R","M","T","M","M","E","R","E","R","BOSS"],"items_purchased_type":[],"build_version":"2020-12-22","purchased_purges":0,"victory":false,"max_hp_per_floor":[82,82,82,82,82,82,82,82,82,82,82,82,82,82,82,82,82],"card_choices":[{"not_picked":["Steam Power","Rebound"],"picked":"Leap","floor":1},{"not_picked":["Auto Shields","Sunder"],"picked":"Ball Lightning","floor":3},{"not_picked":["Gash","Darkness"],"picked":"Go for the Eyes","floor":5},{"not_picked":["Leap","Gash"],"picked":"BootSequence","floor":6},{"not_picked":["Leap","Rebound"],"picked":"Storm","floor":8},{"not_picked":["Conserve Battery","Leap"],"picked":"Hologram","floor":10},{"not_picked":["Storm","Go for the Eyes"],"picked":"Fission","floor":11},{"not_picked":["Hologram","Ball Lightning"],"picked":"Redo","floor":12},{"not_picked":["Ball Lightning","Cold Snap"],"picked":"Rainbow","floor":14}],"player_experience":89596,"relics_obtained":[{"floor":6,"key":"Sundial"},{"floor":12,"key":"Eternal Feather"},{"floor":14,"key":"MealTicket"}],"event_choices":[{"cards_removed":["Strike_B"],"damage_healed":0,"gold_gain":0,"player_choice":"Card Removal","damage_taken":0,"max_hp_gain":0,"max_hp_loss":0,"event_name":"The Cleric","floor":2,"gold_loss":50},{"damage_healed":0,"gold_gain":75,"player_choice":"Gather Gold","damage_taken":11,"max_hp_gain":0,"max_hp_loss":0,"event_name":"World of Goop","floor":4,"gold_loss":0}],"is_beta":false,"boss_relics":[],"items_purged_floors":[],"is_endless":false,"potions_floor_spawned":[1,8,11,12],"killed_by":"The Guardian","ascension_level":0}}