{"host":"3d7yvplr5ovcyppx","time":1613711706,"event":{"mods":["AchievementEnabler","BaseMod","Hermit","Jorbs\u0027s Wanderer Trilogy","Minty Spire (QoL Compilation)","Quick Restart","Somnambulant","StSLib","The Cursed","The Disciple","The Servant 0.9.4"],"gold_per_floor":[114,114,133,83,83,114,114,126,153,153,183,198,208,242,242,347,347,364,375,393,353,366,366,366,366],"floor_reached":24,"language":"ENG","playtime":1517,"items_purged":[],"score":240,"play_id":"93f9cfec-2dc9-4b1c-8e4d-1e939e6d495a","local_time":"20210219104506","is_ascension_mode":true,"campfire_choices":[{"floor":7.0,"key":"RECALL"},{"data":"Loop","floor":10,"key":"SMITH"},{"data":"Zap","floor":15,"key":"SMITH"},{"floor":23,"key":"REST"}],"circlet_count":0,"master_deck":["Strike_B","Strike_B","Strike_B","Strike_B","Defend_B","Defend_B","Defend_B","Defend_B","Zap+1","Dualcast","Genetic Algorithm","Streamline","Sweeping Beam","Loop+1","Self Repair","Redo+1","Coolheaded+1","Consume+1","Sweeping Beam+1","Coolheaded","Glacier","Ball Lightning","Ball Lightning"],"relics":["Cracked Core","Smiling Mask","MealTicket","DataDisk","Orichalcum","Lizard Tail","Astrolabe"],"acts_visited":["Exordium","TheCity"],"potions_floor_usage":[12,14,14,22],"damage_taken":[{"damage":10.0,"enemies":"2 Louse","floor":1.0,"turns":2.0},{"damage":1.0,"enemies":"Cultist","floor":3.0,"turns":4.0},{"damage":18.0,"enemies":"3 Sentries","floor":6.0,"turns":8.0},{"damage":2,"enemies":"Jaw Worm","floor":8,"turns":4},{"damage":26,"enemies":"Lagavulin","floor":11,"turns":5},{"damage":5,"enemies":"Gremlin Gang","floor":12,"turns":4},{"damage":7,"enemies":"Looter","floor":13,"turns":3},{"damage":15,"enemies":"3 Sentries","floor":14,"turns":6},{"damage":27,"enemies":"The Guardian","floor":16,"turns":11},{"damage":20,"enemies":"Spheric Guardian","floor":18,"turns":4},{"damage":28,"enemies":"Shell Parasite","floor":19,"turns":6},{"damage":28,"enemies":"Snake Plant","floor":20,"turns":6},{"damage":0,"enemies":"Sentry and Sphere","floor":22,"turns":3},{"damage":53,"enemies":"Gremlin Leader","floor":24,"turns":8}],"seed_played":"-2195109648012744759","potions_obtained":[{"floor":3.0,"key":"Strength Potion"},{"floor":5.0,"key":"Swift Potion"},{"floor":5.0,"key":"EssenceOfSteel"},{"floor":12,"key":"Regen Potion"},{"floor":13,"key":"PowerPotion"},{"floor":16,"key":"FearPotion"},{"floor":19,"key":"Strength Potion"},{"floor":20,"key":"PowerPotion"}],"is_trial":false,"path_per_floor":["M","?","M","$","?","E","R","M","T","R","E","M","M","E","R","B",null,"M","M","M","?","M","R","E"],"character_chosen":"DEFECT","items_purchased":["Streamline"],"campfire_rested":1,"item_purchase_floors":[4],"current_hp_per_floor":[65,70,69,69,69,51,51,49,49,49,23,18,18,25,25,42,75,62,41,20,20,27,49,0,0],"gold":366,"neow_bonus":"RANDOM_COMMON_RELIC","is_daily":false,"chose_seed":false,"campfire_upgraded":2,"win_rate":0.0,"timestamp":1613711706,"path_taken":["M","?","M","?","?","E","R","M","T","R","E","M","M","E","R","BOSS","M","?","M","?","M","R","E"],"items_purchased_type":["Card"],"build_version":"2020-12-22","purchased_purges":0,"victory":false,"max_hp_per_floor":[75,75,75,75,75,75,75,75,75,75,75,75,75,75,75,75,75,75,75,75,75,75,75,75,75],"card_choices":[{"not_picked":["Turbo","Rip and Tear"],"picked":"Go for the Eyes","floor":1.0},{"not_picked":["Gash","Beam Cell"],"picked":"Genetic Algorithm","floor":3.0},{"not_picked":["Reinforced Body","Reprogram"],"picked":"Sweeping Beam","floor":6.0},{"not_picked":["Streamline","Gash"],"picked":"Loop","floor":8},{"not_picked":["Streamline","Hologram"],"picked":"All For One","floor":11},{"not_picked":["Barrage","White Noise"],"picked":"Self Repair","floor":12},{"not_picked":["Sweeping Beam","Stack"],"picked":"Redo","floor":13},{"not_picked":["Biased Cognition","Blizzard"],"picked":"Turbo","floor":14},{"not_picked":["Hyperbeam","Machine Learning"],"picked":"Amplify","floor":16},{"not_picked":["Auto Shields","Steam"],"picked":"Coolheaded","floor":18},{"not_picked":["Go for the Eyes","Sweeping Beam"],"picked":"Glacier","floor":19},{"not_picked":["Scrape","Leap+1"],"picked":"Ball Lightning","floor":20},{"not_picked":["Amplify","Redo"],"picked":"Ball Lightning","floor":22}],"player_experience":72353,"relics_obtained":[{"floor":6.0,"key":"MealTicket"},{"floor":9,"key":"DataDisk"},{"floor":11,"key":"Orichalcum"},{"floor":14,"key":"Lizard Tail"}],"event_choices":[{"cards_removed":["Go for the Eyes"],"damage_healed":5.0,"max_hp_gain":0.0,"max_hp_loss":0.0,"gold_gain":0.0,"event_name":"Bonfire Elementals","player_choice":"Offered Common","floor":2.0,"gold_loss":0.0,"damage_taken":0.0},{"cards_removed":["Go for the Eyes"],"damage_healed":5.0,"max_hp_gain":0.0,"max_hp_loss":0.0,"gold_gain":0.0,"event_name":"Bonfire Elementals","player_choice":"Offered Special","floor":2.0,"gold_loss":0.0,"damage_taken":0.0},{"damage_healed":0.0,"max_hp_gain":0.0,"max_hp_loss":0.0,"gold_gain":0.0,"event_name":"Lab","player_choice":"Got Potions","floor":5.0,"gold_loss":0.0,"damage_taken":0.0},{"damage_healed":0,"gold_gain":0,"player_choice":"Upgrade","damage_taken":0,"max_hp_gain":0,"max_hp_loss":0,"event_name":"Designer","floor":21,"gold_loss":40,"cards_upgraded":["Redo"]}],"is_beta":false,"boss_relics":[{"not_picked":["Coffee Dripper","Sozu"],"picked":"Astrolabe"}],"items_purged_floors":[],"is_endless":false,"potions_floor_spawned":[3,12,13,16,19,20],"killed_by":"Gremlin Leader","ascension_level":2}}