{"host":"d44gy1wvr06n5dy0","time":1613717881,"event":{"mods":["BaseMod","Better Altar","Better Match","Better Note","Better Sensory Stone","Better Skull","Better Third Choice","Downfall","GifTheSpireLib","Minty Spire (QoL Compilation)","Relic Stats","StSLib","The Animator","The Construct","The Disciple","The Servant 0.9.4"],"gold_per_floor":[99,99,99,274,274,274,274,304,324,224,254,274,174,193,206,310,310,310,322,332,351,371,371,371,389,389,418,418,418,418,432,452,557,557,557,572,196,250,264,264,264,101,1,0,0,19,36,36,52,52,52,52],"floor_reached":50,"language":"ENG","playtime":4377,"items_purged":["Doubt"],"score":576,"play_id":"91d38c99-4eeb-4a10-b24d-adc5bef0f1ec","local_time":"20210218235801","is_ascension_mode":true,"campfire_choices":[{"floor":1,"key":"RECALL"},{"data":"Slimebound:Split","floor":10,"key":"SMITH"},{"data":"Slimebound:GoopSpray","floor":13,"key":"SMITH"},{"data":"Slimebound:OozeBath","floor":18,"key":"SMITH"},{"data":"Slimebound:Prepare","floor":23,"key":"SMITH"},{"data":"Slimebound:RainOfGoop","floor":26,"key":"SMITH"},{"data":"Slimebound:Darklings","floor":30,"key":"SMITH"},{"data":"Slimebound:SplitSpecialist","floor":35,"key":"SMITH"},{"floor":40,"key":"REST"},{"data":"Slimebound:LeadByExample","floor":43,"key":"SMITH"}],"circlet_count":0,"master_deck":["Slimebound:Strike_Slimebound","Slimebound:Strike_Slimebound+1","Slimebound:Strike_Slimebound","Slimebound:Tackle","Slimebound:Defend_Slimebound","Slimebound:Defend_Slimebound","Slimebound:Defend_Slimebound+1","Slimebound:Defend_Slimebound+1","Slimebound:Split+1","Slimebound:CorrosiveSpit","Slimebound:RainOfGoop+1","Slimebound:SplitMire","Slimebound:GoopSpray+1","Slimebound:SplitMire","Slimebound:LivingWall","Slimebound:Repurpose","Slimebound:RollThrough","Slimebound:SplitSpecialist+1","Slimebound:OozeBath+1","Slimebound:Prepare+1","Slimebound:SlimeSpikes","Slimebound:Schlurp+1","Slimebound:GoopTackle+1","Slimebound:SplitMire","Slimebound:SplitLeeching","RitualDagger","Slimebound:Darklings+1","Slimebound:MegaLick","Slimebound:Overexert","Slimebound:Grow","Slimebound:LeadByExample+1","Slimebound:SlimeSpikes+1","Slimebound:MegaLick+1","Slimebound:MassRepurpose","Slimebound:DivideAndConquer+1","Slimebound:ProtectTheBoss","Slimebound:Split","Slimebound:SplitMire","Parasite","Slimebound:SelfFormingGoo","Slimebound:OozeBath+1"],"relics":["Slimebound:AbsorbEndCombat","downfall:HeartsMalice","Lizard Tail","Akabeko","Ancient Tea Set","downfall:HeartBlessingRed","Dead Branch","downfall:HeartBlessingGreen","Empty Cage","Pantograph","Red Mask","Sozu","StoneCalendar","Incense Burner","downfall:HeartBlessingBlue","Bottled Tornado"],"acts_visited":["Exordium","TheCity","TheBeyond"],"potions_floor_usage":[16,20,22,33,33,33,33,50],"damage_taken":[{"damage":0,"enemies":"Cultist","floor":2,"turns":1},{"damage":0,"enemies":"Jaw Worm","floor":6,"turns":1},{"damage":0,"enemies":"Lagavulin","floor":8,"turns":1},{"damage":2,"enemies":"2 Louse","floor":9,"turns":3},{"damage":17,"enemies":"Gremlin Nob","floor":11,"turns":3},{"damage":10,"enemies":"Blue Slaver","floor":12,"turns":3},{"damage":1,"enemies":"Large Slime","floor":14,"turns":4},{"damage":9,"enemies":"2 Fungi Beasts","floor":15,"turns":2},{"damage":96,"enemies":"WA_ARCHETYPE_RETAIN","floor":16,"turns":13},{"damage":11,"enemies":"Shell Parasite","floor":19,"turns":4},{"damage":0,"enemies":"3 Byrds","floor":20,"turns":5},{"damage":4,"enemies":"Centurion and Healer","floor":21,"turns":6},{"damage":5,"enemies":"Snecko","floor":22,"turns":4},{"damage":0,"enemies":"3 Cultists","floor":25,"turns":4},{"damage":6,"enemies":"Masked Bandits","floor":27,"turns":3},{"damage":0,"enemies":"Shelled Parasite and Fungi","floor":31,"turns":2},{"damage":0,"enemies":"Snake Plant","floor":32,"turns":2},{"damage":65,"enemies":"SI_MIRROR_ARCHETYPE","floor":33,"turns":12},{"damage":0,"enemies":"Orb Walker","floor":36,"turns":2},{"damage":7,"enemies":"downfall:FleeingMerchant","floor":37,"turns":4},{"damage":32,"enemies":"2 Orb Walkers","floor":38,"turns":5},{"damage":0,"enemies":"3 Shapes","floor":39,"turns":5},{"damage":0,"enemies":"downfall:FleeingMerchant","floor":42,"turns":4},{"damage":0,"enemies":"downfall:FleeingMerchant","floor":44,"turns":1},{"damage":8,"enemies":"Writhing Mass","floor":46,"turns":5},{"damage":0,"enemies":"4 Shapes","floor":47,"turns":4},{"damage":20,"enemies":"Spire Growth","floor":49,"turns":4},{"damage":95,"enemies":"DF_ARCHETYPE_ORBS","floor":50,"turns":8}],"seed_played":"1562949977810059696","potions_obtained":[{"floor":11,"key":"FairyPotion"},{"floor":12,"key":"Weak Potion"},{"floor":14,"key":"SneckoOil"},{"floor":16,"key":"Block Potion"},{"floor":21,"key":"EntropicBrew"},{"floor":22,"key":"Guardian:BlockOnCardUsePotion"},{"floor":27,"key":"PowerPotion"},{"floor":33,"key":"Regen Potion"}],"is_trial":false,"path_per_floor":["R","M","?","?","?","M","T","E","M","R","E","M","R","M","M","B",null,"R","M","M","M","M","R","T","M","R","?","?","?","R","M","M","B",null,"R","M","$","?","M","R","T","$","R","$","?","M","M","?","M","B"],"character_chosen":"SLIMEBOUND","items_purchased":["StoneCalendar","Slimebound:MassRepurpose","Bottled Tornado","Slimebound:ProtectTheBoss"],"campfire_rested":1,"item_purchase_floors":[37,42,44,44],"current_hp_per_floor":[65,65,65,65,65,65,65,65,65,65,52,44,44,47,42,29,65,65,58,65,65,64,64,64,65,65,61,55,55,55,63,65,8,65,65,65,62,38,42,61,61,65,75,75,75,71,75,75,57,0,0,0],"gold":52,"neow_bonus":"THREE_ENEMY_KILL","is_daily":false,"chose_seed":false,"campfire_upgraded":8,"win_rate":0.0,"timestamp":1613717881,"path_taken":["R","M","?","?","?","M","T","E","M","R","E","M","R","M","M","BOSS","R","M","M","M","M","R","T","M","R","?","?","?","R","M","M","BOSS","R","M","$","?","M","R","T","$","R","$","?","?","M","?","M","BOSS"],"items_purchased_type":["Relic","Card","Relic","Card"],"build_version":"2020-12-22","purchased_purges":1,"victory":false,"max_hp_per_floor":[65,65,65,65,65,65,65,65,65,65,65,65,65,65,65,65,65,65,65,65,65,65,65,65,65,65,65,65,65,65,65,65,65,65,65,65,65,65,65,65,65,65,75,75,75,75,75,75,75,75,75,75],"relic_stats":{"Sozu":2,"Lizard Tail":32,"counters":[28,111],"Dead Branch":[176],"Pantograph":18,"StoneCalendar":[52],"obtain_stats":[{"downfall:HeartBlessingRed":10,"Dead Branch":11,"downfall:HeartsMalice":0,"downfall:HeartBlessingGreen":13,"StoneCalendar":37,"Incense Burner":38,"Bottled Tornado":44,"Ancient Tea Set":8,"Empty Cage":17,"Akabeko":7,"Sozu":34,"Lizard Tail":5,"downfall:HeartBlessingBlue":43,"Pantograph":24,"Slimebound:AbsorbEndCombat":0,"Red Mask":27},{"downfall:HeartBlessingRed":4,"Dead Branch":5,"downfall:HeartsMalice":0,"downfall:HeartBlessingGreen":6,"StoneCalendar":20,"Incense Burner":21,"Bottled Tornado":24,"Ancient Tea Set":3,"Empty Cage":9,"Akabeko":2,"Sozu":18,"Lizard Tail":1,"downfall:HeartBlessingBlue":23,"Pantograph":13,"Slimebound:AbsorbEndCombat":0,"Red Mask":15},{"downfall:HeartBlessingRed":3,"Dead Branch":6,"downfall:HeartsMalice":0,"downfall:HeartBlessingGreen":9,"StoneCalendar":76,"Incense Burner":81,"Bottled Tornado":90,"Ancient Tea Set":0,"Empty Cage":28,"Akabeko":0,"Sozu":70,"Lizard Tail":0,"downfall:HeartBlessingBlue":89,"Pantograph":47,"Slimebound:AbsorbEndCombat":0,"Red Mask":54}]},"card_choices":[{"not_picked":["Slimebound:Dissolve","Slimebound:LeechEnergy"],"picked":"Slimebound:RainOfGoop","floor":2},{"not_picked":["Slimebound:Chomp","Slimebound:SpikyOuterGoop"],"picked":"Slimebound:SplitMire","floor":6},{"not_picked":["Slimebound:FormOfPuddle","Slimebound:LeechEnergy"],"picked":"Slimebound:GoopSpray","floor":8},{"not_picked":["Slimebound:RollThrough","Slimebound:FlameTackle"],"picked":"Slimebound:SplitMire","floor":9},{"not_picked":["Slimebound:BestDefense","Slimebound:LeechLife"],"picked":"Slimebound:LivingWall","floor":11},{"not_picked":["Slimebound:Schlurp","Slimebound:FormOfPuddle"],"picked":"Slimebound:Repurpose","floor":12},{"not_picked":["Slimebound:FinishingTackle","Slimebound:SpikyOuterGoop"],"picked":"Slimebound:RollThrough","floor":14},{"not_picked":["Slimebound:SpikyOuterGoop","Slimebound:LevelUp"],"picked":"Slimebound:SplitSpecialist","floor":15},{"not_picked":["Slimebound:DuplicatedForm","Slimebound:WasteNot"],"picked":"Slimebound:OozeBath","floor":16},{"not_picked":["Slimebound:ForwardTackle+1","Slimebound:SlimeBarrage"],"picked":"Slimebound:Prepare","floor":19},{"not_picked":["Slimebound:FinishingTackle","Slimebound:ForwardTackle+1"],"picked":"Slimebound:SlimeSpikes","floor":20},{"not_picked":["Slimebound:LivingWall","Slimebound:GrowthPunch"],"picked":"Slimebound:Schlurp+1","floor":21},{"not_picked":["Slimebound:Prepare+1","Slimebound:ComboTackle"],"picked":"Slimebound:GoopTackle+1","floor":22},{"not_picked":["Slimebound:GoopSpray","Slimebound:Schlurp"],"picked":"Slimebound:SplitMire","floor":25},{"not_picked":["Slimebound:SamplingLick+1","Slimebound:GoopTackle"],"picked":"Slimebound:SplitLeeching","floor":27},{"not_picked":["Slimebound:GrowthPunch+1","Slimebound:ProtectTheBoss"],"picked":"Slimebound:MegaLick","floor":31},{"not_picked":["Slimebound:GoopTackle","Slimebound:DisruptingSlam","Slimebound:PressTheAttack"],"picked":"SKIP","floor":32},{"not_picked":["Slimebound:Teamwork","Slimebound:DouseInSlime"],"picked":"Slimebound:Overexert","floor":33},{"not_picked":["Slimebound:FinishingTackle","Slimebound:ComboTackle","Slimebound:SamplingLick"],"picked":"SKIP","floor":36},{"not_picked":["Slimebound:RainOfGoop","Slimebound:LeechEnergy"],"picked":"Slimebound:Grow","floor":37},{"not_picked":["Slimebound:LeechingTouch","Slimebound:LivingWall"],"picked":"Slimebound:LeadByExample","floor":38},{"not_picked":["Slimebound:ViciousTackle","Slimebound:PressTheAttack+1"],"picked":"Slimebound:SlimeSpikes+1","floor":39},{"not_picked":["Slimebound:ViciousTackle","Slimebound:SamplingLick"],"picked":"Slimebound:MegaLick+1","floor":42},{"not_picked":["Slimebound:AcidTongue","Slimebound:RainOfGoop+1"],"picked":"Slimebound:DivideAndConquer+1","floor":44},{"not_picked":["Slimebound:SplitAcid+1","Slimebound:LeadByExample"],"picked":"Slimebound:SelfFormingGoo","floor":46},{"not_picked":["Slimebound:ItLooksTasty","Slimebound:GoopSpray","Slimebound:FinishingTackle+1"],"picked":"SKIP","floor":47},{"not_picked":["Slimebound:SamplingLick","Slimebound:DivideAndConquer","Slimebound:BestDefense"],"picked":"SKIP","floor":49}],"player_experience":394217,"relics_obtained":[{"floor":7,"key":"Akabeko"},{"floor":8,"key":"Ancient Tea Set"},{"floor":11,"key":"Dead Branch"},{"floor":24,"key":"Pantograph"},{"floor":27,"key":"Red Mask"},{"floor":38,"key":"Incense Burner"}],"event_choices":[{"damage_healed":0,"gold_gain":0,"player_choice":"Box","damage_taken":0,"relics_obtained":["Lizard Tail"],"max_hp_gain":0,"max_hp_loss":0,"event_name":"Big Fish","floor":5,"gold_loss":0,"cards_obtained":["Regret"]},{"damage_healed":0,"gold_gain":0,"player_choice":"Fought Bandits","damage_taken":0,"max_hp_gain":0,"max_hp_loss":0,"event_name":"Masked Bandits","floor":27,"gold_loss":0},{"damage_healed":0,"gold_gain":0,"player_choice":"Read","damage_taken":0,"max_hp_gain":0,"max_hp_loss":0,"event_name":"The Library","floor":29,"gold_loss":0,"cards_obtained":["Slimebound:Darklings"]},{"damage_healed":0,"gold_gain":0,"player_choice":"Fight","damage_taken":0,"max_hp_gain":0,"max_hp_loss":0,"event_name":"Mysterious Sphere","floor":38,"gold_loss":0}],"is_beta":false,"boss_relics":[{"not_picked":["Busted Crown","Astrolabe"],"picked":"Empty Cage"},{"not_picked":["Calling Bell","Runic Pyramid"],"picked":"Sozu"}],"items_purged_floors":[37],"is_endless":false,"potions_floor_spawned":[11,12,14,15,16,21,22,27,31,33,36,38,46,49],"killed_by":"DF_ARCHETYPE_ORBS","ascension_level":1}}