{"host":"27wa8ufp4ryspt1p","time":1613720366,"event":{"mods":["2.2 Compatiblity","A Penny For Your Troubles","Abigail Mod","Act Like it!","Aspiration","BaseMod","Better Altar","Better Match","Better Note","Better Skull","Better Third Choice","Colored Map","Conspire","Curses Come First","Dota2Spire","Downfall-Rebalance","Elementarium","Energized Spire","Fox Events","Friendly Minions","Gensokyo","GifTheSpireLib","Gold Saver","Halation","Hallownest","HololiveMod","Hubris","Humility","Infinite Spire","Keyboard Shortcuts","Menagerie","Mimic Mod","Minty Spire (QoL Compilation)","Pale of the Ancients","Poor People Problems","Quarter Circle Forward PUNCH!","Reimu??????","Relic Filter Mod","Relic Sorter","Relic Stats","Reliquary","Replay The Spire","Reworked Bosses","Shop Mod","Spicy Shops","Spikes Relics","Spire Arcade","StSLib","Stuff the Spire","SuperFastMode","The Cursed","The Exalted","The Judge","The Necromancer","Trackpad","Waifu the Spire","Wandering Minibosses","[IsaacMod]????","??????REMEMod","????"],"gold_per_floor":[210,227,227,247,247,283,283,316,354,183,183,233,233,191,32,237,187,264,264,271,346,346,489,1205,1250,1250],"floor_reached":25,"language":"SPA","playtime":1109,"items_purged":["Hololive_Strike"],"score":595,"play_id":"25b1f869-7984-42e4-a673-37743f0f9123","local_time":"20210219013926","daily_mods":["SealedDeck","Colorless Cards","Heirloom","Elite Swarm","Lethality"],"is_ascension_mode":true,"campfire_choices":[{"data":"Hololive_DurableLive","floor":7,"key":"SMITH"},{"floor":11,"key":"RECALL"},{"data":"Hololive_DDD","floor":13,"key":"SMITH"}],"circlet_count":0,"master_deck":["AscendersBane","REME_ProfessionalPlagiarism","Hololive_CallShiroganeNoel","Hololive_Breathe","Hololive_Rebound","StuffTheSpire:FreeRealEstate","Hololive_Yoholoon","Hololive_CallInugamiKorone+1","Hololive_FlyingPonyTail","Hololive_CallUsadaPekora+1","Violence","Delirium","Hololive_DurableLive+1","Hololive_DDD+1","expansioncontent:DefensiveStance","Hololive_HuntDinosaur+1","HandOfGreed","Hololive_AWSL","expansioncontent:GuardianWhirl","Hololive_Rebound","infinitespire:NeuralNetwork","Hololive_RevenueBasedLive+1"],"relics":["Hololive_TheStar","HushsDoor","REME_ComplimentaryCards","EdensBlessing","SalivaCoin","StuffTheSpire:Saxophone","conspire:DecoderRing","aspiration:HatOfInfinitePower","MerchantsRug","Replay:Bandana","energizedSpire:HugeHouse","Coffee Dripper","hubris:Teleporter","Dota2Spire:UrnOfShadows","qcfpunch:Lotus_Statue"],"acts_visited":["Menagerie:Menagerie","Elementarium:Elementarium"],"potions_floor_usage":[],"damage_taken":[{"damage":0,"enemies":"Menagerie:MonstrousExperiment","floor":2,"turns":2},{"damage":0,"enemies":"Menagerie:2_RABBITS","floor":4,"turns":2},{"damage":0,"enemies":"Menagerie:MaskedSummoner","floor":6,"turns":5},{"damage":0,"enemies":"Menagerie:VoidReaper","floor":8,"turns":3},{"damage":0,"enemies":"Menagerie:StygianBoar","floor":9,"turns":5},{"damage":2,"enemies":"Menagerie:MaskedSummoner","floor":12,"turns":4},{"damage":14,"enemies":"Menagerie:Chimera","floor":16,"turns":6},{"damage":0,"enemies":"Elementarium:2_ELEMENTALS","floor":18,"turns":3},{"damage":6,"enemies":"Elementarium:MUD_AND_TAR_GOLEMS","floor":21,"turns":3},{"damage":0,"enemies":"Nightmare","floor":23,"turns":5},{"damage":8,"enemies":"Elementarium:CYCLONE_AND_LIVING_STORMCLOUD","floor":24,"turns":9},{"damage":19,"enemies":"Elementarium:ElementalPortal","floor":25,"turns":1}],"seed_played":"-8973905228189981079","potions_obtained":[{"floor":2,"key":"ZuzhouPotion:ReiMu"},{"floor":8,"key":"Energy Potion"},{"floor":16,"key":"EssenceOfSteel"},{"floor":24,"key":"SteroidPotion"}],"is_trial":true,"path_per_floor":["?","M","?","M","$","E","R","E","MIM","$","R","E","R","$","R_BF","B",null,"M","AVR","?","M","?","NM","M","E"],"character_chosen":"Hololive_HololiveCharacter","items_purchased":["StuffTheSpire:Saxophone","reliquary:Buckler","MerchantsRug","Hololive_HuntDinosaur+1","Lee\u0027s Waffle","Replay:Bandana"],"campfire_rested":0,"item_purchase_floors":[5,5,10,10,14,15],"current_hp_per_floor":[27,27,27,27,7,7,7,7,7,7,7,5,5,37,37,23,30,31,31,16,11,11,12,11,0,0],"gold":1250,"neow_bonus":"","is_daily":false,"chose_seed":false,"campfire_upgraded":2,"win_rate":0.0,"timestamp":1613720366,"path_taken":["?","?","?","M","?","E","R","E","MIM","$","R","E","R","$","R_BF","BOSS","M","AVR","?","M","?","NM","M","E"],"items_purchased_type":["Relic","Relic","Relic","Card","Relic","Relic"],"build_version":"2020-12-22","purchased_purges":1,"victory":false,"max_hp_per_floor":[30,30,30,30,30,30,30,30,30,30,30,30,30,37,37,37,32,33,33,33,34,34,35,36,37,37],"relic_stats":{"counters":[12,48],"obtain_stats":[{"KeepersGift":0,"MerchantsRug":10,"Lee\u0027s Waffle":14,"hubris:Teleporter":19,"Dota2Spire:UrnOfShadows":20,"StuffTheSpire:Saxophone":5,"conspire:GlowingRock":12,"Replay:Bandana":15,"qcfpunch:Lotus_Statue":23,"conspire:DecoderRing":6,"Hololive_TheStar":0,"reliquary:Buckler":5,"SalivaCoin":0,"energizedSpire:HugeHouse":17,"Coffee Dripper":19,"EdensBlessing":0,"HushsDoor":0,"aspiration:HatOfInfinitePower":8,"REME_ComplimentaryCards":0},{"KeepersGift":0,"MerchantsRug":5,"Lee\u0027s Waffle":6,"hubris:Teleporter":8,"Dota2Spire:UrnOfShadows":8,"StuffTheSpire:Saxophone":2,"conspire:GlowingRock":6,"Replay:Bandana":6,"qcfpunch:Lotus_Statue":10,"conspire:DecoderRing":3,"Hololive_TheStar":0,"reliquary:Buckler":2,"SalivaCoin":0,"energizedSpire:HugeHouse":7,"Coffee Dripper":8,"EdensBlessing":0,"HushsDoor":0,"aspiration:HatOfInfinitePower":4,"REME_ComplimentaryCards":0},{"KeepersGift":0,"MerchantsRug":17,"Lee\u0027s Waffle":21,"hubris:Teleporter":30,"Dota2Spire:UrnOfShadows":30,"StuffTheSpire:Saxophone":4,"conspire:GlowingRock":21,"Replay:Bandana":21,"qcfpunch:Lotus_Statue":38,"conspire:DecoderRing":9,"Hololive_TheStar":0,"reliquary:Buckler":4,"SalivaCoin":0,"energizedSpire:HugeHouse":27,"Coffee Dripper":30,"EdensBlessing":0,"HushsDoor":0,"aspiration:HatOfInfinitePower":12,"REME_ComplimentaryCards":0}]},"card_choices":[{"not_picked":["PlatinumSkin","Hololive_Drill","Assess","Hololive_CocoNews"],"picked":"SKIP","floor":2},{"not_picked":["Hololive_HuntDinosaur","expansioncontent:ChargeUp","Hololive_FlyingPonyTail","Hololive_Psychosis"],"picked":"SKIP","floor":4},{"not_picked":["Hololive_HighAtkLowDef","expansioncontent:StudyTheSpire","Feint"],"picked":"Hololive_DurableLive","floor":6},{"not_picked":["Hololive_Recruit","REME_AllRoundStrike","Midas Touch"],"picked":"Hololive_DDD","floor":8},{"not_picked":["Hololive_Sequa","Hololive_OvertimeWork","Jack Of All Trades"],"picked":"expansioncontent:DefensiveStance","floor":9},{"not_picked":["Violence","ReplayTheSpireMod:Brewmster","Hololive_WolfAndLamb"],"picked":"HandOfGreed","floor":12},{"not_picked":["Hololive_FlareMind","SuicideKing","Apotheosis"],"picked":"Hololive_AWSL","floor":16},{"not_picked":["Hololive_SummonFox","Hololive_OvertimeWork+1","Replay:Sssssssssshield"],"picked":"Hololive_Rebound","floor":18},{"not_picked":["REME_TwoStrings","Hololive_Trident","Hololive_OvertimeWork","Hololive_CallYukihanaLamy"],"picked":"SKIP","floor":21},{"not_picked":["SuicideKing","Hololive_AWSL","Mayhem"],"picked":"ChaosCard","floor":23},{"not_picked":["Mind Blast","expansioncontent:DecasProtection","Degenerate"],"picked":"Hololive_RevenueBasedLive+1","floor":24}],"player_experience":4040287,"relics_obtained":[{"floor":6,"key":"conspire:DecoderRing"},{"floor":8,"key":"aspiration:HatOfInfinitePower"},{"floor":12,"key":"conspire:GlowingRock"},{"floor":23,"key":"qcfpunch:Lotus_Statue"}],"event_choices":[{"damage_healed":0,"gold_gain":0,"player_choice":"Blood","damage_taken":15,"relics_obtained":["Dota2Spire:UrnOfShadows"],"max_hp_gain":0,"max_hp_loss":0,"event_name":"Elementarium:ShatteredPortal","floor":20,"gold_loss":0}],"is_beta":false,"boss_relics":[{"not_picked":["Painkiller Herb","halation:IncompleteEncyclopedia"],"picked":"energizedSpire:HugeHouse"},{"not_picked":[]}],"items_purged_floors":[19],"is_endless":false,"potions_floor_spawned":[2,8,16,24],"killed_by":"Elementarium:ElementalPortal","ascension_level":20,"is_humility":true}}