{"host":"z1zal7c5ufd23ok6","time":1613772675,"event":{"mods":["Aspiration","Bard","BaseMod","Best Route Mod","Conspire","Downfall","Energized Spire","Halation","Hubris","Infinite Spire","Ironclad Rager","Lobotomy","Minty Spire (QoL Compilation)","READ ME - Guardian Mod","Replay The Spire","Shop Mod","Spikes Relics","StSLib","The Animator","The Bug Knight","The Clintock","The Cursed","The Disciple","The Exalted","The Forsaken","The Hierophant","The Judge","The Jungle","The Kombatant","The Problem Sleuth","Trackpad","Wandering Minibosses"],"gold_per_floor":[109,109,126,138,155,190,190,207,207,63,63,98,98,112,112,112,112],"floor_reached":16,"language":"ENG","playtime":601,"items_purged":[],"score":140,"play_id":"62e38e1f-9c2d-43b3-bf5e-94ab9ed043e5","local_time":"20210219171115","is_ascension_mode":true,"campfire_choices":[{"floor":7,"key":"REST"},{"floor":11,"key":"REST"},{"floor":15,"key":"REST"}],"circlet_count":0,"master_deck":["Strike_R","Strike_R","Strike_R","Strike_R","Strike_R","Defend_R","Defend_R","Defend_R","Defend_R","Bash","Impervious","Battle Trance","Body Slam","Juggernaut","Headbutt","Feel No Pain","Clothesline"],"relics":["Burning Blood","Smiling Mask","Pear","infinitespire:Beetle Shell","halation:BottledLove","aspiration:ChemicalBlood"],"acts_visited":["Exordium"],"potions_floor_usage":[12],"damage_taken":[{"damage":7.0,"enemies":"Small Slimes","floor":1.0,"turns":4.0},{"damage":9,"enemies":"Cultist","floor":3,"turns":5},{"damage":14,"enemies":"Jaw Worm","floor":4,"turns":6},{"damage":40,"enemies":"Exordium Thugs","floor":5,"turns":7},{"damage":32,"enemies":"Lagavulin","floor":6,"turns":9},{"damage":17,"enemies":"Looter","floor":8,"turns":3},{"damage":50,"enemies":"3 Sentries","floor":12,"turns":11},{"damage":0,"enemies":"2 Fungi Beasts","floor":14,"turns":5},{"damage":48,"enemies":"Slime Boss","floor":16,"turns":7}],"seed_played":"2093411284110128728","potions_obtained":[{"floor":3,"key":"ColorlessPotion"},{"floor":5,"key":"Dexterity Potion"},{"floor":8,"key":"SteroidPotion"}],"is_trial":false,"path_per_floor":["M","?","M","M","M","E","R","M","T","$","R","E","T","M","R","B"],"character_chosen":"IRONCLAD","items_purchased":["infinitespire:Beetle Shell"],"campfire_rested":3,"item_purchase_floors":[10],"current_hp_per_floor":[79,79,76,68,34,8,32,21,31,31,58,14,14,20,47,0,0],"gold":112,"neow_bonus":"ONE_RANDOM_RARE_CARD","is_daily":false,"chose_seed":false,"campfire_upgraded":0,"win_rate":0.0,"timestamp":1613772675,"path_taken":["M","?","M","?","M","E","R","M","T","?","R","E","?","M","R","BOSS"],"items_purchased_type":["Relic"],"build_version":"2020-12-22","purchased_purges":0,"victory":false,"max_hp_per_floor":[80,80,80,80,80,80,80,80,90,90,90,90,90,90,90,90,90],"card_choices":[{"not_picked":["Fire Breathing","Thunderclap","Replay:Undeath\u0027s Touch"],"picked":"SKIP","floor":1.0},{"not_picked":["Thunderclap","Anger"],"picked":"Battle Trance","floor":3},{"not_picked":["Combust","Absolvement","conspire:Charge"],"picked":"SKIP","floor":4},{"not_picked":["True Grit","Inflame"],"picked":"Body Slam","floor":5},{"not_picked":["Carnage","Twin Strike"],"picked":"Juggernaut","floor":6},{"not_picked":["Heavy Blade","Thunderclap"],"picked":"Headbutt","floor":8},{"not_picked":["Cleave","conspire:Charge"],"picked":"Feel No Pain","floor":12},{"not_picked":["Iron Wave","Replay:Undeath\u0027s Touch"],"picked":"Clothesline","floor":14}],"player_experience":286217,"relics_obtained":[{"floor":6,"key":"Smiling Mask"},{"floor":9,"key":"Pear"},{"floor":12,"key":"halation:BottledLove"},{"floor":13,"key":"aspiration:ChemicalBlood"}],"event_choices":[{"damage_healed":0,"gold_gain":0,"player_choice":"Leave","damage_taken":0,"max_hp_gain":0,"max_hp_loss":0,"event_name":"FaceTrader","floor":2,"gold_loss":0}],"is_beta":false,"boss_relics":[],"items_purged_floors":[],"is_endless":true,"potions_floor_spawned":[3,5,8],"killed_by":"Slime Boss","ascension_level":5}}