{"host":"79kl9rvhjzhuunbo","time":1613745920,"event":{"mods":["AchievementEnabler","BaseMod","Colored Powertips","Defuse TimeMaze Blight","Friendly Minions","Highlight Path","Minty Spire (QoL Compilation)","Permanent Neow","Quick Restart","Random Character Button","Relic Sorter","StSLib","SuperFastMode","Synergy Search","Unceasing Turn Reminder"],"gold_per_floor":[109,109,109,122,137,137,137,171,198,198,259,259,259,284,284,404,404,418,418,418,246,262,262,289,289,289,12,41,58,58,111,111,214,214,229,229,249,124,124,124,137,137,164,196,196,212,244,262,262,262,262,262,3,32,32],"floor_reached":56,"language":"ENG","playtime":3140,"items_purged":["Melter+1","Defend_B","Creative AI"],"score":1493,"play_id":"5f062ac9-311e-47f7-84f6-17bde4d5b982","local_time":"20210219154520","is_ascension_mode":true,"campfire_choices":[{"data":"Defragment","floor":6.0,"key":"SMITH"},{"floor":10.0,"key":"REST"},{"floor":15.0,"key":"REST"},{"data":"Coolheaded","floor":23.0,"key":"SMITH"},{"data":"Coolheaded","floor":25.0,"key":"SMITH"},{"floor":32.0,"key":"REST"},{"floor":40.0,"key":"RECALL"},{"data":"Capacitor","floor":45.0,"key":"SMITH"},{"data":"Coolheaded","floor":49.0,"key":"SMITH"},{"data":"Machine Learning","floor":52.0,"key":"SMITH"}],"circlet_count":0,"master_deck":["Dualcast+1","Capacitor+1","Defragment+1","Coolheaded+1","Gash+1","Conserve Battery+1","Machine Learning+1","Gash+1","Coolheaded+1","Coolheaded+1","Gash","Chill","Self Repair","Machine Learning+1"],"relics":["Cracked Core","Bloody Idol","Tiny Chest","PreservedInsect","War Paint","Astrolabe","Ornamental Fan","Juzu Bracelet","Omamori","Medical Kit","Red Mask","Mercury Hourglass","DataDisk","Cursed Key","Whetstone","Singing Bowl","Kunai","Sundial","Cables"],"acts_visited":["Exordium","TheCity","TheBeyond","TheEnding"],"potions_floor_usage":[55,55,55,55,55,55],"damage_taken":[{"damage":0.0,"enemies":"2 Louse","floor":1.0,"turns":3.0},{"damage":5.0,"enemies":"Cultist","floor":4.0,"turns":5.0},{"damage":4.0,"enemies":"Jaw Worm","floor":5.0,"turns":5.0},{"damage":35.0,"enemies":"3 Sentries","floor":8.0,"turns":10.0},{"damage":18.0,"enemies":"Gremlin Nob","floor":11.0,"turns":3.0},{"damage":3.0,"enemies":"Looter","floor":14.0,"turns":3.0},{"damage":26.0,"enemies":"Slime Boss","floor":16.0,"turns":17.0},{"damage":0.0,"enemies":"Spheric Guardian","floor":18.0,"turns":3.0},{"damage":10.0,"enemies":"Chosen","floor":22.0,"turns":6.0},{"damage":26.0,"enemies":"Slavers","floor":24.0,"turns":10.0},{"damage":41.0,"enemies":"Masked Bandits","floor":28.0,"turns":5.0},{"damage":3.0,"enemies":"Snake Plant","floor":29.0,"turns":5.0},{"damage":0.0,"enemies":"Collector","floor":33.0,"turns":12.0},{"damage":0.0,"enemies":"3 Shapes","floor":35.0,"turns":5.0},{"damage":6.0,"enemies":"Orb Walker","floor":37.0,"turns":4.0},{"damage":4.0,"enemies":"Writhing Mass","floor":41.0,"turns":4.0},{"damage":0.0,"enemies":"Nemesis","floor":44.0,"turns":3.0},{"damage":0.0,"enemies":"Maw","floor":46.0,"turns":4.0},{"damage":2.0,"enemies":"Reptomancer","floor":47.0,"turns":5.0},{"damage":9.0,"enemies":"Transient","floor":48.0,"turns":5.0},{"damage":15.0,"enemies":"Donu and Deca","floor":50.0,"turns":5.0},{"damage":19.0,"enemies":"Shield and Spear","floor":54.0,"turns":4.0},{"damage":34,"enemies":"The Heart","floor":55,"turns":6}],"seed_played":"3216238066590644071","potions_obtained":[{"floor":1.0,"key":"SkillPotion"},{"floor":5.0,"key":"Strength Potion"},{"floor":14.0,"key":"GamblersBrew"},{"floor":22.0,"key":"FocusPotion"},{"floor":29.0,"key":"SkillPotion"},{"floor":33.0,"key":"SkillPotion"},{"floor":37.0,"key":"DuplicationPotion"},{"floor":46.0,"key":"EntropicBrew"},{"floor":47.0,"key":"FocusPotion"}],"is_trial":false,"path_per_floor":["M","?","?","M","M","R","?","E","T","R","?","?","?","M","R","B",null,"M","T","?","$","M","R","E","R","T","$","?","M","?","T","R","B",null,"M","?","M","$","?","R","M","T","T","E","R","M","E","M","R","B",null,"R","$","E","B",null],"character_chosen":"DEFECT","items_purchased":["Fruit Juice","Medical Kit","Gash","Sundial"],"campfire_rested":3,"item_purchase_floors":[21,27,27,53],"current_hp_per_floor":[68,68,68,63,59,59,42,7,7,27,9,14,14,11,32,6,73,73,73,73,78,73,73,52,52,52,52,16,18,18,23,46,58,78,78,78,78,78,78,78,78,78,78,80,80,82,84,86,86,78,86,86,86,81,54],"gold":32,"neow_bonus":"REMOVE_TWO","is_daily":false,"chose_seed":false,"campfire_upgraded":6,"win_rate":0.0,"timestamp":1613745920,"path_taken":["M","?","?","?","M","R","?","E","T","R","?","?","?","M","R","BOSS","M","?","?","$","M","R","E","R","T","$","?","M","?","?","R","BOSS","M","?","M","$","?","R","M","?","T","E","R","M","E","M","R","BOSS","R","$","E","BOSS"],"items_purchased_type":["Potion","Relic","Card","Relic"],"build_version":"2020-12-22","purchased_purges":3,"victory":true,"max_hp_per_floor":[68,68,68,68,68,68,68,68,68,68,68,73,73,73,73,73,73,73,73,73,78,78,78,78,78,78,78,78,78,78,78,78,78,78,78,78,78,78,78,78,78,78,78,80,80,82,84,86,86,86,86,86,86,88,88],"card_choices":[{"not_picked":["Undo","Reinforced Body"],"picked":"Capacitor","floor":1.0},{"not_picked":["Steam","Beam Cell","Scrape"],"picked":"SKIP","floor":4.0},{"not_picked":["Coolheaded","Genetic Algorithm"],"picked":"Defragment","floor":5.0},{"not_picked":["Ball Lightning","Stack","Static Discharge"],"picked":"SKIP","floor":8.0},{"not_picked":["Loop","Turbo"],"picked":"Coolheaded","floor":11.0},{"not_picked":["Sweeping Beam","Force Field"],"picked":"Gash","floor":14.0},{"not_picked":["Echo Form","Electrodynamics"],"picked":"Creative AI","floor":16.0},{"not_picked":["Streamline","Stack"],"picked":"Gash","floor":18.0},{"not_picked":["Cold Snap","Beam Cell"],"picked":"Coolheaded","floor":22.0},{"not_picked":["Skim","Lockon+1"],"picked":"Coolheaded","floor":24.0},{"not_picked":["Go for the Eyes","Conserve Battery"],"picked":"Chill","floor":28.0},{"not_picked":["Loop+1","Beam Cell"],"picked":"Self Repair","floor":29.0},{"not_picked":["Biased Cognition","Echo Form"],"picked":"Machine Learning","floor":33.0},{"not_picked":["Compile Driver+1","Hologram","Stack"],"picked":"SKIP","floor":35.0},{"not_picked":["Barrage+1","Cold Snap","Consume+1"],"picked":"SKIP","floor":37.0},{"not_picked":["Streamline","Echo Form","Coolheaded"],"picked":"SKIP","floor":41.0},{"not_picked":["Rebound+1","Barrage+1","Stack+1"],"picked":"Singing Bowl","floor":44.0},{"not_picked":["Coolheaded+1","Conserve Battery","Sunder"],"picked":"Singing Bowl","floor":46.0},{"not_picked":["Conserve Battery","Beam Cell+1","Streamline"],"picked":"Singing Bowl","floor":47.0},{"not_picked":["Doom and Gloom+1","Beam Cell+1","Stack+1"],"picked":"Singing Bowl","floor":48.0},{"not_picked":["Go for the Eyes+1","Heatsinks+1","Lockon+1"],"picked":"Singing Bowl","floor":54.0}],"player_experience":300224,"relics_obtained":[{"floor":8.0,"key":"Tiny Chest"},{"floor":9.0,"key":"PreservedInsect"},{"floor":11.0,"key":"War Paint"},{"floor":19.0,"key":"Ornamental Fan"},{"floor":24.0,"key":"Juzu Bracelet"},{"floor":26.0,"key":"Omamori"},{"floor":28.0,"key":"Red Mask"},{"floor":31.0,"key":"DataDisk"},{"floor":43.0,"key":"Whetstone"},{"floor":44.0,"key":"Singing Bowl"},{"floor":47.0,"key":"Kunai"},{"floor":54.0,"key":"Cables"}],"event_choices":[{"cards_removed":["Strike_B"],"damage_healed":0.0,"max_hp_gain":0.0,"max_hp_loss":0.0,"gold_gain":0.0,"event_name":"Living Wall","player_choice":"Forget","floor":2.0,"gold_loss":0.0,"damage_taken":0.0},{"cards_removed":["Strike_B"],"damage_healed":0.0,"max_hp_gain":0.0,"max_hp_loss":0.0,"gold_gain":0.0,"event_name":"Bonfire Elementals","player_choice":"Offered Basic","floor":3.0,"gold_loss":0.0,"damage_taken":0.0},{"damage_healed":0.0,"max_hp_gain":0.0,"max_hp_loss":0.0,"gold_gain":0.0,"event_name":"Golden Idol","player_choice":"Take Damage","floor":7.0,"gold_loss":0.0,"damage_taken":17.0,"relics_obtained":["Golden Idol"]},{"damage_healed":0.0,"max_hp_gain":0.0,"max_hp_loss":0.0,"gold_gain":30.0,"event_name":"Dead Adventurer","player_choice":"Searched \u00272\u0027 times","floor":11.0,"gold_loss":0.0,"damage_taken":0.0},{"damage_healed":0.0,"max_hp_gain":5.0,"max_hp_loss":0.0,"gold_gain":0.0,"event_name":"Big Fish","player_choice":"Donut","floor":12.0,"gold_loss":0.0,"damage_taken":0.0},{"damage_healed":0.0,"max_hp_gain":0.0,"max_hp_loss":0.0,"gold_gain":0.0,"event_name":"Shining Light","player_choice":"Ignored","floor":13.0,"gold_loss":0.0,"damage_taken":0.0},{"damage_healed":0.0,"max_hp_gain":0.0,"max_hp_loss":0.0,"gold_gain":0.0,"event_name":"Forgotten Altar","player_choice":"Gave Idol","floor":20.0,"relics_lost":["Golden Idol"],"gold_loss":0.0,"damage_taken":0.0,"relics_obtained":["Bloody Idol"]},{"damage_healed":0.0,"max_hp_gain":0.0,"max_hp_loss":0.0,"gold_gain":0.0,"event_name":"Masked Bandits","player_choice":"Fought Bandits","floor":28.0,"gold_loss":0.0,"damage_taken":0.0},{"damage_healed":0.0,"max_hp_gain":0.0,"max_hp_loss":0.0,"gold_gain":0.0,"event_name":"The Mausoleum","player_choice":"Opened","floor":30.0,"gold_loss":0.0,"damage_taken":0.0,"relics_obtained":["Mercury Hourglass"]},{"damage_healed":0.0,"max_hp_gain":0.0,"max_hp_loss":0.0,"gold_gain":0.0,"event_name":"Match and Keep!","player_choice":"0 cards matched","floor":36.0,"gold_loss":0.0,"damage_taken":0.0,"cards_obtained":[]},{"cards_removed":["Defend_B"],"damage_healed":0.0,"max_hp_gain":0.0,"max_hp_loss":0.0,"gold_gain":0.0,"event_name":"Purifier","player_choice":"Purged","floor":39.0,"gold_loss":0.0,"damage_taken":0.0}],"is_beta":false,"boss_relics":[{"not_picked":["Pandora\u0027s Box","Calling Bell"],"picked":"Astrolabe"},{"not_picked":["Velvet Choker","Sozu"],"picked":"Cursed Key"}],"items_purged_floors":[21,27,38],"is_endless":false,"potions_floor_spawned":[1,5,14,22,29,33,37,46,47],"ascension_level":4}}