{"host":"q6gu1aul14zxqpxq","time":1613734373,"event":{"mods":["AchievementEnabler","BaseMod","Colored Map","Colored Powertips","Googly Eyes","Highlight Path","Minty Spire (QoL Compilation)","Rare Cards Sparkle","StSLib","everything is the same but u backflip on backflip"],"gold_per_floor":[18,28,303,318,333,333,333],"floor_reached":6,"language":"ENG","playtime":227,"items_purged":[],"score":49,"play_id":"8ded2dcf-652d-422d-ba9d-c1ff03e1a365","local_time":"20210219123253","is_ascension_mode":true,"campfire_choices":[],"circlet_count":0,"master_deck":["Strike_G","Strike_G","Strike_G","Strike_G","Strike_G","Defend_G","Defend_G","Defend_G","Defend_G","Defend_G","Survivor","Neutralize","Dagger Spray","Dagger Throw","Regret","Well Laid Plans"],"relics":["Ring of the Snake"],"acts_visited":[],"potions_floor_usage":[6],"damage_taken":[{"damage":3.0,"enemies":"2 Louse","floor":1.0,"turns":4.0},{"damage":0,"enemies":"Cultist","floor":2,"turns":3},{"damage":6,"enemies":"Small Slimes","floor":4,"turns":4},{"damage":40,"enemies":"Gremlin Gang","floor":5,"turns":5},{"damage":28,"enemies":"Gremlin Nob","floor":6,"turns":3}],"seed_played":"-722646464128689856","potions_obtained":[{"floor":2,"key":"Regen Potion"},{"floor":4,"key":"SteroidPotion"}],"is_trial":false,"path_per_floor":["M","M","?","M","M","E"],"character_chosen":"THE_SILENT","items_purchased":[],"campfire_rested":0,"item_purchase_floors":[],"current_hp_per_floor":[60,60,60,54,14,0,0],"gold":333,"neow_bonus":"THREE_RARE_CARDS","is_daily":false,"chose_seed":false,"campfire_upgraded":0,"win_rate":0.0,"timestamp":1613734373,"path_taken":["M","M","?","M","M","E"],"items_purchased_type":[],"build_version":"2020-12-22","purchased_purges":0,"victory":false,"max_hp_per_floor":[70,70,70,70,70,70,70],"card_choices":[{"not_picked":["Wraith Form v2","Unload"],"picked":"Envenom","floor":0.0},{"not_picked":["Flying Knee","Acrobatics"],"picked":"Dagger Spray","floor":1},{"not_picked":["Phantasmal Killer","Deadly Poison"],"picked":"Dagger Throw","floor":2},{"not_picked":["Quick Slash","Deflect"],"picked":"Well Laid Plans","floor":4},{"not_picked":["Expertise","Bouncing Flask","Acrobatics"],"picked":"SKIP","floor":5}],"player_experience":374755,"relics_obtained":[],"event_choices":[{"damage_healed":0,"gold_gain":275,"player_choice":"Desecrate","damage_taken":0,"max_hp_gain":0,"max_hp_loss":0,"event_name":"Golden Shrine","floor":3,"gold_loss":0,"cards_obtained":["Regret"]}],"is_beta":false,"boss_relics":[],"items_purged_floors":[],"is_endless":false,"potions_floor_spawned":[2,4],"killed_by":"Gremlin Nob","ascension_level":6}}