{"host":"ie50qk0ts9eskyyo","time":1613751530,"event":{"mods":["BaseMod","BetterRewards","Colored Map","Curses Come First","Downfall","Friendly Minions","Highlight Path","Hubris","Infinite Spire","Minty Spire (QoL Compilation)","Quick Restart","Reliquary","Replay The Spire","Robot Space Explorer","Shop Mod","StSLib","SuperFastMode","The Jungle"],"gold_per_floor":[116,71,71,90,106,106,120,138,138,154,173,173,19,19,19,19,19],"floor_reached":16,"language":"ENG","playtime":761,"items_purged":["RobotSpaceExplorer:Strike"],"score":144,"play_id":"18df6230-53bc-4359-9a3b-f4c73037ea35","local_time":"20210219111850","is_ascension_mode":false,"campfire_choices":[{"data":"hubris:EnhanceAbility","floor":6,"key":"SMITH"},{"data":"RobotSpaceExplorer:Pulsar","floor":12,"key":"SMITH"},{"data":"RobotSpaceExplorer:MiniDrones","floor":15,"key":"SMITH"}],"circlet_count":0,"master_deck":["RobotSpaceExplorer:Strike","RobotSpaceExplorer:Strike","RobotSpaceExplorer:Defend","RobotSpaceExplorer:Defend","RobotSpaceExplorer:Defend","RobotSpaceExplorer:Scan","RobotSpaceExplorer:MiniLasers","hubris:EnhanceAbility+1","RobotSpaceExplorer:Fix","RobotSpaceExplorer:MiniDrones+1","RobotSpaceExplorer:MiniDrones","Iron Wave","RobotSpaceExplorer:MiniDrones","RobotSpaceExplorer:Pulsar+1","RobotSpaceExplorer:ScrapMissile","RobotSpaceExplorer:FreezeRay"],"relics":["RobotSpaceExplorer:RoboCore","MerchantsRug","reliquary:TuningFork","hubris:TenFootPole","downfall:NeowBlessing_Player","hubris:FruitBowl","Mirror"],"acts_visited":["Exordium"],"potions_floor_usage":[],"damage_taken":[{"damage":8,"enemies":"Small Slimes","floor":1,"turns":4},{"damage":8,"enemies":"Cultist","floor":4,"turns":5},{"damage":19,"enemies":"Jaw Worm","floor":5,"turns":4},{"damage":23,"enemies":"Large Slime","floor":7,"turns":8},{"damage":2,"enemies":"2 Fungi Beasts","floor":8,"turns":4},{"damage":6,"enemies":"Gremlin Gang","floor":10,"turns":4},{"damage":15,"enemies":"Exordium Wildlife","floor":11,"turns":6},{"damage":91,"enemies":"Hexaghost","floor":16,"turns":15}],"seed_played":"-4462753707454592833","potions_obtained":[{"floor":4,"key":"hexamod:SoulburnPotion"},{"floor":5,"key":"Fire Potion"},{"floor":8,"key":"LifebloodPotion"},{"floor":11,"key":"Guardian:BlockOnCardUsePotion"}],"is_trial":false,"path_per_floor":["M","$","?","M","M","R","M","M","T","M","M","R","$","?","R","B"],"character_chosen":"RobotSpaceExplorer","items_purchased":["MerchantsRug","reliquary:TuningFork","hubris:TenFootPole","RobotSpaceExplorer:MiniDrones","RobotSpaceExplorer:FreezeRay"],"campfire_rested":0,"item_purchase_floors":[0,0,0,2,13],"current_hp_per_floor":[136,136,136,132,117,117,98,100,100,98,87,87,87,87,87,0,0],"gold":19,"neow_bonus":"","is_daily":false,"chose_seed":false,"campfire_upgraded":3,"win_rate":0.0,"timestamp":1613751530,"path_taken":["M","$","?","M","M","R","M","M","T","M","M","R","?","?","R","BOSS"],"items_purchased_type":["Relic","Relic","Relic","Card","Card"],"build_version":"2020-12-22","purchased_purges":1,"victory":false,"max_hp_per_floor":[175,175,175,175,175,175,175,175,175,175,175,175,175,175,175,175,175],"card_choices":[{"not_picked":["RobotSpaceExplorer:StunGrenade","RobotSpaceExplorer:GlueShot"],"picked":"RobotSpaceExplorer:MiniDrones","floor":1},{"not_picked":["RobotSpaceExplorer:Smokescreen","RobotSpaceExplorer:ShockKick"],"picked":"RobotSpaceExplorer:MiniDrones","floor":4},{"not_picked":["RobotSpaceExplorer:ImprovisedAttack","RobotSpaceExplorer:PowerCollector","RobotSpaceExplorer:ToxicBomb"],"picked":"SKIP","floor":5},{"not_picked":["RobotSpaceExplorer:MetalStrike","RobotSpaceExplorer:SlimeMissile"],"picked":"RobotSpaceExplorer:Pulsar","floor":7},{"not_picked":["RobotSpaceExplorer:SwiftStep","RobotSpaceExplorer:ShovelStrike","RobotSpaceExplorer:Electroshield"],"picked":"SKIP","floor":8},{"not_picked":["RobotSpaceExplorer:GlueShot","RobotSpaceExplorer:StunGrenade"],"picked":"RobotSpaceExplorer:ScrapMissile","floor":10},{"not_picked":["RobotSpaceExplorer:ShovelStrike","RobotSpaceExplorer:Counterblock","RobotSpaceExplorer:Discharger"],"picked":"SKIP","floor":11}],"player_experience":59394,"relics_obtained":[{"floor":9,"key":"Mirror"}],"event_choices":[{"cards_removed":["RobotSpaceExplorer:Strike"],"damage_healed":0,"gold_gain":0,"player_choice":"Took Card","damage_taken":0,"max_hp_gain":0,"max_hp_loss":0,"event_name":"NoteForYourself","floor":3,"gold_loss":0,"cards_obtained":["Iron Wave"]}],"is_beta":false,"boss_relics":[],"items_purged_floors":[13],"is_endless":false,"potions_floor_spawned":[4,5,8,11],"killed_by":"Hexaghost","ascension_level":0}}