{"host":"whe4vf9w0yuhsr02","time":1613762587,"event":{"mods":["AchievementEnabler","Act Like it!","BaseMod","Better Altar","Better Match","Better Note","Better Sensory Stone","Better Skull","Better Third Choice","Colored Map","Dark Map","Friendly Minions","Highlight Path","Hubris","Lobotomy","LobotomyExtend","Minty Spire (QoL Compilation)","Poor People Problems","Quick Restart","Replay The Spire","Ruina","StSLib","everything is the same but u backflip on backflip"],"gold_per_floor":[366,113,113,126,137,137,137,156,206,206,206,240,88,129,129,250,250,269,269,293,218,218,218,253,253,253,253,253,253,287,302,302,302,302],"floor_reached":33,"language":"ENG","playtime":1615,"items_purged":[],"score":389,"play_id":"264b17cb-dbaa-40e4-b9b4-eaeeca03bec0","local_time":"20210219212307","is_ascension_mode":false,"campfire_choices":[],"circlet_count":0,"master_deck":["SpecialBullet","SpecialBullet","SpecialBullet","SpecialBullet","SpecialBullet","SpecialBullet","SpecialBullet","SpecialBullet","ControlCode","SecurityCode","InformationCode","Defend_B","Mimicry","Scorched","GreenStem","UniverseFragment","ShedSkin","OSAHOGD","TrainingCode","Ecstasy+1","CentralCode","ScreamingWedge+1"],"relics":["CogitoBucket","LetterFromLob","hubris:PeanutButter","Golden Idol","Regal Pillow","Darkstone Periapt","Lee\u0027s Waffle","Dream Catcher","Black Star","Frozen Eye","AdjustmentMirror","Replay:Ringing Soul","Toxic Egg 2","hubris:DisguiseKit","Replay:Wax Seal","FossilizedHelix","Replay:Bottled Flurry","Happy Flower"],"acts_visited":["Exordium","ruina:Briah"],"potions_floor_usage":[12,16,24,30,33],"damage_taken":[{"damage":11,"enemies":"Jaw Worm","floor":1,"turns":2},{"damage":0,"enemies":"Small Slimes","floor":4,"turns":3},{"damage":0,"enemies":"2 Louse","floor":5,"turns":3},{"damage":1,"enemies":"Lots of Slimes","floor":8,"turns":2},{"damage":19,"enemies":"Lagavulin","floor":12,"turns":7},{"damage":10,"enemies":"3 Sentries","floor":14,"turns":6},{"damage":0,"enemies":"Slime Boss","floor":16,"turns":9},{"damage":0,"enemies":"ruina:2_Scarecrows","floor":18,"turns":3},{"damage":10,"enemies":"ruina:Nosferatu","floor":20,"turns":6},{"damage":39,"enemies":"ruina:Mountain","floor":24,"turns":9},{"damage":75,"enemies":"ruina:RoadHome","floor":30,"turns":20},{"damage":56,"enemies":"ruina:Woodsman","floor":31,"turns":9},{"damage":96,"enemies":"ruina:JesterOfNihil","floor":33,"turns":14}],"seed_played":"-2075450489092252608","potions_obtained":[{"floor":8,"key":"SpeedPotion"},{"floor":12,"key":"Adrenaline Potion"},{"floor":14,"key":"Swift Potion"},{"floor":16,"key":"CultistPotion"},{"floor":18,"key":"Venom Potion"},{"floor":24,"key":"Weak Potion"},{"floor":31,"key":"SneckoOil"}],"is_trial":false,"path_per_floor":["M","$","?","M","M","R","?","M","T","?","R","E","$","E","R","B",null,"M","?","M","?","?","R","E","R","T","T","?","R","E","M","R","B"],"character_chosen":"Angela","items_purchased":["hubris:PeanutButter","Lee\u0027s Waffle"],"campfire_rested":0,"item_purchase_floors":[2,13],"current_hp_per_floor":[67,67,70,70,70,70,53,60,60,53,53,42,77,77,77,77,77,77,85,85,85,85,85,58,58,58,58,67,70,67,47,47,0,0],"gold":302,"neow_bonus":"TWO_FIFTY_GOLD","is_daily":false,"chose_seed":false,"campfire_upgraded":0,"win_rate":0.0,"timestamp":1613762587,"path_taken":["M","$","?","M","M","R","?","M","T","?","R","E","?","E","R","BOSS","M","?","M","?","?","R","E","R","T","?","?","R","E","M","R","BOSS"],"items_purchased_type":["Relic","Relic"],"build_version":"2020-12-22","purchased_purges":0,"victory":false,"max_hp_per_floor":[70,70,70,70,70,70,70,70,70,70,70,70,77,77,77,77,77,77,85,85,85,85,85,85,85,85,85,94,97,100,100,100,100,100],"card_choices":[{"not_picked":["Regret_ego"],"picked":"Mimicry","floor":1},{"not_picked":["UniverseFragment","BigBird"],"picked":"Scorched","floor":4},{"not_picked":["Loneliness"],"picked":"GreenStem","floor":4},{"not_picked":["Murderer","PunishingBird"],"picked":"UniverseFragment","floor":5},{"not_picked":["Noise"],"picked":"ShedSkin","floor":5},{"not_picked":["DespairKnight","Scarecrow"],"picked":"OSAHOGD","floor":8},{"not_picked":["Wingbeat","Penitence"],"picked":"SKIP","floor":8},{"not_picked":["Wingbeat","RapturousDream"],"picked":"SKIP","floor":12},{"not_picked":["Horn","ShedSkin"],"picked":"SKIP","floor":14},{"not_picked":["Noise","Wingbeat"],"picked":"SKIP","floor":18},{"not_picked":["FeatherOfHonor+1","Regret_ego"],"picked":"SKIP","floor":20},{"not_picked":["FeatherOfHonor+1"],"picked":"Ecstasy+1","floor":21},{"not_picked":["RedEyes+1","Penitence+1"],"picked":"SKIP","floor":24},{"not_picked":["Regret_ego","Loop"],"picked":"ScreamingWedge+1","floor":30},{"not_picked":["Beak+1","Horn","Ball Lightning"],"picked":"SKIP","floor":31}],"player_experience":499799,"relics_obtained":[{"floor":1,"key":"LetterFromLob"},{"floor":9,"key":"Regal Pillow"},{"floor":12,"key":"Darkstone Periapt"},{"floor":14,"key":"Dream Catcher"},{"floor":24,"key":"Replay:Ringing Soul"},{"floor":24,"key":"Toxic Egg 2"},{"floor":26,"key":"hubris:DisguiseKit"},{"floor":27,"key":"Replay:Wax Seal"},{"floor":30,"key":"Replay:Bottled Flurry"},{"floor":30,"key":"Happy Flower"}],"event_choices":[{"damage_healed":0,"gold_gain":0,"player_choice":"Take Damage","damage_taken":17,"relics_obtained":["Golden Idol"],"max_hp_gain":0,"max_hp_loss":0,"event_name":"Golden Idol","floor":7,"gold_loss":0},{"cards_removed":["Neutralize"],"damage_healed":0,"gold_gain":0,"player_choice":"Card Removal","damage_taken":7,"max_hp_gain":0,"max_hp_loss":0,"event_name":"Golden Wing","floor":10,"gold_loss":0},{"damage_healed":0,"gold_gain":0,"player_choice":"2","damage_taken":0,"max_hp_gain":0,"max_hp_loss":0,"event_name":"betterMatch:BetterMatch","floor":21,"gold_loss":0,"cards_obtained":["betterMatch:UncommonCard","betterMatch:CommonCard"]}],"is_beta":false,"boss_relics":[{"not_picked":["Kintsugi","Cursed Key"],"picked":"Black Star"}],"items_purged_floors":[],"is_endless":false,"potions_floor_spawned":[8,12,14,16,18,24,31],"killed_by":"ruina:JesterOfNihil","ascension_level":0}}