{"host":"gnfs9pc52tj5b2xa","time":1613725566,"event":{"mods":["BaseMod","Minty Spire (QoL Compilation)","Relic Sorter","Relic Stats","ojb\u0027s Better Paths Mod","ojb\u0027s Info Mod"],"gold_per_floor":[109,32,32,48,72,72,110,110,110,154,154,192,211,235,235,331,331,354,354,354,354],"floor_reached":20,"language":"ENG","playtime":660,"items_purged":[],"score":484,"play_id":"191365ac-d854-4664-bc93-d09c304c3ffb","local_time":"20210219010606","is_ascension_mode":true,"campfire_choices":[{"data":"Conclude","floor":6.0,"key":"SMITH"},{"data":"Eruption","floor":8.0,"key":"SMITH"},{"data":"InnerPeace","floor":15,"key":"SMITH"}],"circlet_count":0,"master_deck":["AscendersBane","Strike_P","Strike_P","Strike_P","Strike_P","Defend_P","Defend_P","Defend_P","Defend_P","Eruption+1","Vigilance","InnerPeace+1","Conclude+1","Consecrate","FlurryOfBlows","Doubt","BattleHymn+1","FollowUp","Scrawl","Consecrate","Pain"],"relics":["Cursed Key","Golden Idol","Frozen Egg 2","StrikeDummy","Sundial","PreservedInsect","Runic Pyramid","WarpedTongs"],"acts_visited":["Exordium","TheCity"],"potions_floor_usage":[18,20],"damage_taken":[{"damage":0.0,"enemies":"Cultist","floor":1.0,"turns":2.0},{"damage":2.0,"enemies":"Jaw Worm","floor":4.0,"turns":3.0},{"damage":1.0,"enemies":"2 Louse","floor":5.0,"turns":2.0},{"damage":18.0,"enemies":"Gremlin Nob","floor":7.0,"turns":3.0},{"damage":22.0,"enemies":"3 Sentries","floor":10.0,"turns":6.0},{"damage":7.0,"enemies":"Lagavulin","floor":12.0,"turns":5.0},{"damage":7.0,"enemies":"Lots of Slimes","floor":13.0,"turns":2.0},{"damage":0,"enemies":"Gremlin Gang","floor":14,"turns":3},{"damage":0,"enemies":"Slime Boss","floor":16,"turns":5},{"damage":0,"enemies":"Spheric Guardian","floor":18,"turns":3},{"damage":54,"enemies":"3 Byrds","floor":20,"turns":3}],"seed_played":"-5437626052463732735","potions_obtained":[{"floor":1.0,"key":"Ancient Potion"},{"floor":5.0,"key":"BlessingOfTheForge"},{"floor":10.0,"key":"SkillPotion"},{"floor":16,"key":"Fire Potion"},{"floor":18,"key":"Ancient Potion"}],"is_trial":false,"path_per_floor":["M","$","?","M","M","R","E","R","T","E","?","E","M","M","R","B",null,"M","?","M"],"character_chosen":"WATCHER","items_purchased":["Conclude"],"campfire_rested":0,"item_purchase_floors":[2],"current_hp_per_floor":[61,61,61,59,58,58,40,40,40,18,38,31,24,24,24,24,53,53,53,0,0],"gold":354,"neow_bonus":"BOSS_RELIC","is_daily":false,"chose_seed":false,"campfire_upgraded":3,"win_rate":0.0,"timestamp":1613725566,"path_taken":["M","$","?","M","M","R","E","R","T","E","?","E","M","M","R","BOSS","M","?","M"],"items_purchased_type":["Card"],"build_version":"2020-12-22","purchased_purges":0,"victory":false,"max_hp_per_floor":[68,68,62,62,62,62,62,62,62,62,62,62,62,62,62,62,62,62,62,62,62],"relic_stats":{"counters":[11,37],"Golden Idol":66,"Sundial":[2],"PreservedInsect":0,"Cursed Key":1,"obtain_stats":[{"Golden Idol":3,"Sundial":10,"PreservedInsect":12,"PureWater":0,"Frozen Egg 2":7,"Cursed Key":0,"StrikeDummy":9,"Runic Pyramid":17,"WarpedTongs":19},{"Golden Idol":1,"Sundial":5,"PreservedInsect":6,"PureWater":0,"Frozen Egg 2":4,"Cursed Key":0,"StrikeDummy":4,"Runic Pyramid":9,"WarpedTongs":10},{"Golden Idol":2,"Sundial":16,"PreservedInsect":21,"PureWater":0,"Frozen Egg 2":10,"Cursed Key":0,"StrikeDummy":10,"Runic Pyramid":31,"WarpedTongs":34}],"WarpedTongs":[3]},"card_choices":[{"not_picked":["Pray","FollowUp"],"picked":"InnerPeace","floor":1.0},{"not_picked":["Protect","ClearTheMind"],"picked":"Consecrate","floor":4.0},{"not_picked":["WheelKick","Worship"],"picked":"FlurryOfBlows","floor":5.0},{"not_picked":["ThirdEye","BowlingBash","SignatureMove"],"picked":"SKIP","floor":7.0},{"not_picked":["Consecrate","Pray","ForeignInfluence"],"picked":"SKIP","floor":10.0},{"not_picked":["Halt","ThirdEye"],"picked":"BattleHymn+1","floor":12.0},{"not_picked":["Crescendo","PathToVictory","WaveOfTheHand"],"picked":"SKIP","floor":13.0},{"not_picked":["EmptyBody","Prostrate"],"picked":"FollowUp","floor":14},{"not_picked":["DevaForm+1","Alpha"],"picked":"Scrawl","floor":16},{"not_picked":["CutThroughFate","Evaluate"],"picked":"Consecrate","floor":18}],"player_experience":1323660,"relics_obtained":[{"floor":7.0,"key":"Frozen Egg 2"},{"floor":9.0,"key":"StrikeDummy"},{"floor":10.0,"key":"Sundial"},{"floor":12.0,"key":"PreservedInsect"}],"event_choices":[{"damage_healed":0.0,"max_hp_gain":0.0,"max_hp_loss":6.0,"gold_gain":0.0,"event_name":"Golden Idol","player_choice":"Lose Max HP","floor":3.0,"gold_loss":0.0,"damage_taken":0.0,"relics_obtained":["Golden Idol"]},{"damage_healed":20.0,"max_hp_gain":0.0,"max_hp_loss":0.0,"gold_gain":0.0,"event_name":"Big Fish","player_choice":"Banana","floor":11.0,"gold_loss":0.0,"damage_taken":0.0},{"damage_healed":0,"gold_gain":0,"player_choice":"Rummage","damage_taken":0,"relics_obtained":["WarpedTongs"],"max_hp_gain":0,"max_hp_loss":0,"event_name":"Accursed Blacksmith","floor":19,"gold_loss":0,"cards_obtained":["Pain"]}],"is_beta":false,"boss_relics":[{"not_picked":["Velvet Choker","Astrolabe"],"picked":"Runic Pyramid"}],"items_purged_floors":[],"is_endless":false,"potions_floor_spawned":[1,5,10,16,18],"killed_by":"3 Byrds","ascension_level":20}}