{"host":"fxrgx7wt2cpkbhka","time":1613719465,"event":{"mods":["AchievementEnabler","BaseMod","Colored Powertips","Dark Map","Minty Spire (QoL Compilation)","Permanent Neow","Quick Restart","Slay-I","StSLib","Waifu the Spire"],"gold_per_floor":[214,226,244,117,131,150,171,191,236,236,236,236,267,103,103,175,175,186,205,205,205,236,236,41,41,67,77,77,107,107,107,107,107,107],"floor_reached":33,"language":"ENG","playtime":856,"items_purged":[],"score":447,"play_id":"8ee5ee00-8c42-482a-bb8d-fbda17794ac6","local_time":"20210218232425","is_ascension_mode":true,"campfire_choices":[{"floor":10,"key":"REST"},{"floor":15,"key":"REST"},{"data":"Fission","floor":23,"key":"SMITH"},{"data":"Capacitor","floor":25,"key":"SMITH"},{"floor":32,"key":"REST"}],"circlet_count":0,"master_deck":["AscendersBane","Strike_B","Defend_B","Defend_B","Defend_B","Defend_B","Zap","Dualcast","Ball Lightning","Ball Lightning+1","Loop","Sunder+1","Leap","FTL+1","Bandage Up","FTL","Fission+1","Barrage+1","Compile Driver+1","Machine Learning+1","FTL","Cold Snap","Capacitor+1","Capacitor","Writhe"],"relics":["Cracked Core","Odd Mushroom","Juzu Bracelet","Potion Belt","Astrolabe","MutagenicStrength","Red Mask","Membership Card","Anchor","Cables","MealTicket"],"acts_visited":["Exordium","TheCity"],"potions_floor_usage":[6,16,29,33,33,33],"damage_taken":[{"damage":11,"enemies":"Jaw Worm","floor":1,"turns":4},{"damage":7,"enemies":"Small Slimes","floor":2,"turns":3},{"damage":1,"enemies":"Cultist","floor":3,"turns":3},{"damage":16,"enemies":"Blue Slaver","floor":5,"turns":3},{"damage":0,"enemies":"3 Louse","floor":6,"turns":2},{"damage":16,"enemies":"The Mushroom Lair","floor":7,"turns":3},{"damage":4,"enemies":"Red Slaver","floor":8,"turns":3},{"damage":12,"enemies":"3 Sentries","floor":13,"turns":6},{"damage":25,"enemies":"Hexaghost","floor":16,"turns":9},{"damage":6,"enemies":"Spheric Guardian","floor":18,"turns":3},{"damage":16,"enemies":"3 Byrds","floor":19,"turns":4},{"damage":6,"enemies":"Masked Bandits","floor":22,"turns":3},{"damage":17,"enemies":"Snecko","floor":27,"turns":5},{"damage":26,"enemies":"Book of Stabbing","floor":29,"turns":4},{"damage":46,"enemies":"Champ","floor":33,"turns":6}],"seed_played":"3767572096904783308","potions_obtained":[{"floor":1,"key":"LiquidBronze"},{"floor":3,"key":"Energy Potion"},{"floor":6,"key":"SteroidPotion"},{"floor":16,"key":"FearPotion"},{"floor":22,"key":"Dexterity Potion"},{"floor":27,"key":"DistilledChaos"},{"floor":29,"key":"Explosive Potion"}],"is_trial":false,"path_per_floor":["M","M","M","$","M","M","?","M","T","R","?","?","E","$","R","B",null,"M","M","?","?","?","R","$","R","T","M","?","E","?","?","R","B"],"character_chosen":"DEFECT","items_purchased":["Ball Lightning","Loop","Bandage Up","FTL","Membership Card","Capacitor"],"campfire_rested":3,"item_purchase_floors":[4,4,14,14,24,24],"current_hp_per_floor":[53,46,45,45,29,29,13,9,9,30,16,16,4,4,25,4,54,52,40,40,40,38,38,38,38,38,25,25,3,3,3,24,0,0],"gold":107,"neow_bonus":"HUNDRED_GOLD","is_daily":false,"chose_seed":false,"campfire_upgraded":2,"win_rate":0.0,"timestamp":1613719465,"path_taken":["M","M","M","$","M","M","?","M","T","R","?","?","E","$","R","BOSS","M","M","?","?","?","R","?","R","T","M","?","E","?","?","R","BOSS"],"items_purchased_type":["Card","Card","Card","Card","Relic","Card"],"build_version":"2020-12-22","purchased_purges":0,"victory":false,"max_hp_per_floor":[71,71,71,71,71,71,71,71,71,71,71,71,71,71,71,71,71,71,71,71,71,71,71,71,71,71,71,71,71,71,71,71,71,71],"card_choices":[{"not_picked":["Doom and Gloom","Hologram","Conserve Battery"],"picked":"SKIP","floor":1},{"not_picked":["Compile Driver","Reprogram","Gash"],"picked":"SKIP","floor":2},{"not_picked":["Fusion","Stack"],"picked":"Ball Lightning","floor":3},{"not_picked":["Stack","Machine Learning"],"picked":"Sunder","floor":5},{"not_picked":["Static Discharge","Turbo"],"picked":"Leap","floor":6},{"not_picked":["Streamline","Leap"],"picked":"FTL","floor":7},{"not_picked":["Fusion","Streamline","Skim"],"picked":"SKIP","floor":8},{"not_picked":["Sweeping Beam","Redo","Barrage"],"picked":"SKIP","floor":13},{"not_picked":["Echo Form","Meteor Strike"],"picked":"Fission","floor":16},{"not_picked":["Recycle","Conserve Battery","Rip and Tear"],"picked":"SKIP","floor":18},{"not_picked":["Static Discharge","Redo"],"picked":"FTL","floor":19},{"not_picked":["Fusion","Steam"],"picked":"Cold Snap","floor":22},{"not_picked":["Beam Cell","Rebound","Undo"],"picked":"SKIP","floor":27},{"not_picked":["Chill","Sweeping Beam+1","Stack"],"picked":"SKIP","floor":29}],"player_experience":795480,"relics_obtained":[{"floor":7,"key":"Odd Mushroom"},{"floor":9,"key":"Juzu Bracelet"},{"floor":13,"key":"Potion Belt"},{"floor":22,"key":"Red Mask"},{"floor":26,"key":"Anchor"},{"floor":29,"key":"Cables"}],"event_choices":[{"damage_healed":0,"gold_gain":0,"player_choice":"Fought Mushrooms","damage_taken":0,"max_hp_gain":0,"max_hp_loss":0,"event_name":"Mushrooms","floor":7,"gold_loss":0},{"damage_healed":0,"gold_gain":0,"player_choice":"Entered Light","damage_taken":14,"max_hp_gain":0,"max_hp_loss":0,"event_name":"Shining Light","floor":11,"gold_loss":0,"cards_upgraded":["FTL","Ball Lightning"]},{"damage_healed":0,"gold_gain":0,"player_choice":"Forge","damage_taken":0,"max_hp_gain":0,"max_hp_loss":0,"event_name":"Accursed Blacksmith","floor":12,"gold_loss":0,"cards_upgraded":["Sunder"]},{"damage_healed":0,"gold_gain":0,"player_choice":"Ignored","damage_taken":0,"max_hp_gain":0,"max_hp_loss":0,"event_name":"Ghosts","floor":20,"gold_loss":0},{"damage_healed":0,"gold_gain":0,"player_choice":"Inject Mutagens","damage_taken":0,"relics_obtained":["MutagenicStrength"],"max_hp_gain":0,"max_hp_loss":0,"event_name":"Drug Dealer","floor":21,"gold_loss":0},{"damage_healed":0,"gold_gain":0,"player_choice":"Fought Bandits","damage_taken":0,"max_hp_gain":0,"max_hp_loss":0,"event_name":"Masked Bandits","floor":22,"gold_loss":0},{"damage_healed":0,"gold_gain":0,"player_choice":"1 cards matched","damage_taken":0,"max_hp_gain":0,"max_hp_loss":0,"event_name":"Match and Keep!","floor":28,"gold_loss":0,"cards_obtained":["Capacitor"]},{"damage_healed":0,"gold_gain":0,"player_choice":"Opened","damage_taken":0,"relics_obtained":["MealTicket"],"max_hp_gain":0,"max_hp_loss":0,"event_name":"The Mausoleum","floor":30,"gold_loss":0,"cards_obtained":["Writhe"]},{"damage_healed":0,"gold_gain":0,"player_choice":"Got Potions","damage_taken":0,"max_hp_gain":0,"max_hp_loss":0,"event_name":"Lab","floor":31,"gold_loss":0}],"is_beta":false,"boss_relics":[{"not_picked":["Calling Bell","Fusion Hammer"],"picked":"Astrolabe"}],"items_purged_floors":[],"is_endless":false,"potions_floor_spawned":[1,3,6,8,16,22,27,29],"killed_by":"Champ","ascension_level":14}}