{"host":"2yqfi47fogfu1ic4","time":1613750514,"event":{"mods":["AchievementEnabler","BaseMod","Colored Map","Colored Powertips","Highlight Path","Minty Spire (QoL Compilation)","Permanent Neow","Relic Stats","StSLib"],"gold_per_floor":[116,131,131,145,156,487,487,562,562,574,588,618,543,560,560,634,634,652,542,562,487,501,501,533,550,596,636,648,660,672,715,727,739,739],"floor_reached":33,"language":"DEU","playtime":2486,"items_purged":["Strike_G"],"score":688,"play_id":"7500417b-e529-4b8e-bc6d-178dd8b6d188","local_time":"20210219170154","is_ascension_mode":true,"campfire_choices":[{"floor":7,"key":"REST"},{"floor":15,"key":"REST"},{"floor":23,"key":"RECALL"},{"floor":29,"key":"REST"},{"floor":32,"key":"REST"}],"circlet_count":0,"master_deck":["AscendersBane","Strike_G","Strike_G","Strike_G","Defend_G","Defend_G","Defend_G","Defend_G","Survivor","Neutralize","Blade Dance+1","Blur","Dash","Dagger Spray","Venomology","Backflip","PiercingWail","Endless Agony","Blade Dance","Phantasmal Killer","Blade Dance","Choke+1","Acrobatics+1","Blade Dance","Leg Sweep+1","Leg Sweep"],"relics":["Fusion Hammer","Incense Burner","Old Coin","Du-Vu Doll","Black Star","Turnip","Dream Catcher","MawBank","Smiling Mask","Oddly Smooth Stone","Ornamental Fan","White Beast Statue"],"acts_visited":["Exordium","TheCity"],"potions_floor_usage":[6,10,12,12,14,16,16,18,20,22,24,27,27,30,30,30,33],"damage_taken":[{"damage":7,"enemies":"Jaw Worm","floor":1,"turns":5},{"damage":0,"enemies":"2 Louse","floor":2,"turns":3},{"damage":0,"enemies":"Small Slimes","floor":4,"turns":5},{"damage":2,"enemies":"Red Slaver","floor":5,"turns":4},{"damage":10,"enemies":"Lagavulin","floor":6,"turns":8},{"damage":8,"enemies":"Exordium Thugs","floor":10,"turns":5},{"damage":0,"enemies":"Gremlin Gang","floor":11,"turns":3},{"damage":16,"enemies":"Gremlin Nob","floor":12,"turns":6},{"damage":1,"enemies":"2 Fungi Beasts","floor":14,"turns":8},{"damage":22,"enemies":"Slime Boss","floor":16,"turns":8},{"damage":8,"enemies":"2 Thieves","floor":18,"turns":4},{"damage":0,"enemies":"Chosen","floor":20,"turns":5},{"damage":0,"enemies":"3 Cultists","floor":22,"turns":3},{"damage":5,"enemies":"Gremlin Leader","floor":24,"turns":3},{"damage":4,"enemies":"Snecko","floor":25,"turns":6},{"damage":17,"enemies":"Book of Stabbing","floor":27,"turns":4},{"damage":2,"enemies":"Cultist and Chosen","floor":30,"turns":5},{"damage":15,"enemies":"Gremlin Leader","floor":31,"turns":4},{"damage":76,"enemies":"Automaton","floor":33,"turns":12}],"seed_played":"-4073779708569589561","potions_obtained":[{"floor":2,"key":"ColorlessPotion"},{"floor":4,"key":"Weak Potion"},{"floor":6,"key":"GhostInAJar"},{"floor":14,"key":"SteroidPotion"},{"floor":20,"key":"ColorlessPotion"},{"floor":27,"key":"SpeedPotion"}],"is_trial":false,"path_per_floor":["M","M","?","M","M","E","R","?","T","M","M","E","?","M","R","B",null,"M","?","M","$","M","R","E","M","T","E","$","R","M","E","R","B"],"character_chosen":"THE_SILENT","items_purchased":[],"campfire_rested":4,"item_purchase_floors":[],"current_hp_per_floor":[52,52,47,47,45,35,54,43,43,35,35,19,19,18,37,15,53,45,45,59,59,59,59,54,50,50,33,33,52,50,35,54,0,0],"gold":739,"neow_bonus":"BOSS_RELIC","is_daily":false,"chose_seed":false,"campfire_upgraded":0,"win_rate":0.0,"timestamp":1613750514,"path_taken":["M","M","?","M","M","E","R","?","T","M","M","E","?","M","R","BOSS","M","?","M","$","M","R","E","M","T","E","$","R","M","E","R","BOSS"],"items_purchased_type":[],"build_version":"2020-12-22","purchased_purges":1,"victory":false,"max_hp_per_floor":[66,66,66,66,66,66,66,66,66,66,66,66,66,66,66,66,66,66,66,66,66,66,66,66,66,66,66,66,66,66,66,66,66,66],"relic_stats":{"Dream Catcher":2,"counters":[19,101],"Ornamental Fan":[52],"Turnip":[0],"Black Star":3,"MawBank":84,"Smiling Mask":0,"obtain_stats":[{"Oddly Smooth Stone":27,"Incense Burner":3,"MawBank":26,"Smiling Mask":27,"White Beast Statue":31,"Old Coin":6,"Du-Vu Doll":12,"Dream Catcher":24,"Ornamental Fan":31,"Fusion Hammer":0,"Turnip":24,"Black Star":17,"Ring of the Snake":0},{"Oddly Smooth Stone":16,"Incense Burner":2,"MawBank":15,"Smiling Mask":16,"White Beast Statue":18,"Old Coin":5,"Du-Vu Doll":8,"Dream Catcher":14,"Ornamental Fan":18,"Fusion Hammer":0,"Turnip":14,"Black Star":10,"Ring of the Snake":0},{"Oddly Smooth Stone":80,"Incense Burner":8,"MawBank":76,"Smiling Mask":80,"White Beast Statue":89,"Old Coin":25,"Du-Vu Doll":39,"Dream Catcher":70,"Ornamental Fan":89,"Fusion Hammer":0,"Turnip":70,"Black Star":55,"Ring of the Snake":0}]},"card_choices":[{"not_picked":["Bane","Bouncing Flask"],"picked":"Blade Dance","floor":1},{"not_picked":["Riddle With Holes","Acrobatics"],"picked":"Blur","floor":2},{"not_picked":["PiercingWail","Acrobatics"],"picked":"Dash","floor":4},{"not_picked":["Deflect","Quick Slash"],"picked":"Dagger Spray","floor":5},{"not_picked":["Finisher","Dagger Spray"],"picked":"Venomology","floor":6},{"not_picked":["Prepared","PiercingWail"],"picked":"Backflip","floor":10},{"not_picked":["Dodge and Roll","Underhanded Strike"],"picked":"PiercingWail","floor":11},{"not_picked":["Setup","Concentrate"],"picked":"Endless Agony","floor":12},{"not_picked":["Underhanded Strike","Acrobatics"],"picked":"Blade Dance","floor":14},{"not_picked":["Unload","Burst"],"picked":"Phantasmal Killer","floor":16},{"not_picked":["Riddle With Holes+1","Reflex"],"picked":"Blade Dance","floor":18},{"not_picked":["Blur","Bane"],"picked":"Choke+1","floor":20},{"not_picked":["Prepared","Quick Slash"],"picked":"Acrobatics+1","floor":22},{"not_picked":["Prepared","Crippling Poison","Masterful Stab"],"picked":"SKIP","floor":24},{"not_picked":["Cloak And Dagger","A Thousand Cuts"],"picked":"Blade Dance","floor":25},{"not_picked":["Riddle With Holes","Reflex","Catalyst"],"picked":"SKIP","floor":27},{"not_picked":["Backflip","Sucker Punch"],"picked":"Leg Sweep+1","floor":29},{"not_picked":["Acrobatics+1","Dagger Throw"],"picked":"Leg Sweep","floor":31}],"player_experience":1886516,"relics_obtained":[{"floor":6,"key":"Old Coin"},{"floor":12,"key":"Du-Vu Doll"},{"floor":24,"key":"Turnip"},{"floor":24,"key":"Dream Catcher"},{"floor":26,"key":"MawBank"},{"floor":27,"key":"Smiling Mask"},{"floor":27,"key":"Oddly Smooth Stone"},{"floor":31,"key":"Ornamental Fan"},{"floor":31,"key":"White Beast Statue"}],"event_choices":[{"damage_healed":0,"gold_gain":0,"player_choice":"Success","damage_taken":5,"relics_obtained":["Incense Burner"],"max_hp_gain":0,"max_hp_loss":0,"event_name":"Scrap Ooze","floor":3,"gold_loss":0},{"damage_healed":0,"gold_gain":75,"player_choice":"Gather Gold","damage_taken":11,"max_hp_gain":0,"max_hp_loss":0,"event_name":"World of Goop","floor":8,"gold_loss":0},{"cards_removed":["Defend_G"],"damage_healed":0,"gold_gain":0,"player_choice":"Card Removal","damage_taken":0,"max_hp_gain":0,"max_hp_loss":0,"event_name":"The Cleric","floor":13,"gold_loss":75},{"cards_removed":["Strike_G"],"damage_healed":0,"gold_gain":0,"player_choice":"Upgrade and Remove","damage_taken":0,"max_hp_gain":0,"max_hp_loss":0,"event_name":"Designer","floor":19,"gold_loss":110,"cards_upgraded":["Blade Dance"]}],"is_beta":false,"boss_relics":[{"not_picked":["Philosopher\u0027s Stone","Tiny House"],"picked":"Black Star"}],"items_purged_floors":[21],"is_endless":false,"potions_floor_spawned":[2,4,6,14,20,25,27,30],"killed_by":"Automaton","ascension_level":20}}