{"host":"ju66gn9zov5ov15o","time":1613749393,"event":{"mods":["100% Spire Juice","2.2 Compatiblity","Act Like it!","Aspiration","BaseMod","Conspire","Downfall","GifTheSpireLib","Hubris","Lobotomy","LobotomyExtend","Marisa????????","Minty Spire (QoL Compilation)","Pale of the Ancients","Rare Cards Sparkle","Relic Stats","Ruina","Shapeshifter Mod","StSLib","The Alterego","The Animator"],"gold_per_floor":[120,120,120,120,196,234,234,257,257,270,270,303,303,318,318,444,444,464,464,238,238,45,45,86,164,164,184,184,205,205,224,224,348,348,362,378,378,394,414,414,427,427,427,427,427,264,278,322,322,322,322,322,322],"floor_reached":52,"language":"ENG","playtime":2902,"items_purged":["alterego_mod:Cooking","alterego_mod:Strike"],"score":796,"play_id":"3835f851-1c26-4ddf-9a52-7013e45ede9e","local_time":"20210219164313","is_ascension_mode":false,"campfire_choices":[{"data":"alterego_mod:RocketPunch","floor":7,"key":"SMITH"},{"data":"alterego_mod:ChallengeComplete","floor":13,"key":"SMITH"},{"data":"alterego_mod:Impale","floor":15,"key":"SMITH"},{"data":"alterego_mod:IdEs","floor":23,"key":"SMITH"},{"data":"alterego_mod:ChallengeComplete+1","floor":30,"key":"SMITH"},{"data":"alterego_mod:1TonWallop","floor":32,"key":"SMITH"},{"data":"alterego_mod:Palingenesis","floor":40,"key":"SMITH"},{"data":"alterego_mod:Palingenesis+1","floor":42,"key":"SMITH"},{"floor":44,"key":"RECALL"},{"data":"alterego_mod:Bloomers","floor":49,"key":"SMITH"}],"circlet_count":0,"master_deck":["alterego_mod:Strike","alterego_mod:Strike","alterego_mod:Strike","alterego_mod:Defend","alterego_mod:Defend","alterego_mod:Defend","alterego_mod:Defend+1","alterego_mod:Impale+1","alterego_mod:BigMeatyClaws+1","alterego_mod:BrynhildrsRune","alterego_mod:BiFurious+1","alterego_mod:DeftHands","alterego_mod:Cushion","alterego_mod:RocketPunch+1","alterego_mod:1TonWallop+2","alterego_mod:BreastValley","alterego_mod:ChallengeComplete+2","alterego_mod:Support","alterego_mod:Bounce","alterego_mod:Rake","alterego_mod:Rip+1","alterego_mod:IdEs+1","downfall:Bewildered","alterego_mod:Bloomers+1","alterego_mod:Bounce","alterego_mod:Birthday+1","alterego_mod:SakuraLabyrinth","alterego_mod:PainIsPleasure","alterego_mod:DiscoLights","alterego_mod:TrashNCrash+1","alterego_mod:TrashNCrash+1","alterego_mod:Palingenesis+3","alterego_mod:Bunnysuit+1","alterego_mod:BustOut","alterego_mod:Birthday","alterego_mod:PresenceConcealment"],"relics":["alterego_mod:MasochisticConstitution","NeowsBlessing","Golden Idol","aspiration:FetidBarrel","HornCleat","Question Card","aspiration:Lifesprig","Sozu","sneckomod:BabySnecko","Membership Card","Dream Catcher","Mummified Hand","conspire:DeflatedDodgeball","conspire:InfiniteJournal","conspire:SeveredTorchhead","Turnip","Whetstone","Gambling Chip","paleoftheancients:Timepiece","paleoftheancients:KeyRelic","CultistMask"],"acts_visited":["Exordium","TheCity","TheBeyond","paleoftheancients:PaleOfTheAncients"],"potions_floor_usage":[24,33],"damage_taken":[{"damage":2,"enemies":"conspire:RoseBush","floor":1,"turns":1},{"damage":4,"enemies":"3 Sentries","floor":6,"turns":1},{"damage":0,"enemies":"2 Louse","floor":10,"turns":2},{"damage":3,"enemies":"Lagavulin","floor":12,"turns":10},{"damage":0,"enemies":"Small Slimes","floor":14,"turns":8},{"damage":3,"enemies":"Slime Boss","floor":16,"turns":11},{"damage":16,"enemies":"conspire:FuzzyDice","floor":18,"turns":6},{"damage":32,"enemies":"Book of Stabbing","floor":24,"turns":7},{"damage":0,"enemies":"Shell Parasite","floor":27,"turns":5},{"damage":5,"enemies":"conspire:HollyBat","floor":29,"turns":9},{"damage":0,"enemies":"Snecko","floor":31,"turns":3},{"damage":25,"enemies":"hubris:MusketHawk","floor":33,"turns":6},{"damage":0,"enemies":"Orb Walker","floor":35,"turns":3},{"damage":40,"enemies":"3 Shapes","floor":36,"turns":4},{"damage":26,"enemies":"Spire Growth","floor":38,"turns":6},{"damage":25,"enemies":"4 Shapes","floor":39,"turns":3},{"damage":13,"enemies":"Sphere and 2 Shapes","floor":41,"turns":3},{"damage":1,"enemies":"Jaw Worm Horde","floor":47,"turns":3},{"damage":17,"enemies":"Reptomancer","floor":48,"turns":7},{"damage":39,"enemies":"conspire:OrnateMirror","floor":50,"turns":11},{"damage":93,"enemies":"conspire:OrnateMirror","floor":51,"turns":8},{"damage":109,"enemies":"conspire:OrnateMirror","floor":52,"turns":7}],"seed_played":"5906522945329845283","potions_obtained":[{"floor":10,"key":"Guardian:BlockOnCardUsePotion"},{"floor":14,"key":"Explosive Potion"},{"floor":16,"key":"LiquidBronze"}],"is_trial":false,"path_per_floor":["M","?","?","?","T","E","R","T","T","M","?","E","R","M","R","B",null,"M","?","$","?","$","R","E","T","T","M","?","M","R","M","R","B",null,"M","M","?","M","M","R","M","R","T","R","?","$","M","E","R","B","M","M"],"character_chosen":"The_Alterego","items_purchased":["alterego_mod:IdEs","Membership Card","alterego_mod:Bloomers","alterego_mod:BustOut","Whetstone"],"campfire_rested":0,"item_purchase_floors":[20,22,22,46,46],"current_hp_per_floor":[69,69,52,38,38,35,35,35,35,49,49,57,57,60,60,61,74,66,66,66,66,66,66,35,35,35,42,42,41,41,51,51,30,78,78,66,66,54,66,66,60,60,60,60,60,60,63,84,84,89,90,0,0],"gold":322,"neow_bonus":"THREE_ENEMY_KILL","is_daily":false,"chose_seed":false,"campfire_upgraded":9,"win_rate":0.0,"timestamp":1613749393,"path_taken":["M","?","?","?","?","E","R","?","T","?","?","E","R","M","R","BOSS","M","?","$","?","?","R","E","?","T","M","?","?","R","M","R","BOSS","M","?","?","M","M","R","M","R","T","R","?","$","M","E","R","BOSS","M","M"],"items_purchased_type":["Card","Relic","Card","Card","Relic"],"build_version":"2020-12-22","purchased_purges":2,"victory":false,"max_hp_per_floor":[71,71,71,71,71,72,72,72,72,72,72,73,73,73,73,74,74,75,75,75,75,75,75,76,76,76,76,76,77,77,77,77,78,78,78,79,79,80,81,81,82,82,82,82,82,82,83,84,84,89,90,90,90],"relic_stats":{"Sozu":7,"Dream Catcher":0,"counters":[22,124],"Golden Idol":148,"Mummified Hand":[78],"Gambling Chip":[18],"Turnip":[8],"Whetstone":["alterego_mod:1TonWallop","alterego_mod:BiFurious"],"Question Card":17,"obtain_stats":[{"alterego_mod:MasochisticConstitution":0,"aspiration:Lifesprig":12,"paleoftheancients:KeyRelic":50,"NeowsBlessing":0,"Golden Idol":3,"aspiration:FetidBarrel":5,"Whetstone":46,"Question Card":9,"conspire:InfiniteJournal":28,"Sozu":17,"conspire:SeveredTorchhead":34,"paleoftheancients:Timepiece":50,"sneckomod:BabySnecko":21,"Dream Catcher":24,"HornCleat":6,"Mummified Hand":25,"Gambling Chip":48,"Turnip":43,"CultistMask":50,"Membership Card":22,"conspire:DeflatedDodgeball":26},{"alterego_mod:MasochisticConstitution":0,"aspiration:Lifesprig":4,"paleoftheancients:KeyRelic":20,"NeowsBlessing":0,"Golden Idol":1,"aspiration:FetidBarrel":1,"Whetstone":17,"Question Card":2,"conspire:InfiniteJournal":9,"Sozu":6,"conspire:SeveredTorchhead":12,"paleoftheancients:Timepiece":20,"sneckomod:BabySnecko":7,"Dream Catcher":8,"HornCleat":2,"Mummified Hand":8,"Gambling Chip":19,"Turnip":17,"CultistMask":20,"Membership Card":7,"conspire:DeflatedDodgeball":8},{"alterego_mod:MasochisticConstitution":0,"aspiration:Lifesprig":14,"paleoftheancients:KeyRelic":109,"NeowsBlessing":0,"Golden Idol":1,"aspiration:FetidBarrel":1,"Whetstone":88,"Question Card":2,"conspire:InfiniteJournal":51,"Sozu":33,"conspire:SeveredTorchhead":69,"paleoftheancients:Timepiece":109,"sneckomod:BabySnecko":39,"Dream Catcher":46,"HornCleat":2,"Mummified Hand":46,"Gambling Chip":98,"Turnip":88,"CultistMask":109,"Membership Card":39,"conspire:DeflatedDodgeball":46}]},"card_choices":[{"not_picked":["alterego_mod:HighServant","alterego_mod:IndependentAction"],"picked":"alterego_mod:BiFurious","floor":1},{"not_picked":["alterego_mod:Cooking","alterego_mod:GoddessCore"],"picked":"alterego_mod:BreastValley","floor":6},{"not_picked":["alterego_mod:Cycle","alterego_mod:RocketPunch","alterego_mod:Crossover"],"picked":"alterego_mod:ChallengeComplete","floor":10},{"not_picked":["alterego_mod:BiFurious","alterego_mod:Exercise","alterego_mod:DustData"],"picked":"alterego_mod:Support","floor":12},{"not_picked":["alterego_mod:BustOut","alterego_mod:TrashNCrash","alterego_mod:Mirror"],"picked":"alterego_mod:Bounce","floor":14},{"not_picked":["alterego_mod:SideboobHour","alterego_mod:Lift","alterego_mod:Valkyrie"],"picked":"alterego_mod:Rake","floor":16},{"not_picked":["alterego_mod:PerceptionDisorder","alterego_mod:HighServant","alterego_mod:Punishment"],"picked":"alterego_mod:Rip+1","floor":18},{"not_picked":["alterego_mod:Cooking+1","alterego_mod:RidiculouslyBig","alterego_mod:Cycle"],"picked":"alterego_mod:Bounce","floor":24},{"not_picked":["alterego_mod:Maid","alterego_mod:1TonWallop+1","alterego_mod:GoddessCore"],"picked":"alterego_mod:Birthday+1","floor":27},{"not_picked":["alterego_mod:Schoolgirl+1","alterego_mod:Cycle","alterego_mod:Punishment"],"picked":"alterego_mod:SakuraLabyrinth","floor":29},{"not_picked":["alterego_mod:Weigh","alterego_mod:Mirror","alterego_mod:DestructionOfProperty+1","alterego_mod:RocketPunch+1"],"picked":"SKIP","floor":31},{"not_picked":["alterego_mod:Valkyrie","alterego_mod:Weigh","alterego_mod:RingBreak"],"picked":"alterego_mod:PainIsPleasure","floor":33},{"not_picked":["alterego_mod:ChallengeComplete","alterego_mod:Undulate+1","alterego_mod:Clap"],"picked":"alterego_mod:DiscoLights","floor":35},{"not_picked":["alterego_mod:Punishment+1","alterego_mod:MagicResistance+1","alterego_mod:DeftHands"],"picked":"alterego_mod:TrashNCrash+1","floor":36},{"not_picked":["alterego_mod:MagicResistance","alterego_mod:Cycle+1","alterego_mod:BusterCard+1"],"picked":"alterego_mod:TrashNCrash+1","floor":38},{"not_picked":["alterego_mod:HighServant+1","alterego_mod:SakuraLabyrinth+1","alterego_mod:Punishment"],"picked":"alterego_mod:Palingenesis","floor":39},{"not_picked":["alterego_mod:Jiggle","alterego_mod:Complex","alterego_mod:SakuraLabyrinth"],"picked":"alterego_mod:Bunnysuit+1","floor":41},{"not_picked":["alterego_mod:Cooking+1","alterego_mod:Mirror+1","alterego_mod:Stockings"],"picked":"alterego_mod:Birthday","floor":47},{"not_picked":["alterego_mod:Bounce","alterego_mod:BiFurious+1","alterego_mod:Punishment"],"picked":"alterego_mod:PresenceConcealment","floor":48}],"player_experience":496926,"relics_obtained":[{"floor":5,"key":"aspiration:FetidBarrel"},{"floor":6,"key":"HornCleat"},{"floor":9,"key":"Question Card"},{"floor":12,"key":"aspiration:Lifesprig"},{"floor":24,"key":"Dream Catcher"},{"floor":25,"key":"Mummified Hand"},{"floor":26,"key":"conspire:DeflatedDodgeball"},{"floor":43,"key":"Turnip"},{"floor":48,"key":"Gambling Chip"}],"event_choices":[{"damage_healed":0,"gold_gain":0,"player_choice":"Take Damage","damage_taken":17,"relics_obtained":["Golden Idol"],"max_hp_gain":0,"max_hp_loss":0,"event_name":"Golden Idol","floor":3,"gold_loss":0},{"damage_healed":0,"gold_gain":0,"player_choice":"Entered Light","damage_taken":14,"max_hp_gain":0,"max_hp_loss":0,"event_name":"Shining Light","floor":4,"gold_loss":0,"cards_upgraded":["alterego_mod:BigMeatyClaws","alterego_mod:Defend"]},{"damage_healed":0,"gold_gain":0,"player_choice":"Ignored","damage_taken":0,"max_hp_gain":0,"max_hp_loss":0,"event_name":"NoteForYourself","floor":11,"gold_loss":0},{"damage_healed":0,"gold_gain":0,"player_choice":"Gave Potion","damage_taken":0,"relics_obtained":["conspire:InfiniteJournal"],"max_hp_gain":0,"max_hp_loss":0,"event_name":"WeMeetAgain","floor":28,"gold_loss":0},{"damage_healed":0,"gold_gain":0,"player_choice":"Ignored","damage_taken":0,"max_hp_gain":0,"max_hp_loss":0,"event_name":"Tomb of Lord Red Mask","floor":37,"gold_loss":0}],"is_beta":false,"boss_relics":[{"not_picked":["hubris:BlackHole","hubris:RunicObelisk"],"picked":"Sozu"},{"not_picked":["aspiration:DefectSkillbook","Fusion Hammer"],"picked":"conspire:SeveredTorchhead"}],"items_purged_floors":[20,46],"is_endless":false,"potions_floor_spawned":[10,14,16,18,24,31,36,38,41,47],"killed_by":"conspire:OrnateMirror","ascension_level":0}}