{"host":"st1kg310ms6sytc5","time":1613738376,"event":{"mods":["ATMod(°¢èªMod)","Act Like it!","BaseMod","Bossed Relics","CapriCore","Gensokyo","Minty Spire (QoL Compilation)","StSLib","SuperFastMode","Wide Potions","Yakumo Yukari mod","¡¾ÒÅÎï¿¨ÅÆ¡¿REMEMod"],"gold_per_floor":[131,131,131,141,154,189,189,214,239,239,264,274,274,284,284,383,383,393,175,192,210,210,210,210,210,210],"floor_reached":25,"language":"ZHS","playtime":762,"items_purged":[],"score":336,"play_id":"f28809a3-2c34-48bd-a439-6c8797b3e19f","local_time":"20210219203936","is_ascension_mode":true,"campfire_choices":[{"data":"PositiveMatter_Antimatter_Universe_purple","floor":7.0,"key":"SMITH"},{"data":"Umbrella_purple","floor":13.0,"key":"SMITH"},{"floor":15.0,"key":"RECALL"},{"data":"WatchEChange_purple","floor":23,"key":"SMITH"}],"circlet_count":0,"master_deck":["AscendersBane","AT_purpleEX","AT_purpleEX","Defend_purpleEX","Defend_purpleEX","Defend_purpleEX","Defend_purpleEX","Observe_purple_2","AT_WindFlip","Gensokyo:MorningStar","Umbrella_purple+1","PositiveMatter_Antimatter_Universe_purple+1","Clumsy","WatchEChange_purple+1","Gensokyo:RustyChest","Gensokyo:BlemishedSteel","DimensionStaggered_purple","D_absorption_purple"],"relics":["Boundary_crack","Memoryfragments_purpleEX","AT_ATBox","REME_ComplimentaryCards","NeowsBlessing","Oddly Smooth Stone","AT_RedTearstoneRing","Gensokyo:NagashiBinaDoll","Philosopher\u0027s Stone","Bronze Scales","AT_BladeRuinedKing"],"acts_visited":["Gensokyo:Gensokyo","Gensokyo:Gensokyoer"],"potions_floor_usage":[21],"damage_taken":[{"damage":0.0,"enemies":"Gensokyo:3_Fairies","floor":1.0,"turns":2.0},{"damage":0.0,"enemies":"Gensokyo:Python","floor":4.0,"turns":1.0},{"damage":0.0,"enemies":"Gensokyo:2_Kodama","floor":5.0,"turns":1.0},{"damage":36.0,"enemies":"Gensokyo:Mamizou","floor":6.0,"turns":9.0},{"damage":16.0,"enemies":"Gensokyo:Aya","floor":8.0,"turns":5.0},{"damage":8.0,"enemies":"Gensokyo:Mamizou","floor":11.0,"turns":6.0},{"damage":0.0,"enemies":"Gensokyo:LivingMonolith","floor":12.0,"turns":1.0},{"damage":0.0,"enemies":"Gensokyo:5_Fairies","floor":14.0,"turns":4.0},{"damage":12.0,"enemies":"Gensokyo:Kokoro","floor":16.0,"turns":5.0},{"damage":42.0,"enemies":"Gensokyo:3_Dogs","floor":18.0,"turns":4.0},{"damage":0.0,"enemies":"Gensokyo:Chomper","floor":20.0,"turns":3.0},{"damage":5,"enemies":"Gensokyo:Mirror_and_Dog","floor":21,"turns":4},{"damage":22,"enemies":"Gensokyo:Tenshi","floor":25,"turns":2}],"seed_played":"5230278316816891691","potions_obtained":[{"floor":5.0,"key":"Block Potion"}],"is_trial":false,"path_per_floor":["M","?","?","M","M","E","R","E","T","?","E","M","R","M","R","B",null,"M","COS","M","M","?","R","?","E"],"character_chosen":"Youkari","items_purchased":[],"campfire_rested":0,"item_purchase_floors":[],"current_hp_per_floor":[64,64,71,71,71,38,38,24,24,24,18,19,19,21,21,10,60,19,19,20,18,18,18,18,0,0],"gold":210,"neow_bonus":"THREE_ENEMY_KILL","is_daily":false,"chose_seed":false,"campfire_upgraded":3,"win_rate":0.0,"timestamp":1613738376,"path_taken":["M","?","?","M","M","E","R","E","T","?","E","M","R","?","R","BOSS","M","COS","M","M","?","R","?","E"],"items_purchased_type":[],"build_version":"2020-12-22","purchased_purges":0,"victory":false,"max_hp_per_floor":[70,70,77,77,77,77,77,77,77,77,77,77,77,77,77,77,77,77,77,77,77,77,77,77,77,77],"card_choices":[{"not_picked":["SharpContractionReality_purple","DarkRealmRedLine_purple"],"picked":"Umbrella_purple","floor":1.0},{"not_picked":["Umbrella_purple","Extrememeaning_purpleEX","RuleDissolution_purple"],"picked":"SKIP","floor":4.0},{"not_picked":["Fantasy_PerpetualMotionMachine_purple","Mirror_FormAndEmptin_purple","CommonSense_AntiCommonSense_purple"],"picked":"SKIP","floor":5.0},{"not_picked":["RuleDissolution_purple","Extrememeaning_purpleEX"],"picked":"PositiveMatter_Antimatter_Universe_purple","floor":6.0},{"not_picked":["RuleDissolution_purple","StretchesForeverDream_purple","MeetDecomposer_purple"],"picked":"SKIP","floor":8.0},{"not_picked":["SfantasyHide_purple","Price_of_realm_purpleEX","MeetDecomposer_purple"],"picked":"SKIP","floor":11.0},{"not_picked":["Boundary_of_Extermination_purpleEX","Fantasy_PerpetualMotionMachine_purple","StateErode_purple"],"picked":"SKIP","floor":12.0},{"not_picked":["SharpContractionReality_purple","Shallow_ocean_purpleEX","Charmbait_purple"],"picked":"SKIP","floor":14.0},{"not_picked":["SfantasyHide_purple","Extrememeaning_purpleEX+1"],"picked":"WatchEChange_purple","floor":18.0},{"not_picked":["Boundary_DynamicStaticEquilibrium_purple","Yakumo_Ran_purple"],"picked":"DimensionStaggered_purple","floor":20.0},{"not_picked":["OmniscientAndOmnipotent_Monster_purple+1","Line_surface_state_purple+1","Boundary_ObjectiveBoundary_purple+1"],"picked":"SKIP","floor":20.0},{"not_picked":["Mirror_WaveAndshot_purple","Mirror_FourBoundary_purple","RuleDissolution_purple"],"picked":"SKIP","floor":21}],"player_experience":1439883,"relics_obtained":[{"floor":6.0,"key":"Oddly Smooth Stone"},{"floor":8.0,"key":"AT_RedTearstoneRing"},{"floor":11.0,"key":"Omamori"}],"event_choices":[],"is_beta":false,"boss_relics":[{"not_picked":["REME_DemonsWealth","REME_DuelDisc"],"picked":"Philosopher\u0027s Stone"}],"items_purged_floors":[],"is_endless":false,"potions_floor_spawned":[5,6,11,12,16,20],"killed_by":"Gensokyo:Tenshi","ascension_level":12}}