{"host":"snhgf1tbc52ohml4","time":1613745450,"event":{"mods":["ATMod(°¢èªMod)","BaseMod","Dota2Spire","Downfall","Minty Spire (QoL Compilation)","Replay The Spire","StSLib","The Marked"],"gold_per_floor":[99,99,99,99,99,99,99,133,159,159,159,159],"floor_reached":10,"language":"ZHS","playtime":428,"items_purged":[],"score":63,"play_id":"e625be6d-2840-4bf1-95ba-9fa36279a65e","local_time":"20210219223730","is_ascension_mode":true,"campfire_choices":[{"floor":1,"key":"RECALL"}],"circlet_count":0,"master_deck":["Guardian:Strike_Guardian","Guardian:Strike_Guardian","Guardian:Strike_Guardian","Guardian:Defend_Guardian","Guardian:Defend_Guardian","Guardian:Defend_Guardian","Guardian:Defend_Guardian","Guardian:CurlUp","Guardian:TwinSlam","AT_EmpoweredMortalDraw","Guardian:PolyBeam","Guardian:BronzeOrb","Guardian:StasisField","Guardian:Gem_Blue","Guardian:TemporalStrike"],"relics":["Guardian:ModeShifter","AT_ATBox","downfall:HeartsMalice","downfall:BrokenWingStatue","AT_SilvercatRing","ReplayTheSpireMod:Shallot"],"acts_visited":["Exordium"],"potions_floor_usage":[10],"damage_taken":[{"damage":0,"enemies":"2 Louse","floor":2,"turns":1},{"damage":0,"enemies":"Cultist","floor":3,"turns":1},{"damage":0,"enemies":"Jaw Worm","floor":6,"turns":1},{"damage":47,"enemies":"Lagavulin","floor":8,"turns":11},{"damage":7,"enemies":"Gremlin Nob","floor":10,"turns":4}],"seed_played":"4956804307534184822","potions_obtained":[{"floor":8,"key":"Dota2Spire:HealingSalve"}],"is_trial":false,"path_per_floor":["R","M","M","?","?","M","T","E","T","E"],"character_chosen":"GUARDIAN","items_purchased":[],"campfire_rested":0,"item_purchase_floors":[],"current_hp_per_floor":[80,80,80,80,80,80,80,33,33,35,35,35],"gold":159,"neow_bonus":"THREE_ENEMY_KILL","is_daily":false,"chose_seed":false,"campfire_upgraded":0,"win_rate":0.0,"timestamp":1613745450,"path_taken":["R","M","M","?","?","?","T","E","?","E"],"items_purchased_type":[],"build_version":"2020-12-22","purchased_purges":0,"victory":false,"max_hp_per_floor":[80,80,80,80,80,80,80,80,80,80,80,80],"card_choices":[{"not_picked":["Guardian:Planning","Guardian:ShieldSpikes"],"picked":"Guardian:PolyBeam","floor":2},{"not_picked":["Guardian:ShieldCharger","Guardian:Suspension"],"picked":"Guardian:BronzeOrb","floor":3},{"not_picked":["Guardian:PrismaticBarrier","Guardian:PiercingHide"],"picked":"Guardian:Gem_Blue","floor":6},{"not_picked":["Guardian:StasisField","Guardian:ShieldCharger"],"picked":"Guardian:TemporalStrike","floor":8}],"player_experience":48938,"relics_obtained":[{"floor":7,"key":"AT_SilvercatRing"},{"floor":8,"key":"ReplayTheSpireMod:Shallot"}],"event_choices":[],"is_beta":false,"boss_relics":[],"items_purged_floors":[],"is_endless":false,"potions_floor_spawned":[8],"killed_by":"Gremlin Nob","ascension_level":1}}