{"host":"38p8qnzhmsyj15s2","time":1613701071,"event":{"mods":["AchievementEnabler","Act Like it!","Aspiration","Bard","BaseMod","BetterRewards","Challenge The Spire","Colored Powertips","Conspire","DeckTracker","Defuse TimeMaze Blight","Downfall","Energized Spire","GifTheSpireLib","Googly Eyes","Halation","Hermit","Hubris","Infinite Spire","Jorbs\u0027s Wanderer Trilogy","Minty Spire (QoL Compilation)","Quick Restart","Random Character Button","Rare Cards Sparkle","Relic Sorter","Replay The Spire","StSLib","The Cursed","The Hayseed","The Hierophant","The Jungle","The Servant 0.9.4","TheFirefly","Wandering Minibosses","everything is the same but u backflip on backflip"],"gold_per_floor":[109,134,146,165,177,209,209,225,225,225,257,275,275,33,33,137,137,150,150,150,44,59,59,59,90,114,147,147,164,178,190,190,285,285,297,297,297,297,342,342,354,366,389,407,407,407,427,427,427,427,427],"floor_reached":50,"language":"ENG","playtime":4460,"items_purged":["Strike_B","Zap","Voices"],"score":542,"play_id":"3f703e79-4d71-40df-a10c-e8d9b360364f","local_time":"20210219021751","is_ascension_mode":false,"campfire_choices":[{"data":"Mayhem","floor":7,"key":"SMITH"},{"floor":15,"key":"REST"},{"data":"conspire:SharedLibrary","floor":24,"key":"SMITH"},{"floor":49,"key":"REST"}],"circlet_count":0,"master_deck":["Strike_B","Defend_B","Defend_B","Defend_B","Defend_B","Dualcast","Mayhem+1","ReplayGash","Go for the Eyes+1","Sweeping Beam+1","Streamline+1","Go for the Eyes+1","Leap","Gash+1","Sweeping Beam+1","Mirror Shield","conspire:SharedLibrary+1","Jack Of All Trades","Mirror Shield","Streamline+1","Defragment+1","Cold Snap+1","Blizzard+1","All For One+1","Leap","ReplayTheSpireMod:Omega Cannon+1","Defragment+1","hubris:Rewind","Crystallizer+1","Stack","Buffer"],"relics":["Cracked Core","halation:PinkSoulGem","halation:VictoryRuler","hubris:Icosahedron","Molten Egg 2","Vajra","infinitespire:PuzzleCube","ReplayFunnel","conspire:RunicOctahedron","Bottled Flame","ReplayTheSpireMod:Ring of Exchange","ReplayTheSpireMod:Ring of Addiction","hubris:EmptyBottle","Chameleon Ring","Nunchaku","Lantern","Solar Panel","SacredBark","hubris:Zylophone","hubris:MedicalManual","conspire:TopHat","halation:EternalFortune"],"acts_visited":["Exordium","TheCity","TheBeyond"],"potions_floor_usage":[6,16,16,22,22,25,25,29,29,29,29,31,33,35,39,41,42,42,44,47,50,50,50,50,50],"damage_taken":[{"damage":1,"enemies":"Cultist","floor":1,"turns":3},{"damage":2,"enemies":"Small Slimes","floor":3,"turns":3},{"damage":0,"enemies":"2 Louse","floor":4,"turns":2},{"damage":4,"enemies":"Exordium Thugs","floor":5,"turns":3},{"damage":13,"enemies":"Lagavulin","floor":6,"turns":6},{"damage":2,"enemies":"Looter","floor":8,"turns":2},{"damage":11,"enemies":"Gremlin Nob","floor":11,"turns":4},{"damage":7,"enemies":"Blue Slaver","floor":12,"turns":2},{"damage":7,"enemies":"Hexaghost","floor":16,"turns":9},{"damage":0,"enemies":"3 Byrds","floor":18,"turns":4},{"damage":2,"enemies":"Shell Parasite","floor":22,"turns":4},{"damage":0,"enemies":"Nightmare","floor":25,"turns":5},{"damage":22,"enemies":"Gremlin Leader","floor":27,"turns":5},{"damage":0,"enemies":"3 Cultists","floor":29,"turns":4},{"damage":2,"enemies":"Snake Plant","floor":30,"turns":4},{"damage":0,"enemies":"Snecko","floor":31,"turns":3},{"damage":9,"enemies":"conspire:MysteriousRune","floor":33,"turns":9},{"damage":13,"enemies":"Orb Walker","floor":35,"turns":4},{"damage":0,"enemies":"2 Orb Walkers","floor":39,"turns":3},{"damage":0,"enemies":"3 Darklings","floor":41,"turns":2},{"damage":2,"enemies":"Writhing Mass","floor":42,"turns":6},{"damage":0,"enemies":"Maw","floor":44,"turns":6},{"damage":29,"enemies":"Spire Growth","floor":47,"turns":7},{"damage":75,"enemies":"infinitespire:MassOfShapes","floor":50,"turns":9}],"seed_played":"-3864477423763554471","potions_obtained":[{"floor":1,"key":"Slimebound:ThreeZeroPotion"},{"floor":3,"key":"Guardian:BlockOnCardUsePotion"},{"floor":5,"key":"SkillPotion"},{"floor":20,"key":"Doom Potion"},{"floor":20,"key":"Block Potion"},{"floor":20,"key":"AttackPotion"},{"floor":22,"key":"hexamod:SoulburnPotion"},{"floor":23,"key":"Regen Potion"},{"floor":28,"key":"Regen Potion"},{"floor":30,"key":"bronze:BurnAndBuffPotion"},{"floor":32,"key":"FocusPotion"},{"floor":32,"key":"Flashbang"},{"floor":40,"key":"PowerPotion"},{"floor":40,"key":"SkillPotion"},{"floor":41,"key":"Flashbang"},{"floor":45,"key":"Fire Potion"},{"floor":47,"key":"Slimebound:ThreeZeroPotion"}],"is_trial":false,"path_per_floor":["M","T","M","M","M","E","R","M","T","?","E","M","?","$","R","B",null,"M","AVR","?","$","M","?","R","NM","T","E","R","M","M","M","R","B",null,"M","?","?","AVR","?","R","M","M","T","M","R","?","M","?","R","B"],"character_chosen":"DEFECT","items_purchased":["Mayhem","ReplayGash","Molten Egg 2","conspire:SharedLibrary","Jack Of All Trades","Defragment+1","Cold Snap+1"],"campfire_rested":2,"item_purchase_floors":[0,0,0,14,14,21,21],"current_hp_per_floor":[74,74,72,72,68,55,55,53,53,53,42,35,35,35,57,50,75,75,75,75,75,73,73,73,73,73,51,51,73,71,71,71,62,73,60,60,42,42,42,42,44,42,42,42,42,42,13,16,38,0,0],"gold":427,"neow_bonus":"","is_daily":false,"chose_seed":false,"campfire_upgraded":2,"win_rate":0.0,"timestamp":1613701071,"path_taken":["M","?","M","M","M","E","R","M","T","?","E","?","?","?","R","BOSS","M","AVR","?","$","M","?","R","NM","T","E","R","M","M","M","R","BOSS","M","?","?","AVR","?","R","M","M","T","M","R","?","?","?","R","BOSS"],"items_purchased_type":["Card","Card","Relic","Card","Card","Card","Card"],"build_version":"2020-12-22","purchased_purges":3,"victory":false,"max_hp_per_floor":[75,75,75,75,75,75,75,75,75,75,75,75,75,75,75,75,75,75,75,75,75,75,75,75,75,75,75,75,73,73,73,73,73,73,73,73,73,73,71,71,71,71,71,71,71,71,71,74,74,74,74],"card_choices":[{"not_picked":["BasicCrystalCard","Coolheaded"],"picked":"Go for the Eyes+1","floor":1},{"not_picked":["Panic Button","Stack"],"picked":"Sweeping Beam+1","floor":3},{"not_picked":["Steam","Panic Button"],"picked":"Streamline+1","floor":4},{"not_picked":["Ball Lightning+1","BasicCrystalCard"],"picked":"Go for the Eyes+1","floor":5},{"not_picked":["Beam Cell+1","Heatsinks"],"picked":"Leap","floor":6},{"not_picked":["Genetic Algorithm","Fusion"],"picked":"Gash+1","floor":8},{"not_picked":["Stack","Capacitor"],"picked":"Sweeping Beam+1","floor":11},{"not_picked":["Ball Lightning+1","ReplayTheSpireMod:Reroute Power"],"picked":"Mirror Shield","floor":12},{"not_picked":["Multi-Cast","Reboot"],"picked":"Mirror Shield","floor":16},{"not_picked":["Stack+1","conspire:Rain"],"picked":"Streamline+1","floor":18},{"not_picked":["Darkness","Streamline+1","Coolheaded"],"picked":"SKIP","floor":22},{"not_picked":["Hologram","Go for the Eyes+1","BasicCrystalCard"],"picked":"SKIP","floor":25},{"not_picked":["Static Discharge+1","Conserve Battery"],"picked":"Blizzard+1","floor":27},{"not_picked":["Steam","Double Energy","Go for the Eyes+1"],"picked":"SKIP","floor":29},{"not_picked":["BasicCrystalCard+1","Capacitor"],"picked":"All For One+1","floor":30},{"not_picked":["Hologram","Sweeping Beam+1"],"picked":"Leap","floor":31},{"not_picked":["Multi-Cast","ReplayTheSpireMod:Fabricate Wheel"],"picked":"ReplayTheSpireMod:Omega Cannon+1","floor":33},{"not_picked":["Sweeping Beam+1","Beam Cell+1"],"picked":"Defragment+1","floor":35},{"not_picked":["infinitespire:Execution","infinitespire:SevenWalls"],"picked":"hubris:Rewind","floor":37},{"not_picked":["Barrage+1","Cold Snap+1","Heatsinks+1"],"picked":"SKIP","floor":41},{"not_picked":["Double Energy+1","Rip and Tear+1"],"picked":"Crystallizer+1","floor":42},{"not_picked":["Doom and Gloom+1","Go for the Eyes+1"],"picked":"Stack","floor":44},{"not_picked":["Conserve Battery+1","White Noise+1"],"picked":"Buffer","floor":47}],"player_experience":24278,"relics_obtained":[{"floor":2,"key":"Vajra"},{"floor":6,"key":"infinitespire:PuzzleCube"},{"floor":9,"key":"halation:VictoryRuler"},{"floor":11,"key":"ReplayFunnel"},{"floor":20,"key":"ReplayTheSpireMod:Ring of Exchange"},{"floor":20,"key":"ReplayTheSpireMod:Ring of Addiction"},{"floor":20,"key":"hubris:EmptyBottle"},{"floor":20,"key":"Chameleon Ring"},{"floor":25,"key":"Nunchaku"},{"floor":26,"key":"Lantern"},{"floor":27,"key":"Solar Panel"},{"floor":39,"key":"hubris:MedicalManual"},{"floor":43,"key":"conspire:TopHat"}],"event_choices":[{"cards_removed":["Strike_B"],"damage_healed":0,"gold_gain":0,"player_choice":"Offered Basic","damage_taken":0,"max_hp_gain":0,"max_hp_loss":0,"event_name":"Bonfire Elementals","floor":10,"gold_loss":0},{"cards_removed":["Strike_B"],"damage_healed":0,"gold_gain":0,"player_choice":"Forget","damage_taken":0,"max_hp_gain":0,"max_hp_loss":0,"event_name":"Living Wall","floor":13,"gold_loss":0},{"damage_healed":0,"gold_gain":0,"player_choice":"Got Potions","damage_taken":0,"max_hp_gain":0,"max_hp_loss":0,"event_name":"Lab","floor":23,"gold_loss":0},{"damage_healed":0,"gold_gain":0,"player_choice":"Fight","damage_taken":0,"max_hp_gain":0,"max_hp_loss":0,"event_name":"Mysterious Sphere","floor":39,"gold_loss":0}],"is_beta":false,"boss_relics":[{"not_picked":["Snecko Eye","hubris:RunicObelisk"],"picked":"conspire:RunicOctahedron"},{"not_picked":["Astrolabe","Strange Spoon"],"picked":"SacredBark"}],"items_purged_floors":[14,19,38],"is_endless":true,"potions_floor_spawned":[1,3,5,22,30,41,47],"killed_by":"infinitespire:MassOfShapes","ascension_level":0}}