{"host":"dmtlrev5pkc1867p","time":1613755500,"event":{"mods":["AchievementEnabler","BaseMod","Colored Map","Colored Powertips","Downfall","Hermit","Highlight Path","Hubris","Infinite Spire","Marisa¡]Ãú«B¡@Å]²z¨F¡^","Minty Spire (QoL Compilation)","Permanent Neow","Quick Restart","Rare Cards Sparkle","Relic Sorter","Relic Stats","Replay The Spire","Shop Mod","StSLib","SuperFastMode","The Construct","The Cursed","The Mystic","The Necromancer","The Poker Player","The Runesmith","The Servant 0.9.4"],"gold_per_floor":[118,118,118,84,84,84,111,111,111,145,168,168,190,212,212,311,311,337,364,74,95,95,95,17,37,37,0,16,16,39,65,65,173,173,203,1202,1229,1229,1229,1270,464,510,510,510,118,118,135,135,135,143,143,143,20,72,80,80],"floor_reached":55,"language":"ZHS","playtime":2775,"items_purged":["Normality","Normality"],"score":1325,"play_id":"edda6ee3-7ffa-41d3-a582-673f847fc8bc","local_time":"20210220012500","is_ascension_mode":true,"campfire_choices":[{"floor":6.0,"key":"REST"},{"floor":15.0,"key":"REST"},{"floor":23.0,"key":"REST"},{"floor":29.0,"key":"REST"},{"floor":32.0,"key":"REST"},{"floor":46,"key":"RECALL"},{"floor":49,"key":"REST"},{"floor":52,"key":"REST"}],"circlet_count":0,"master_deck":["AscendersBane","TheCursedMod:Strike_TheCursed","TheCursedMod:Strike_TheCursed","TheCursedMod:Strike_TheCursed","TheCursedMod:Strike_TheCursed","TheCursedMod:Defend_TheCursed","TheCursedMod:Defend_TheCursed","TheCursedMod:Defend_TheCursed","TheCursedMod:Defend_TheCursed+1","TheCursedMod:CursedWand","TheCursedMod:CleanUpWorkshop+1","TheCursedMod:Dregs","TheCursedMod:ReleasedStrength","TheCursedMod:HellfireBreathing","TheCursedMod:CursedAmulet+1","TheCursedMod:SpitefulPlan","TheCursedMod:AntiAging","TheCursedMod:CursedMace","TheCursedMod:CircleOfCorruption","TheCursedMod:FleshFromBone","TheCursedMod:ForbiddenAlchemy","TheCursedMod:CircleOfCorruption","TheCursedMod:SoulCrush","Clumsy","TheCursedMod:Hemoplague","TheCursedMod:NeowsMight","TheCursedMod:NeowsMight","TheCursedMod:HellsGateOpen","TheCursedMod:DoubleShield","TheCursedMod:CursedRelics","TheCursedMod:TroublousMinions+1","TheCursedMod:Obscuration+1","TheCursedMod:ParallelWorld","TheCursedMod:CursedBlade+1","TheCursedMod:CircleOfAmplification+1","hubris:Wrath","TheCursedMod:ForbiddenAlchemy","TheCursedMod:CircleOfCorruption","TheCursedMod:WearCloak","TheCursedMod:CursedShiv","TheCursedMod:SoulReap","TheCursedMod:HellsGateOpen","Good Instincts","TheCursedMod:CircleOfBlood+1","TheCursedMod:HellfireBreathing","Replay:Dark Deal+1","TheCursedMod:CircleOfCorruption","TheCursedMod:HellfireBreathing","ReplayUltimateDefense","ReplayTheSpireMod:Trickstab","Panacea","TheCursedMod:CursedArmor"],"relics":["TheCursedMod:BlackMagic101","NeowsBlessing","Letter Opener","Replay:Bandana","Mercury Hourglass","infinitespire:Satchel","Replay:Kaleidoscope","Replay:Bronze Core","ReplayTheSpireMod:CursedCoin","Runesmith:Nanobots","Mango","hubris:GrandSneckoEye","Ring of Peace","Pocketwatch","Ancient Tea Set","Gremlin Food","Potion Belt","Replay:Ringing Soul","Medical Kit","ReplayTheSpireMod:ShopPack","Pantograph"],"acts_visited":["Exordium","TheCity","TheBeyond","TheEnding"],"potions_floor_usage":[42,42,50,50,50,54,54,54,55,55,55,55,55,55,55,55,55,55,55,55,55,55],"damage_taken":[{"damage":0.0,"enemies":"Cultist","floor":1.0,"turns":1.0},{"damage":0.0,"enemies":"Lagavulin","floor":7.0,"turns":1.0},{"damage":0.0,"enemies":"3 Sentries","floor":10.0,"turns":1.0},{"damage":1.0,"enemies":"Small Slimes","floor":11.0,"turns":4.0},{"damage":7.0,"enemies":"2 Louse","floor":13.0,"turns":3.0},{"damage":0.0,"enemies":"Large Slime","floor":14.0,"turns":3.0},{"damage":53.0,"enemies":"Hexaghost","floor":16.0,"turns":10.0},{"damage":9.0,"enemies":"Shell Parasite","floor":18.0,"turns":5.0},{"damage":22.0,"enemies":"2 Thieves","floor":19.0,"turns":3.0},{"damage":26.0,"enemies":"Snake Plant","floor":21.0,"turns":2.0},{"damage":10.0,"enemies":"Centurion and Healer","floor":25.0,"turns":4.0},{"damage":16.0,"enemies":"Cultist and Chosen","floor":28.0,"turns":5.0},{"damage":13.0,"enemies":"3 Cultists","floor":30.0,"turns":5.0},{"damage":0.0,"enemies":"Snecko","floor":31.0,"turns":3.0},{"damage":62.0,"enemies":"Collector","floor":33.0,"turns":10.0},{"damage":0.0,"enemies":"Orb Walker","floor":35.0,"turns":1.0},{"damage":30.0,"enemies":"3 Darklings","floor":37.0,"turns":4.0},{"damage":23.0,"enemies":"Reptomancer","floor":40.0,"turns":6.0},{"damage":0,"enemies":"Giant Head","floor":42,"turns":6},{"damage":0,"enemies":"4 Shapes","floor":47,"turns":4},{"damage":61,"enemies":"Time Eater","floor":50,"turns":10},{"damage":73,"enemies":"Shield and Spear","floor":54,"turns":5},{"damage":104,"enemies":"The Heart","floor":55,"turns":8}],"seed_played":"-1378462234805005377","potions_obtained":[{"floor":10.0,"key":"Fire Potion"},{"floor":11.0,"key":"Fire Potion"},{"floor":14.0,"key":"FearPotion"},{"floor":30.0,"key":"Fire Potion"},{"floor":35.0,"key":"Reflective Coating"},{"floor":54,"key":"LiquidBronze"}],"is_trial":false,"path_per_floor":["M","T","?","$","?","R","E","?","T","E","M","T","M","M","R","B",null,"M","M","$","M","?","R","$","M","T","?","M","R","M","M","R","B",null,"M","?","M","AVR","?","E","$","E","T","?","$","R","M","?","R","B",null,"R","$","E","B"],"character_chosen":"THE_CURSED","items_purchased":["TheCursedMod:CursedAmulet+1","ReplayTheSpireMod:CursedCoin","TheCursedMod:Hemoplague","TheCursedMod:NeowsMight","Runesmith:Nanobots","TheCursedMod:HellsGateOpen","TheCursedMod:CircleOfCorruption","TheCursedMod:WearCloak","TheCursedMod:CursedShiv","TheCursedMod:SoulReap","Ancient Tea Set","Gremlin Food","LifebloodPotion","TheCursedMod:HellsGateOpen","Good Instincts","TheCursedMod:HellfireBreathing","Replay:Dark Deal","Medical Kit","ReplayTheSpireMod:ShopPack"],"campfire_rested":7,"item_purchase_floors":[4,20,20,20,20,24,41,41,41,41,41,41,41,41,41,45,45,45,53],"current_hp_per_floor":[68,68,68,68,35,57,57,57,57,57,58,58,53,55,79,28,69,62,40,40,14,14,39,39,31,45,45,31,61,50,50,81,36,89,107,107,77,77,77,56,56,66,66,66,69,69,72,75,111,90,113,120,123,55,0,0],"gold":80,"neow_bonus":"THREE_ENEMY_KILL","is_daily":false,"chose_seed":false,"campfire_upgraded":0,"win_rate":0.0,"timestamp":1613755500,"path_taken":["M","?","?","$","?","R","E","?","T","E","M","?","?","M","R","BOSS","BOSS","M","M","$","M","?","R","$","M","T","?","M","R","M","M","R","BOSS","BOSS","M","?","M","AVR","?","E","$","E","T","?","$","R","?","?","R","BOSS","R","$","E","BOSS"],"items_purchased_type":["Card","Relic","Card","Card","Relic","Card","Card","Card","Card","Card","Relic","Relic","Potion","Card","Card","Card","Card","Relic","Relic"],"build_version":"2020-12-22","purchased_purges":2,"victory":false,"max_hp_per_floor":[75,75,75,75,75,75,75,75,75,75,77,77,79,81,81,83,83,85,85,85,85,85,85,85,87,101,101,103,103,105,105,105,107,107,107,107,107,107,107,109,109,111,111,111,114,114,117,120,120,120,120,120,123,128,128,128],"relic_stats":{"counters":[23,102],"Pantograph":25,"Letter Opener":[362],"Medical Kit":[5],"obtain_stats":[{"Gremlin Food":41,"Potion Belt":42,"TheCursedMod:BlackMagic101":0,"Runesmith:Nanobots":20,"NeowsBlessing":0,"ReplayTheSpireMod:CursedCoin":20,"Mango":26,"Letter Opener":5,"Replay:Kaleidoscope":12,"Ancient Tea Set":41,"Medical Kit":45,"Mercury Hourglass":9,"Replay:Ringing Soul":43,"Replay:Bandana":7,"Replay:Bronze Core":17,"Ring of Peace":39,"Pantograph":54,"infinitespire:Satchel":10,"hubris:GrandSneckoEye":34,"Pocketwatch":40,"ReplayTheSpireMod:ShopPack":53},{"Gremlin Food":18,"Potion Belt":19,"TheCursedMod:BlackMagic101":0,"Runesmith:Nanobots":9,"NeowsBlessing":0,"ReplayTheSpireMod:CursedCoin":9,"Mango":11,"Letter Opener":1,"Replay:Kaleidoscope":4,"Ancient Tea Set":18,"Medical Kit":19,"Mercury Hourglass":2,"Replay:Ringing Soul":19,"Replay:Bandana":2,"Replay:Bronze Core":7,"Ring of Peace":17,"Pantograph":22,"infinitespire:Satchel":3,"hubris:GrandSneckoEye":15,"Pocketwatch":18,"ReplayTheSpireMod:ShopPack":21},{"Gremlin Food":69,"Potion Belt":75,"TheCursedMod:BlackMagic101":0,"Runesmith:Nanobots":29,"NeowsBlessing":0,"ReplayTheSpireMod:CursedCoin":29,"Mango":35,"Letter Opener":1,"Replay:Kaleidoscope":6,"Ancient Tea Set":69,"Medical Kit":75,"Mercury Hourglass":2,"Replay:Ringing Soul":75,"Replay:Bandana":2,"Replay:Bronze Core":21,"Ring of Peace":63,"Pantograph":94,"infinitespire:Satchel":3,"hubris:GrandSneckoEye":58,"Pocketwatch":69,"ReplayTheSpireMod:ShopPack":89}],"Mercury Hourglass":[513],"Pocketwatch":[16]},"card_choices":[{"not_picked":["TheCursedMod:CircleOfFlame","TheCursedMod:SmokeScreen"],"picked":"TheCursedMod:ReleasedStrength","floor":1.0},{"not_picked":["TheCursedMod:CursedAmulet","TheCursedMod:Obscuration"],"picked":"TheCursedMod:SpitefulPlan","floor":7.0},{"not_picked":["TheCursedMod:SpitefulStrike","TheCursedMod:TacticalStrike"],"picked":"TheCursedMod:AntiAging","floor":10.0},{"not_picked":["TheCursedMod:Wield","TheCursedMod:RavingStaff"],"picked":"TheCursedMod:CursedMace","floor":11.0},{"not_picked":["TheCursedMod:CursedAmulet","TheCursedMod:CursedArmor"],"picked":"TheCursedMod:CircleOfCorruption","floor":13.0},{"not_picked":["TheCursedMod:Stretching","TheCursedMod:CursedAmulet"],"picked":"TheCursedMod:FleshFromBone","floor":14.0},{"not_picked":["TheCursedMod:AntiAging","TheCursedMod:CircleOfAbyss"],"picked":"TheCursedMod:ForbiddenAlchemy","floor":16.0},{"not_picked":["TheCursedMod:ManaBullet+1","TheCursedMod:Stretching"],"picked":"TheCursedMod:CircleOfCorruption","floor":18.0},{"not_picked":["TheCursedMod:CursedBoomerang","TheCursedMod:RapidMovement"],"picked":"TheCursedMod:SoulCrush","floor":19.0},{"not_picked":["TheCursedMod:SoulCrush","TheCursedMod:SurpriseAttack"],"picked":"TheCursedMod:NeowsMight","floor":21.0},{"not_picked":["TheCursedMod:SoulCrush","TheCursedMod:AshesToAshes"],"picked":"TheCursedMod:DoubleShield","floor":25.0},{"not_picked":["TheCursedMod:CursedStaff","TheCursedMod:CursedAmulet+1"],"picked":"TheCursedMod:CursedRelics","floor":28.0},{"not_picked":["TheCursedMod:FleshFromBone","TheCursedMod:Torture"],"picked":"TheCursedMod:TroublousMinions+1","floor":30.0},{"not_picked":["TheCursedMod:SpitefulStrike","TheCursedMod:CircleOfWindfury+1"],"picked":"TheCursedMod:Obscuration+1","floor":31.0},{"not_picked":["TheCursedMod:UltimatePain","TheCursedMod:DarkBarrier"],"picked":"TheCursedMod:ParallelWorld","floor":33.0},{"not_picked":["TheCursedMod:CircleOfFlame","TheCursedMod:Mangle+1"],"picked":"TheCursedMod:CursedBlade+1","floor":35.0},{"not_picked":["TheCursedMod:CursedMace+1","TheCursedMod:FuryStrike"],"picked":"TheCursedMod:CircleOfAmplification+1","floor":37.0},{"not_picked":["TheCursedMod:VitalStrike","TheCursedMod:SmokeScreen+1"],"picked":"TheCursedMod:ForbiddenAlchemy","floor":40.0},{"not_picked":["TheCursedMod:TacticalStrike","TheCursedMod:CircleOfFocus"],"picked":"TheCursedMod:CircleOfBlood+1","floor":42},{"not_picked":["TheCursedMod:SpitefulStrike","TheCursedMod:CursedMace"],"picked":"TheCursedMod:CircleOfCorruption","floor":47},{"not_picked":["Chrysalis","hubris:EnhanceAbility"],"picked":"ReplayUltimateDefense","floor":53},{"not_picked":["Good Instincts","Madness"],"picked":"ReplayTheSpireMod:Trickstab","floor":53},{"not_picked":["Blind","Violence"],"picked":"Panacea","floor":53},{"not_picked":["TheCursedMod:UltimatePain","TheCursedMod:ReleasedKnowledge+1"],"picked":"TheCursedMod:CursedArmor","floor":54}],"player_experience":743749,"relics_obtained":[{"floor":7.0,"key":"Replay:Bandana"},{"floor":9.0,"key":"Mercury Hourglass"},{"floor":10.0,"key":"infinitespire:Satchel"},{"floor":12.0,"key":"Replay:Kaleidoscope"},{"floor":26.0,"key":"Mango"},{"floor":39.0,"key":"Ring of Peace"},{"floor":40.0,"key":"Pocketwatch"},{"floor":42,"key":"Potion Belt"},{"floor":43,"key":"Replay:Ringing Soul"},{"floor":54,"key":"Pantograph"}],"event_choices":[{"damage_healed":0.0,"max_hp_gain":0.0,"max_hp_loss":0.0,"gold_gain":0.0,"event_name":"Scrap Ooze","player_choice":"Success","floor":5.0,"gold_loss":0.0,"damage_taken":33.0,"relics_obtained":["Letter Opener"]},{"damage_healed":0.0,"max_hp_gain":0.0,"max_hp_loss":0.0,"gold_gain":0.0,"event_name":"Masked Bandits","player_choice":"Paid Fearfully","floor":27.0,"gold_loss":37.0,"damage_taken":0.0},{"damage_healed":0.0,"max_hp_gain":0.0,"max_hp_loss":0.0,"gold_gain":999.0,"event_name":"MindBloom","player_choice":"Gold","floor":36.0,"gold_loss":0.0,"damage_taken":0.0,"cards_obtained":["Normality","Normality"]},{"damage_healed":0,"gold_gain":0,"player_choice":"Ignored","damage_taken":0,"max_hp_gain":0,"max_hp_loss":0,"event_name":"Fountain of Cleansing","floor":44,"gold_loss":0},{"damage_healed":0,"gold_gain":0,"player_choice":"Copied","damage_taken":0,"max_hp_gain":0,"max_hp_loss":0,"event_name":"Duplicator","floor":48,"gold_loss":0,"cards_obtained":["TheCursedMod:HellfireBreathing"]}],"is_beta":false,"boss_relics":[{"not_picked":["construct:WeddingRing","hubris:CrackedHourglass"],"picked":"Replay:Bronze Core"},{"not_picked":["ReplayTheSpireMod:DimensionalGlitch","Runic Pyramid"],"picked":"hubris:GrandSneckoEye"}],"items_purged_floors":[38,41],"is_endless":false,"potions_floor_spawned":[10,11,14,19,30,31,35,54],"killed_by":"The Heart","ascension_level":11}}