{"host":"ue7jlgf7uv134an9","time":1613774206,"event":{"mods":["BaseMod","Better Third Choice","Colored Map","Defuse TimeMaze Blight","Minty Spire (QoL Compilation)","Quick Restart","Rare Cards Sparkle","Relic Stats","StSLib","UnlockEverythingMod"],"gold_per_floor":[113,125,200,214,228,262,262,274,323,323,323,323,94,119,119,220,220,231,231,242,542,542,239,251,251,251,279,279,293,318,334,334,437,437,450,500,229,229,244,244,244,244,244,244,10,26,26,26,26,26],"floor_reached":51,"language":"ENG","playtime":1978,"items_purged":["Strike_G","Writhe","Bouncing Flask","Noxious Fumes"],"score":721,"play_id":"023e08fd-7c21-4ca9-8ff0-ff11829ded59","local_time":"20210219173646","is_ascension_mode":false,"campfire_choices":[{"floor":7.0,"key":"REST"},{"data":"1","floor":10.0,"key":"LIFT"},{"data":"2","floor":15.0,"key":"LIFT"},{"data":"3","floor":25.0,"key":"LIFT"},{"floor":28.0,"key":"REST"},{"data":"Sadistic Nature","floor":32.0,"key":"SMITH"},{"data":"Burst","floor":40,"key":"SMITH"},{"data":"Trip","floor":44,"key":"SMITH"},{"data":"Finisher","floor":47,"key":"SMITH"},{"data":"Cloak And Dagger","floor":49,"key":"SMITH"}],"circlet_count":0,"master_deck":["Survivor","Neutralize","Sadistic Nature+1","Sucker Punch","Bouncing Flask","Leg Sweep","Blade Dance","Finesse","After Image","Footwork","Adrenaline","Backflip","Cloak And Dagger+1","Backstab","Accuracy","Blur","Phantasmal Killer+1","Predator","Escape Plan","Burst+1","Endless Agony","Slice","Endless Agony","Flechettes","Dodge and Roll+1","Deep Breath","Trip+1","PiercingWail","Finisher+1"],"relics":["Ring of the Snake","Girya","Juzu Bracelet","Pen Nib","Orichalcum","Philosopher\u0027s Stone","Enchiridion","Old Coin","Blood Vial","Kunai","Dead Branch","Red Mask","Pandora\u0027s Box","WingedGreaves","HandDrill","Paper Crane"],"acts_visited":["TheCity","TheBeyond"],"potions_floor_usage":[35,50,50,50],"damage_taken":[{"damage":0.0,"enemies":"Small Slimes","floor":1.0,"turns":3.0},{"damage":0.0,"enemies":"Cultist","floor":2.0,"turns":4.0},{"damage":1.0,"enemies":"Jaw Worm","floor":4.0,"turns":4.0},{"damage":2.0,"enemies":"3 Louse","floor":5.0,"turns":4.0},{"damage":6.0,"enemies":"Lagavulin","floor":6.0,"turns":8.0},{"damage":0.0,"enemies":"Gremlin Gang","floor":8.0,"turns":4.0},{"damage":0.0,"enemies":"Gremlin Nob","floor":14.0,"turns":3.0},{"damage":8.0,"enemies":"Hexaghost","floor":16.0,"turns":11.0},{"damage":0.0,"enemies":"Spheric Guardian","floor":18.0,"turns":5.0},{"damage":0.0,"enemies":"Shell Parasite","floor":20.0,"turns":5.0},{"damage":3.0,"enemies":"Centurion and Healer","floor":24.0,"turns":4.0},{"damage":0.0,"enemies":"Book of Stabbing","floor":27.0,"turns":4.0},{"damage":0.0,"enemies":"Cultist and Chosen","floor":29.0,"turns":4.0},{"damage":0.0,"enemies":"Masked Bandits","floor":30.0,"turns":2.0},{"damage":0.0,"enemies":"Snake Plant","floor":31.0,"turns":3.0},{"damage":4,"enemies":"Champ","floor":33,"turns":10},{"damage":2,"enemies":"3 Darklings","floor":35,"turns":3},{"damage":1,"enemies":"Mind Bloom Boss Battle","floor":36,"turns":5},{"damage":0,"enemies":"3 Shapes","floor":39,"turns":2},{"damage":0,"enemies":"3 Darklings","floor":46,"turns":3},{"damage":41,"enemies":"Donu and Deca","floor":50,"turns":3}],"seed_played":"4171725056924022682","potions_obtained":[{"floor":1.0,"key":"GhostInAJar"},{"floor":4.0,"key":"EntropicBrew"},{"floor":12.0,"key":"Dexterity Potion"},{"floor":12.0,"key":"BlessingOfTheForge"},{"floor":14.0,"key":"Strength Potion"},{"floor":16.0,"key":"BlessingOfTheForge"},{"floor":27.0,"key":"Explosive Potion"},{"floor":35,"key":"AttackPotion"}],"is_trial":false,"path_per_floor":["M","M","?","M","M","E","R","M","T","R","?","?","$","E","R","B",null,"M","?","M","?","?","$","M","R","T","E","R","M","?","M","R","B",null,"M","?","$","?","M","R","?","?","T","R","$","M","R","$","R","B",null],"character_chosen":"THE_SILENT","items_purchased":["Finesse","After Image","Cloak And Dagger","Blood Vial","HandDrill","PiercingWail","Finisher"],"campfire_rested":2,"item_purchase_floors":[13,13,23,23,37,45,45],"current_hp_per_floor":[49,49,42,41,39,33,54,54,54,54,47,47,47,47,47,39,70,70,54,54,54,41,41,40,40,40,42,64,66,68,70,70,68,75,73,74,74,74,75,75,70,70,70,70,70,72,72,72,72,33],"gold":26,"neow_bonus":"RANDOM_COLORLESS_2","is_daily":false,"chose_seed":false,"campfire_upgraded":5,"win_rate":0.0,"timestamp":1613774206,"path_taken":["M","M","?","M","M","E","R","?","T","R","?","?","$","E","R","BOSS","M","?","M","?","?","$","M","R","T","E","R","M","?","M","R","BOSS","M","?","$","?","M","R","?","?","T","R","$","M","R","?","R","BOSS"],"items_purchased_type":["Card","Card","Card","Relic","Relic","Card","Card"],"build_version":"2020-12-22","purchased_purges":4,"victory":true,"max_hp_per_floor":[70,70,70,70,70,70,70,70,70,70,70,70,70,70,70,70,70,70,70,70,70,75,75,75,75,75,75,75,75,75,75,75,75,75,75,75,75,75,75,75,75,75,75,75,75,75,75,75,75,75],"relic_stats":{"Blood Vial":19,"counters":[21,94],"Dead Branch":[58],"Pandora\u0027s Box":["Bouncing Flask","Noxious Fumes","Predator","Escape Plan","Burst","Endless Agony","Slice","Endless Agony","Flechettes"],"Pen Nib":[18],"Juzu Bracelet":3,"HandDrill":[2],"Kunai":[30],"Orichalcum":[0],"obtain_stats":[{"Girya":6,"Dead Branch":27,"Enchiridion":19,"Pen Nib":11,"Juzu Bracelet":9,"Orichalcum":14,"Paper Crane":43,"Old Coin":21,"Blood Vial":23,"Philosopher\u0027s Stone":17,"Pandora\u0027s Box":34,"WingedGreaves":36,"Red Mask":30,"HandDrill":37,"Kunai":26,"Ring of the Snake":0},{"Girya":5,"Dead Branch":12,"Enchiridion":9,"Pen Nib":6,"Juzu Bracelet":6,"Orichalcum":7,"Paper Crane":19,"Old Coin":10,"Blood Vial":10,"Philosopher\u0027s Stone":8,"Pandora\u0027s Box":16,"WingedGreaves":18,"Red Mask":14,"HandDrill":18,"Kunai":11,"Ring of the Snake":0},{"Girya":23,"Dead Branch":59,"Enchiridion":46,"Pen Nib":27,"Juzu Bracelet":27,"Orichalcum":30,"Paper Crane":88,"Old Coin":51,"Blood Vial":51,"Philosopher\u0027s Stone":41,"Pandora\u0027s Box":78,"WingedGreaves":86,"Red Mask":65,"HandDrill":86,"Kunai":55,"Ring of the Snake":0}],"Ring of the Snake":[43]},"card_choices":[{"not_picked":["Secret Technique","Master of Strategy"],"picked":"Sadistic Nature","floor":0.0},{"not_picked":["Flying Knee","Leg Sweep"],"picked":"Sucker Punch","floor":1.0},{"not_picked":["Riddle With Holes","Tactician"],"picked":"Dagger Spray","floor":2.0},{"not_picked":["Prepared","Underhanded Strike"],"picked":"Bouncing Flask","floor":4.0},{"not_picked":["Underhanded Strike","Quick Slash"],"picked":"Leg Sweep","floor":5.0},{"not_picked":["Grand Finale","Bane"],"picked":"Blade Dance","floor":6.0},{"not_picked":["Deadly Poison","Distraction","Skewer"],"picked":"SKIP","floor":8.0},{"not_picked":["Cloak And Dagger","Blade Dance"],"picked":"Footwork","floor":14.0},{"not_picked":["Tools of the Trade","A Thousand Cuts"],"picked":"Adrenaline","floor":16.0},{"not_picked":["Flying Knee","Dagger Throw+1"],"picked":"Backflip","floor":18.0},{"not_picked":["Flying Knee","Expertise+1","Deadly Poison+1"],"picked":"SKIP","floor":20.0},{"not_picked":["Prepared","Dagger Spray","Bane"],"picked":"SKIP","floor":24.0},{"not_picked":["Endless Agony","Underhanded Strike+1","Sucker Punch+1"],"picked":"SKIP","floor":27.0},{"not_picked":["Underhanded Strike","Bane"],"picked":"Backstab","floor":29.0},{"not_picked":["Calculated Gamble","Flying Knee+1"],"picked":"Accuracy","floor":30.0},{"not_picked":["Expertise","Dodge and Roll"],"picked":"Blur","floor":31.0},{"not_picked":["A Thousand Cuts","After Image"],"picked":"Phantasmal Killer","floor":33},{"not_picked":["Masterful Stab+1","Backflip"],"picked":"Dodge and Roll+1","floor":35},{"not_picked":["Deadly Poison+1","Acrobatics+1","Flying Knee"],"picked":"SKIP","floor":39},{"not_picked":["Mayhem","Metamorphosis"],"picked":"Deep Breath","floor":41},{"not_picked":["Forethought","Jack Of All Trades"],"picked":"Trip","floor":41},{"not_picked":["Accuracy","Dagger Throw","Bouncing Flask"],"picked":"SKIP","floor":46}],"player_experience":94007,"relics_obtained":[{"floor":6.0,"key":"Girya"},{"floor":9.0,"key":"Juzu Bracelet"},{"floor":14.0,"key":"Orichalcum"},{"floor":19.0,"key":"Enchiridion"},{"floor":26.0,"key":"Kunai"},{"floor":27.0,"key":"Dead Branch"},{"floor":30.0,"key":"Red Mask"},{"floor":36,"key":"WingedGreaves"},{"floor":43,"key":"Paper Crane"}],"event_choices":[{"damage_healed":0.0,"max_hp_gain":0.0,"max_hp_loss":0.0,"gold_gain":75.0,"event_name":"FaceTrader","player_choice":"Touch","floor":3.0,"gold_loss":0.0,"damage_taken":7.0},{"damage_healed":0.0,"max_hp_gain":0.0,"max_hp_loss":0.0,"gold_gain":1.0,"event_name":"betterThird:BetterScrap","player_choice":"Relic ","floor":11.0,"gold_loss":0.0,"damage_taken":7.0,"cards_obtained":["Darkness"]},{"damage_healed":0.0,"max_hp_gain":0.0,"max_hp_loss":0.0,"gold_gain":0.0,"event_name":"Lab","player_choice":"Got Potions","floor":12.0,"gold_loss":0.0,"damage_taken":0.0},{"damage_healed":0.0,"max_hp_gain":0.0,"max_hp_loss":0.0,"gold_gain":0.0,"event_name":"Cursed Tome","player_choice":"Obtained Book","floor":19.0,"gold_loss":0.0,"damage_taken":16.0},{"damage_healed":0.0,"max_hp_gain":0.0,"max_hp_loss":0.0,"gold_gain":0.0,"event_name":"The Mausoleum","player_choice":"Opened","floor":21.0,"gold_loss":0.0,"damage_taken":0.0,"relics_obtained":["Old Coin"],"cards_obtained":["Writhe"]},{"damage_healed":0.0,"max_hp_gain":5.0,"max_hp_loss":0.0,"gold_gain":0.0,"event_name":"Forgotten Altar","player_choice":"Shed Blood","floor":22.0,"gold_loss":0.0,"damage_taken":18.0},{"damage_healed":0.0,"max_hp_gain":0.0,"max_hp_loss":0.0,"gold_gain":0.0,"event_name":"Masked Bandits","player_choice":"Fought Bandits","floor":30.0,"gold_loss":0.0,"damage_taken":0.0},{"damage_healed":0,"gold_gain":0,"player_choice":"Fight","damage_taken":0,"max_hp_gain":0,"max_hp_loss":0,"event_name":"MindBloom","floor":36,"gold_loss":0},{"cards_removed":["Dagger Spray"],"damage_healed":0,"gold_gain":0,"player_choice":"Removed Attack","damage_taken":0,"max_hp_gain":0,"max_hp_loss":0,"event_name":"Falling","floor":38,"gold_loss":0},{"damage_healed":0,"gold_gain":0,"player_choice":"Memory 2","damage_taken":5,"max_hp_gain":0,"max_hp_loss":0,"event_name":"SensoryStone","floor":41,"gold_loss":0},{"damage_healed":0,"gold_gain":0,"player_choice":"Upgraded","damage_taken":0,"max_hp_gain":0,"max_hp_loss":0,"event_name":"Upgrade Shrine","floor":42,"gold_loss":0,"cards_upgraded":["Phantasmal Killer"]}],"is_beta":false,"boss_relics":[{"not_picked":["Empty Cage","Black Star"],"picked":"Philosopher\u0027s Stone"},{"not_picked":["Snecko Eye","Tiny House"],"picked":"Pandora\u0027s Box"}],"items_purged_floors":[13,23,37,45],"is_endless":false,"potions_floor_spawned":[1,4,14,16,27,31,33,35,46],"ascension_level":0}}