{"host":"ju66gn9zov5ov15o","time":1613753654,"event":{"mods":["100% Spire Juice","2.2 Compatiblity","Act Like it!","Aspiration","BaseMod","Conspire","Downfall","GifTheSpireLib","Hubris","Lobotomy","LobotomyExtend","Marisa????????","Minty Spire (QoL Compilation)","Pale of the Ancients","Rare Cards Sparkle","Relic Stats","Ruina","Shapeshifter Mod","StSLib","The Alterego","The Animator"],"gold_per_floor":[117,42,62,62,76,105,105,135,159,159,177,177,197,197,197,292,342,352,352,352],"floor_reached":19,"language":"ENG","playtime":945,"items_purged":["Defend_G"],"score":297,"play_id":"bc0064b4-6f80-4dfe-ac37-2508eada09e6","local_time":"20210219175414","is_ascension_mode":true,"campfire_choices":[{"data":"Blade Dance","floor":7,"key":"SMITH"},{"data":"Dagger Throw","floor":10,"key":"SMITH"},{"data":"Neutralize","floor":12,"key":"SMITH"},{"data":"Prepared","floor":15,"key":"SMITH"}],"circlet_count":0,"master_deck":["Strike_G","Strike_G","Strike_G","Strike_G","Defend_G","Defend_G","Defend_G","Defend_G","Survivor","Neutralize+1","LaLuna","GalaxyChild","Poisoned Stab","Blade Dance+1","Burst+1","Freischutz","Dagger Throw+1","FieryBird","Flying Knee","SnowQueen","Prepared+1","HappyTeddy","Envenom","Dodge and Roll","Woodsman"],"relics":["Ring of the Snake","CogitoBucket","LetterFromLob","Omamori","Tiny Chest","Regal Pillow","AspirationHeart","Tiny House","Amita_r"],"acts_visited":["Exordium","TheCity"],"potions_floor_usage":[6,6,8,13,18,18,19],"damage_taken":[{"damage":2,"enemies":"Small Slimes","floor":1,"turns":4},{"damage":0,"enemies":"Cultist","floor":3,"turns":3},{"damage":0,"enemies":"2 Louse","floor":5,"turns":2},{"damage":0,"enemies":"3 Sentries","floor":6,"turns":6},{"damage":0,"enemies":"Lagavulin","floor":8,"turns":4},{"damage":17,"enemies":"Large Slime","floor":11,"turns":4},{"damage":4,"enemies":"Looter","floor":13,"turns":1},{"damage":5,"enemies":"Slime Boss","floor":16,"turns":5},{"damage":74,"enemies":"2 Thieves","floor":18,"turns":9},{"damage":31,"enemies":"Chosen","floor":19,"turns":4}],"seed_played":"-7401276685727123214","potions_obtained":[{"floor":1,"key":"Energy Potion"},{"floor":4,"key":"Guardian:BlockOnCardUsePotion"},{"floor":4,"key":"Swift Potion"},{"floor":11,"key":"CunningPotion"},{"floor":13,"key":"Block Potion"},{"floor":17,"key":"LiquidBronze"},{"floor":18,"key":"Weak Potion"}],"is_trial":false,"path_per_floor":["M","$","M","?","M","E","R","E","T","R","M","R","M","E","R","B",null,"M","M"],"character_chosen":"THE_SILENT","items_purchased":[],"campfire_rested":0,"item_purchase_floors":[],"current_hp_per_floor":[68,68,68,68,68,70,70,70,70,70,64,64,60,60,60,55,89,20,0,0],"gold":352,"neow_bonus":"","is_daily":false,"chose_seed":false,"campfire_upgraded":4,"win_rate":0.0,"timestamp":1613753654,"path_taken":["M","$","M","?","?","E","R","E","T","R","M","R","M","E","R","BOSS","M","M"],"items_purchased_type":[],"build_version":"2020-12-22","purchased_purges":1,"victory":false,"max_hp_per_floor":[70,70,70,70,70,70,70,70,70,70,80,80,80,84,84,84,89,89,89,89],"relic_stats":{"Regal Pillow":0,"counters":[11,43],"Tiny Chest":0,"obtain_stats":[{"CogitoBucket":0,"Regal Pillow":9,"Tiny House":17,"AspirationHeart":11,"Tiny Chest":8,"LetterFromLob":1,"Omamori":6,"Amita_r":18,"Ring of the Snake":0},{"CogitoBucket":0,"Regal Pillow":5,"Tiny House":9,"AspirationHeart":7,"Tiny Chest":5,"LetterFromLob":1,"Omamori":4,"Amita_r":10,"Ring of the Snake":0},{"CogitoBucket":0,"Regal Pillow":19,"Tiny House":30,"AspirationHeart":24,"Tiny Chest":19,"LetterFromLob":4,"Omamori":15,"Amita_r":39,"Ring of the Snake":0}],"Ring of the Snake":[22]},"card_choices":[{"not_picked":["Setup","Distraction"],"picked":"Quick Slash","floor":1},{"not_picked":["CrumblingArmor","ShyLook"],"picked":"LaLuna","floor":1},{"not_picked":["OldLady","MeatLantern"],"picked":"GalaxyChild","floor":3},{"not_picked":["Slice","Caltrops"],"picked":"Poisoned Stab","floor":3},{"not_picked":["SpiderBud","MHz"],"picked":"Funeral","floor":5},{"not_picked":["Endless Agony","Prepared"],"picked":"Blade Dance","floor":5},{"not_picked":["SpiderBud","Scorched"],"picked":"SnowQueen","floor":6},{"not_picked":["hubris:SlightOfHand","Masterful Stab"],"picked":"Burst","floor":6},{"not_picked":["Scorched","VoidDream","OSAHOGD"],"picked":"Singing Bowl","floor":8},{"not_picked":["SpiderBud","OSAHOGD"],"picked":"Freischutz","floor":8},{"not_picked":["Venomology","Terror"],"picked":"Dagger Throw","floor":8},{"not_picked":["VoidDream","LittleHelper"],"picked":"FieryBird","floor":11},{"not_picked":["Poisoned Stab","Underhanded Strike"],"picked":"Flying Knee","floor":11},{"not_picked":["Bloodbath","LittlePrince"],"picked":"SnowQueen","floor":13},{"not_picked":["Outmaneuver","Acrobatics"],"picked":"Prepared","floor":13},{"not_picked":["RedShoes","BlackSwan"],"picked":"HappyTeddy","floor":16},{"not_picked":["Wraith Form v2","Corpse Explosion"],"picked":"Envenom","floor":16},{"not_picked":["Dagger Throw","hubris:SlightOfHand"],"picked":"Dodge and Roll","floor":17},{"not_picked":["Variant","WallGazer"],"picked":"Woodsman","floor":18},{"not_picked":["Dagger Throw","Blade Dance","Dodge and Roll"],"picked":"SKIP","floor":18}],"player_experience":503042,"relics_obtained":[{"floor":1,"key":"LetterFromLob"},{"floor":6,"key":"Omamori"},{"floor":8,"key":"Tiny Chest"},{"floor":9,"key":"Regal Pillow"}],"event_choices":[{"damage_healed":0,"gold_gain":0,"player_choice":"Got Potions","damage_taken":0,"max_hp_gain":0,"max_hp_loss":0,"event_name":"Lab","floor":4,"gold_loss":0}],"is_beta":false,"boss_relics":[{"not_picked":["hubris:Backtick","hubris:HollowSoul"],"picked":"Tiny House"}],"items_purged_floors":[2],"is_endless":false,"potions_floor_spawned":[1,11,13,18],"killed_by":"Chosen","ascension_level":4}}