{"host":"id1lehtnb7dzklac","time":1613752210,"event":{"mods":["AchievementEnabler","BaseMod","Bestiary","Block Reminder","Colored Map","Highlight Path","Minty Spire (QoL Compilation)","Permanent Neow","Quick Restart","Random Character Button","StSLib","slay the spire mod where everything is the same but ironclad has a cowboy hat"],"gold_per_floor":[119,119,131,145,165,165,199,209,286,286,28,39,53,53,53],"floor_reached":14,"language":"ENG","playtime":352,"items_purged":[],"score":99,"play_id":"4f605c53-0fb4-455d-8f65-d36fda6930bd","local_time":"20210220003010","is_ascension_mode":true,"campfire_choices":[{"data":"FlyingSleeves","floor":6,"key":"SMITH"},{"data":"SashWhip","floor":10,"key":"SMITH"}],"circlet_count":0,"master_deck":["Strike_P","Strike_P","Strike_P","Strike_P","Defend_P","Defend_P","Defend_P","Defend_P","Eruption+1","Vigilance","SashWhip+1","FlyingSleeves+1","FlurryOfBlows","Wireheading"],"relics":["Philosopher\u0027s Stone","Blue Candle","Toxic Egg 2","Kunai"],"acts_visited":["Exordium"],"potions_floor_usage":[8,13,13],"damage_taken":[{"damage":0,"enemies":"Jaw Worm","floor":1,"turns":3},{"damage":0,"enemies":"Cultist","floor":3,"turns":3},{"damage":4,"enemies":"2 Louse","floor":4,"turns":2},{"damage":0,"enemies":"Blue Slaver","floor":5,"turns":4},{"damage":20,"enemies":"Gremlin Nob","floor":7,"turns":3},{"damage":10,"enemies":"Exordium Thugs","floor":8,"turns":5},{"damage":11,"enemies":"Large Slime","floor":12,"turns":2},{"damage":7,"enemies":"3 Louse","floor":13,"turns":3},{"damage":0,"enemies":"3 Sentries","floor":14,"turns":1}],"seed_played":"3960106094738968752","potions_obtained":[{"floor":4,"key":"Dexterity Potion"},{"floor":7,"key":"SkillPotion"},{"floor":12,"key":"Weak Potion"}],"is_trial":false,"path_per_floor":["M","?","M","M","M","R","E","M","T","R","$","M","M","E"],"character_chosen":"WATCHER","items_purchased":["Kunai"],"campfire_rested":0,"item_purchase_floors":[11],"current_hp_per_floor":[72,72,72,68,68,68,48,38,38,38,38,27,20,20,20],"gold":53,"neow_bonus":"BOSS_RELIC","is_daily":false,"chose_seed":false,"campfire_upgraded":2,"win_rate":0.0,"timestamp":1613752210,"path_taken":["M","?","M","?","?","R","E","M","T","R","$","M","M","E"],"items_purchased_type":["Relic"],"build_version":"2020-12-22","purchased_purges":0,"victory":false,"max_hp_per_floor":[72,72,72,72,72,72,72,72,72,72,72,72,72,72,72],"card_choices":[{"not_picked":["ClearTheMind","EmptyBody","SashWhip"],"picked":"SKIP","floor":1},{"not_picked":["Protect","BattleHymn","ThirdEye"],"picked":"SKIP","floor":3},{"not_picked":["Prostrate","Evaluate"],"picked":"SashWhip","floor":4},{"not_picked":["Ragnarok","Indignation"],"picked":"FlyingSleeves","floor":5},{"not_picked":["EmptyBody","Prostrate"],"picked":"FlurryOfBlows","floor":7},{"not_picked":["Evaluate","Indignation","SignatureMove"],"picked":"SKIP","floor":8},{"not_picked":["ClearTheMind+1","FollowUp"],"picked":"Wireheading","floor":12},{"not_picked":["Prostrate+1","MentalFortress","Crescendo+1"],"picked":"SKIP","floor":13}],"player_experience":253498,"relics_obtained":[{"floor":7,"key":"Blue Candle"},{"floor":9,"key":"Toxic Egg 2"}],"event_choices":[{"damage_healed":0,"gold_gain":0,"player_choice":"Forge","damage_taken":0,"max_hp_gain":0,"max_hp_loss":0,"event_name":"Accursed Blacksmith","floor":2,"gold_loss":0,"cards_upgraded":["Eruption"]}],"is_beta":false,"boss_relics":[],"items_purged_floors":[],"is_endless":false,"potions_floor_spawned":[4,7,12],"killed_by":"3 Sentries","ascension_level":1}}