{"host":"o5tjqk3pv43rrbqu","time":1613761142,"event":{"mods":["Aspiration","BaseMod","Hubris","Infinite Spire","Minty Spire (QoL Compilation)","Quick Restart","Relic Stats","Replay The Spire","Shop Mod","StSLib"],"gold_per_floor":[119,119,8,8,26,26,56,56,56,56,121,121,164,189,201,313,325,357,369,392,404,6,6,34,34,89,89,107,137,137,164,164,164,164],"floor_reached":33,"language":"ENG","playtime":84924,"items_purged":["Bash","Defend_R","Defend_R"],"score":322,"play_id":"803d1935-5c5e-4ba0-910a-e278e7237815","local_time":"20210219125902","is_ascension_mode":true,"campfire_choices":[{"data":"Rage","floor":6,"key":"SMITH"},{"data":"Strike_R","floor":8,"key":"SMITH"},{"floor":15,"key":"REST"},{"data":"Perfected Strike","floor":23,"key":"SMITH"},{"data":"Strike_R","floor":25,"key":"SMITH"}],"circlet_count":0,"master_deck":["Strike_R","Strike_R","Strike_R","Strike_R+1","Strike_R+1","Pommel Strike+1","Rage+1","Perfected Strike+1","Wild Strike+1","Rage+1"],"relics":["Burning Blood","ReplayTheSpireMod:TigerMarble","infinitespire:FocusingShard","MawBank","Bronze Scales","Empty Cage","Sozu","Pondfish Scales","DollysMirror","MerchantsRug","CaptainsWheel","Ancient Tea Set","Ice Cream","GremlinMask","Akabeko"],"acts_visited":["Exordium","TheCity"],"potions_floor_usage":[16,29,31,31],"damage_taken":[{"damage":15,"enemies":"Jaw Worm","floor":1,"turns":4},{"damage":0,"enemies":"Small Slimes","floor":5,"turns":3},{"damage":19,"enemies":"Gremlin Nob","floor":7,"turns":5},{"damage":21,"enemies":"3 Sentries","floor":13,"turns":8},{"damage":0,"enemies":"Cultist","floor":14,"turns":2},{"damage":52,"enemies":"Fading Forest","floor":16,"turns":11},{"damage":0,"enemies":"Chosen","floor":18,"turns":3},{"damage":2,"enemies":"Shell Parasite","floor":20,"turns":3},{"damage":16,"enemies":"Nightmare","floor":24,"turns":7},{"damage":18,"enemies":"Shelled Parasite and Fungi","floor":28,"turns":3},{"damage":12,"enemies":"Slavers","floor":29,"turns":5},{"damage":25,"enemies":"Gremlin Leader","floor":31,"turns":5},{"damage":63,"enemies":"Pondfish","floor":33,"turns":7}],"seed_played":"-8212089651627345992","potions_obtained":[{"floor":5,"key":"SpeedPotion"},{"floor":7,"key":"Languid Potion"},{"floor":13,"key":"Death Potion"},{"floor":20,"key":"Regen Potion"}],"is_trial":true,"path_per_floor":["M","?","$","?","M","R","E","R","T","$","?","?","E","M","R","B",null,"M","?","M","AVR","$","R","NM","R","T","?","M","E","?","E","R","B"],"character_chosen":"IRONCLAD","items_purchased":["Rage","DollysMirror","MerchantsRug"],"campfire_rested":1,"item_purchase_floors":[3,22,22],"current_hp_per_floor":[71,71,71,71,77,77,64,64,64,64,64,57,42,48,72,36,80,80,80,80,80,80,80,70,70,70,70,58,52,52,45,45,0,0],"gold":164,"neow_bonus":"","is_daily":false,"chose_seed":false,"campfire_upgraded":4,"win_rate":0.0,"timestamp":1613761142,"path_taken":["M","?","$","?","M","R","E","R","T","$","?","?","E","?","R","BOSS","M","?","?","AVR","?","R","NM","R","T","?","M","E","?","E","R","BOSS"],"items_purchased_type":["Card","Relic","Relic"],"build_version":"2020-12-22","purchased_purges":3,"victory":false,"max_hp_per_floor":[80,80,80,80,80,80,80,80,80,80,80,80,80,80,80,80,80,80,80,80,80,80,80,80,80,80,80,80,80,80,80,80,80,80],"relic_stats":{"Sozu":1,"counters":[13,66],"Bronze Scales":[164],"MawBank":120,"obtain_stats":[{"Ice Cream":29,"MerchantsRug":22,"GremlinMask":30,"infinitespire:FocusingShard":9,"MawBank":12,"Empty Cage":17,"Ancient Tea Set":26,"Burning Blood":0,"Akabeko":31,"Sozu":21,"Pondfish Scales":21,"CaptainsWheel":24,"DollysMirror":22,"Bronze Scales":13,"ReplayTheSpireMod:TigerMarble":7},{"Ice Cream":11,"MerchantsRug":8,"GremlinMask":11,"infinitespire:FocusingShard":3,"MawBank":3,"Empty Cage":6,"Ancient Tea Set":9,"Burning Blood":0,"Akabeko":12,"Sozu":8,"Pondfish Scales":8,"CaptainsWheel":9,"DollysMirror":8,"Bronze Scales":4,"ReplayTheSpireMod:TigerMarble":3},{"Ice Cream":54,"MerchantsRug":39,"GremlinMask":54,"infinitespire:FocusingShard":12,"MawBank":12,"Empty Cage":33,"Ancient Tea Set":46,"Burning Blood":0,"Akabeko":59,"Sozu":39,"Pondfish Scales":39,"CaptainsWheel":46,"DollysMirror":39,"Bronze Scales":20,"ReplayTheSpireMod:TigerMarble":12}],"Burning Blood":62},"card_choices":[{"not_picked":["Sever Soul","Twin Strike"],"picked":"Pommel Strike","floor":1},{"not_picked":["Armaments","ReplayTheSpireMod:Strike From Hell","Replay:Undeath\u0027s Touch"],"picked":"SKIP","floor":5},{"not_picked":["Warcry","Uppercut","Blood for Blood"],"picked":"SKIP","floor":7},{"not_picked":["Metallicize","Headbutt","ReplayTheSpireMod:Corrosion Curse"],"picked":"SKIP","floor":13},{"not_picked":["Anger","Warcry"],"picked":"Perfected Strike","floor":14},{"not_picked":["Warcry","Clash","Havoc+1"],"picked":"SKIP","floor":18},{"not_picked":["Searing Blow","True Grit"],"picked":"Wild Strike+1","floor":20},{"not_picked":["Juggernaut","Run Through","ReplayTheSpireMod:Corrosion Curse"],"picked":"SKIP","floor":24},{"not_picked":["Iron Wave","ReplayTheSpireMod:Strike From Hell","Heavy Blade"],"picked":"SKIP","floor":28},{"not_picked":["hubris:ReadiedAction","Carnage","Headbutt"],"picked":"SKIP","floor":29},{"not_picked":["Disarm","Headbutt+1","ReplayTheSpireMod:Stacked"],"picked":"SKIP","floor":31}],"player_experience":558109,"relics_obtained":[{"floor":7,"key":"ReplayTheSpireMod:TigerMarble"},{"floor":9,"key":"infinitespire:FocusingShard"},{"floor":13,"key":"Bronze Scales"},{"floor":24,"key":"CaptainsWheel"},{"floor":26,"key":"Ancient Tea Set"},{"floor":29,"key":"Ice Cream"},{"floor":31,"key":"Akabeko"}],"event_choices":[{"damage_healed":0,"gold_gain":0,"player_choice":"Grow","damage_taken":0,"max_hp_gain":0,"max_hp_loss":0,"event_name":"Living Wall","floor":2,"gold_loss":0,"cards_upgraded":["Pommel Strike"]},{"damage_healed":0,"gold_gain":0,"player_choice":"Ignored","damage_taken":0,"max_hp_gain":0,"max_hp_loss":0,"event_name":"Golden Idol","floor":4,"gold_loss":0},{"damage_healed":0,"gold_gain":65,"player_choice":"Gained Gold","damage_taken":0,"max_hp_gain":0,"max_hp_loss":0,"event_name":"Golden Wing","floor":11,"gold_loss":0},{"damage_healed":0,"gold_gain":0,"player_choice":"Success","damage_taken":7,"relics_obtained":["MawBank"],"max_hp_gain":0,"max_hp_loss":0,"event_name":"Scrap Ooze","floor":12,"gold_loss":0},{"damage_healed":0,"gold_gain":0,"player_choice":"Bought 0 Potions","damage_taken":0,"max_hp_gain":0,"max_hp_loss":0,"event_name":"The Woman in Blue","floor":19,"gold_loss":0},{"damage_healed":0,"gold_gain":0,"player_choice":"Ignored","damage_taken":0,"max_hp_gain":0,"max_hp_loss":0,"event_name":"Vampires","floor":27,"gold_loss":0},{"damage_healed":0,"gold_gain":0,"player_choice":"Trade","damage_taken":0,"relics_obtained":["GremlinMask"],"max_hp_gain":0,"max_hp_loss":0,"event_name":"FaceTrader","floor":30,"gold_loss":0},{"damage_healed":0,"gold_gain":0,"player_choice":"Ignored","damage_taken":0,"max_hp_gain":0,"max_hp_loss":0,"event_name":"NoteForYourself","floor":32,"gold_loss":0}],"is_beta":false,"boss_relics":[{"not_picked":["Cursed Key","Kintsugi"],"picked":"Empty Cage"}],"items_purged_floors":[3,21,22],"is_endless":true,"potions_floor_spawned":[5,7,13,20,29],"killed_by":"Pondfish","ascension_level":1}}