{"host":"i5k6a03zg3men3m2","time":1613738325,"event":{"mods":["Act Like it!","Arknights","BaseMod","Downfall","Gensokyo","GifTheSpireLib","Minty Spire (QoL Compilation)","Quick Restart","Replay The Spire","StSLib","Td1madao Mod","TestMod","The Animator","The Cursed","The Hierophant"],"gold_per_floor":[116,116,129,529,540,540,554,554,554,590,613,63,63,82,82,200,200,231,231,231,253,294,294,294,294,312,312,312,350,368,404,431,447,447,569,569,585,607,607,632,632,671,671,723,723,723,723,320,320,343,343,358,358,358,5,46,57],"floor_reached":58,"language":"ZHS","playtime":2441,"items_purged":["Clumsy","Writhe"],"score":1352,"play_id":"ca6a301a-75cb-49ae-b8e0-257c969e2e85","local_time":"20210219203845","is_ascension_mode":false,"campfire_choices":[{"data":"ats:Explosion Area Strengthen","floor":6,"key":"SMITH"},{"data":"ats:Emotion Absorption","floor":8,"key":"SMITH"},{"floor":13,"key":"REST"},{"data":"testmod-ShutDown","floor":15,"key":"SMITH"},{"data":"ats:True Silver Slash","floor":23,"key":"SMITH"},{"data":"ats:Flexible Camouflage","floor":34,"key":"SMITH"},{"data":"ats:Roar Of Ursus","floor":43,"key":"SMITH"},{"floor":46,"key":"RECALL"},{"data":"ats:Flexible Camouflage","floor":51,"key":"SMITH"},{"data":"ats:Defend","floor":54,"key":"SMITH"}],"circlet_count":0,"master_deck":["ats:Strike G","ats:Armor Crushing Shot","ats:Defend+1","ats:Emotion Absorption+1","ats:Song Of Battle","ats:Explosion Area Strengthen+1","ats:Flexible Camouflage+1","testmod-ShutDown+1","ats:Counter Healing Mode","ats:True Silver Slash+1","ats:Flexible Camouflage+1","ats:Guard Mode+1","ats:Thermite Blade","ats:Blood Oath","ats:Thermite Blade","ats:Soul Rend","ats:Roar Of Ursus+1","ats:True Silver Slash"],"relics":["ats:Sanity","NeowsBlessing","testmod-DeterminationOfClimber","Gensokyo:NagashiBinaDoll","ats:Originium","testmod-Hope","testmod-IndustrialRevolution","testmod-RandomTest","testmod-SaigiyounoYou","Iron Hammer","Boot","Tiny Chest","SacredBark","testmod-EqualTreatment","Lantern","Mummified Hand","Gensokyo:TheCrow","Sling","Omamori","Strawberry","testmod-OneHitWonder","Pen Nib"],"acts_visited":["Gensokyo:Gensokyo","Gensokyo:Gensokyoer","Gensokyo:Gensokyoest","TheEnding"],"potions_floor_usage":[26,35,35,52,57,57],"damage_taken":[{"damage":0,"enemies":"Gensokyo:Gryphon","floor":1,"turns":1},{"damage":0,"enemies":"Gensokyo:3_Fairies","floor":3,"turns":1},{"damage":0,"enemies":"Gensokyo:2_Kodama","floor":5,"turns":1},{"damage":11,"enemies":"Gensokyo:Gryphon_and_Rabbit","floor":7,"turns":4},{"damage":18,"enemies":"Gensokyo:Aya","floor":10,"turns":7},{"damage":0,"enemies":"Gensokyo:Python_and_Kodama","floor":14,"turns":2},{"damage":0,"enemies":"Gensokyo:Reimu","floor":16,"turns":3},{"damage":7,"enemies":"Gensokyo:2_Gloops","floor":18,"turns":4},{"damage":3,"enemies":"Gensokyo:3_Dogs","floor":21,"turns":3},{"damage":4,"enemies":"Gensokyo:Wraith","floor":22,"turns":3},{"damage":0,"enemies":"Gensokyo:Chomper_and_Gloop","floor":26,"turns":3},{"damage":0,"enemies":"Gensokyo:Tenshi","floor":29,"turns":1},{"damage":0,"enemies":"Gensokyo:Swordslinger","floor":30,"turns":1},{"damage":14,"enemies":"Gensokyo:Reisen","floor":31,"turns":3},{"damage":0,"enemies":"Gensokyo:Monolith_and_Dog","floor":32,"turns":1},{"damage":0,"enemies":"Gensokyo:Chomper_and_Gloop","floor":33,"turns":2},{"damage":8,"enemies":"Gensokyo:Kaguya","floor":35,"turns":5},{"damage":0,"enemies":"Gensokyo:3_Bats","floor":37,"turns":3},{"damage":0,"enemies":"Gensokyo:3_Boulders","floor":38,"turns":3},{"damage":0,"enemies":"Gensokyo:Rafflesia","floor":40,"turns":2},{"damage":14,"enemies":"Gensokyo:Kasen","floor":42,"turns":3},{"damage":0,"enemies":"Gensokyo:Sharpion","floor":50,"turns":1},{"damage":8,"enemies":"Gensokyo:Scarlet_Devils","floor":52,"turns":2},{"damage":0,"enemies":"Shield and Spear","floor":56,"turns":1},{"damage":60,"enemies":"The Heart","floor":57,"turns":2}],"seed_played":"-2128564077743468376","potions_obtained":[{"floor":7,"key":"DuplicationPotion"},{"floor":16,"key":"DuplicationPotion"},{"floor":22,"key":"Fire Potion"},{"floor":30,"key":"Reflective Coating"},{"floor":31,"key":"champ:CounterPotion"},{"floor":38,"key":"Guardian:BlockOnCardUsePotion"},{"floor":42,"key":"Swift Potion"}],"is_trial":false,"path_per_floor":["M","?","M","?","M","R","M","R","T","E","T","$","R","M","R","B",null,"M","?","?","M","M","R","PTL","PTL","M","?","T","E","M","E","M","M","R","B",null,"M","M","?","M","?","E","R","T","T","R","?","$","?","M","R","B",null,"R","$","E","B",null],"character_chosen":"DOCTOR_CLASS","items_purchased":["testmod-RandomTest","ats:Flexible Camouflage","testmod-ShutDown","Sling","Omamori","Strawberry","testmod-OneHitWonder","PowerPotion"],"campfire_rested":1,"item_purchase_floors":[12,12,12,48,48,55,55,55],"current_hp_per_floor":[72,72,72,72,72,72,61,61,61,48,48,48,69,72,72,72,72,72,72,72,72,72,72,72,72,72,72,72,72,72,72,72,72,72,72,72,72,72,44,72,72,72,72,72,72,72,72,72,62,72,72,72,72,72,79,79,79],"gold":57,"neow_bonus":"THREE_ENEMY_KILL","is_daily":false,"chose_seed":false,"campfire_upgraded":8,"win_rate":0.0,"timestamp":1613738325,"path_taken":["M","?","M","?","?","R","M","R","T","E","?","$","R","M","R","BOSS","M","?","?","?","M","R","PTL","PTL","M","?","T","E","M","E","M","?","R","BOSS","M","M","?","M","?","E","R","?","T","R","?","$","?","M","R","BOSS","R","$","E","BOSS"],"items_purchased_type":["Relic","Card","Card","Relic","Relic","Relic","Relic","Potion"],"build_version":"2020-12-22","purchased_purges":2,"victory":true,"max_hp_per_floor":[72,72,72,72,72,72,72,72,72,72,72,72,72,72,72,72,72,72,72,72,72,72,72,72,72,72,72,72,72,72,72,72,72,72,72,72,72,72,72,72,72,72,72,72,72,72,72,72,72,72,72,72,72,72,79,79,79],"card_choices":[{"not_picked":["ats:Blood Oath","ats:Guard Mode","ats:Shell Defense"],"picked":"SKIP","floor":1},{"not_picked":["ats:Shell Defense","ats:Guard Mode"],"picked":"ats:Song Of Battle","floor":3},{"not_picked":["ats:Absolute Focus","ats:Flexible Camouflage"],"picked":"ats:Explosion Area Strengthen","floor":5},{"not_picked":["ats:Collapsing Strike","ats:Explosion Area Strengthen","ats:Spore Proliferation"],"picked":"SKIP","floor":7},{"not_picked":["ats:Ambush","ats:Poison Spread","ats:Guard Mode"],"picked":"SKIP","floor":10},{"not_picked":["ats:Poison Spread","ats:Leaping Hammer"],"picked":"ats:Counter Healing Mode","floor":14},{"not_picked":["ats:Echo Reverb","ats:Dogmatic Field"],"picked":"ats:True Silver Slash","floor":16},{"not_picked":["ats:Serious Mode","ats:Curse Doll","ats:Flame Of Heaven+1"],"picked":"SKIP","floor":18},{"not_picked":["ats:Guard Mode","ats:Thorns"],"picked":"ats:Flexible Camouflage","floor":21},{"not_picked":["ats:Revitalization","ats:Consecutive Shot Auto"],"picked":"ats:Guard Mode+1","floor":22},{"not_picked":["ats:Revitalization","ats:Sword Rain+1"],"picked":"ats:Thermite Blade","floor":26},{"not_picked":["ats:Steam Pump","ats:Composite Medical Shells"],"picked":"ats:Blood Oath","floor":29},{"not_picked":["ats:Song Of Battle+1","ats:Sword Rain","ats:Dogmatic Field"],"picked":"SKIP","floor":30},{"not_picked":["ats:Beaten Up","ats:Powerful Strike","ats:LN2 Cannon"],"picked":"SKIP","floor":31},{"not_picked":["ats:Spore Proliferation","ats:Revitalization"],"picked":"ats:Thermite Blade","floor":32},{"not_picked":["ats:Magnetic Hammer+1","ats:Guard Mode","ats:Spore Proliferation"],"picked":"SKIP","floor":33},{"not_picked":["ats:Nebulous Foxfire","ats:Volcano"],"picked":"ats:Soul Rend","floor":35},{"not_picked":["ats:Closed Bolt Burst Fire+1","ats:Revitalization+1","ats:Absolute Focus+1"],"picked":"SKIP","floor":37},{"not_picked":["ats:Flame Of Heaven+1","ats:Absolute Focus+1","ats:Consecutive Shot Auto"],"picked":"SKIP","floor":38},{"not_picked":["ats:Curse Doll+1","ats:Beaten Up+1","ats:Sunburst"],"picked":"SKIP","floor":40},{"not_picked":["ats:Spore Proliferation+1","ats:Ambush"],"picked":"ats:Roar Of Ursus","floor":42},{"not_picked":["ats:Automatic Cover","ats:Guardian Obelisk+1","ats:Revitalization"],"picked":"SKIP","floor":50},{"not_picked":["ats:Flexible Camouflage+1","ats:Healing Drone+1"],"picked":"ats:True Silver Slash","floor":56}],"player_experience":574489,"relics_obtained":[{"floor":9,"key":"Bottled Flame"},{"floor":10,"key":"ats:Originium"},{"floor":10,"key":"testmod-Hope"},{"floor":11,"key":"testmod-IndustrialRevolution"},{"floor":28,"key":"Iron Hammer"},{"floor":29,"key":"ats:Originium"},{"floor":29,"key":"Boot"},{"floor":31,"key":"ats:Originium"},{"floor":31,"key":"Tiny Chest"},{"floor":42,"key":"ats:Originium"},{"floor":42,"key":"Lantern"},{"floor":45,"key":"Mummified Hand"},{"floor":56,"key":"Pen Nib"}],"event_choices":[{"damage_healed":0,"gold_gain":400,"player_choice":"Sell","damage_taken":0,"max_hp_gain":0,"max_hp_loss":0,"event_name":"¶÷ÂåË¹µÄÅÌ×Ó","floor":4,"relics_lost":["testmod-TestBox"],"gold_loss":0}],"is_beta":false,"boss_relics":[{"not_picked":["Replay:Wanted Poster","Cursed Key"],"picked":"testmod-SaigiyounoYou"},{"not_picked":["testmod-EnergyCheck","testmod-NegativeEmotionEnhancer"],"picked":"SacredBark"}],"items_purged_floors":[12,48],"is_endless":false,"potions_floor_spawned":[7,16,22,30,31,38,42],"ascension_level":0}}