{"host":"Luke","time":1613762336,"event":{"mods":["BaseMod","Downfall","Hermit","Minty Spire (QoL Compilation)","StSLib","The Exalted"],"gold_per_floor":[99,116,133,133,133,308,308,39,69,82,82,104,89,107,120,221,221,21,37,37,22,22,22,22,22,53,53,64,80,80,5,19,122,122,122,138,138,156,170,170,170,70,70,70,83,68,78,13,24,24,24,49,20,20,20,20,20,20],"floor_reached":56,"language":"ENG","playtime":7055,"items_purged":["downfall:Bewildered"],"score":721,"play_id":"cf635fe3-0efc-4649-bc78-802c99b5f3cd","local_time":"20210219191856","is_ascension_mode":true,"campfire_choices":[{"floor":1,"key":"RECALL"},{"data":"Slimebound:TongueLash","floor":11,"key":"PURGE"},{"data":"Slimebound:MassRepurpose","floor":18,"key":"PURGE"},{"data":"Slimebound:Grow","floor":23,"key":"PURGE"},{"floor":27,"key":"REST"},{"data":"Slimebound:ProtectTheBoss","floor":30,"key":"PURGE"},{"data":"Slimebound:OozeBath","floor":35,"key":"PURGE"},{"data":"Slimebound:Grow","floor":40,"key":"PURGE"},{"data":"Slimebound:LeadByExample+1","floor":42,"key":"PURGE"},{"data":"Slimebound:LeechLife","floor":44,"key":"PURGE"},{"floor":54,"key":"REST"}],"circlet_count":0,"master_deck":["Slimebound:Strike_Slimebound","Slimebound:Strike_Slimebound","Slimebound:Tackle","Slimebound:Defend_Slimebound","Slimebound:Defend_Slimebound","Slimebound:Defend_Slimebound","Slimebound:Defend_Slimebound","Slimebound:Split+1","Slimebound:CorrosiveSpit","Slimebound:SplitLeeching+1","Slimebound:SplitAcid","Slimebound:SplitAcid+1","Slimebound:Schlurp","Slimebound:GrowthPunch+1","Slimebound:ServeAndProtect","Slimebound:SplitBruiser","Slimebound:SplitBruiser","Slimebound:Schlurp","Slimebound:SplitMire","Slimebound:GoopSpray+1","Slimebound:ServeAndProtect","Slimebound:LeechingTouch+1","Slimebound:ServeAndProtect+1","Slimebound:FormOfPuddle+1","Slimebound:Equalize+1","Slimebound:OozeBath","Slimebound:SplitBruiser+1","Slimebound:SlimeTap"],"relics":["Slimebound:AbsorbEndCombatUpgraded","Slimebound:ScrapOozeRelic","Pear","Darkstone Periapt","Bromod:ArcaneNullifier","Odd Mushroom","Bromod:ArcaneEnergize","downfall:HeartBlessingRed","downfall:HeartBlessingGreen","Kunai","The Courier","War Paint","downfall:HeartBlessingBlue","Spirit Poop","Medical Kit","PreservedInsect","Pantograph","Art of War"],"acts_visited":["Exordium","TheCity","TheBeyond","TheEnding"],"potions_floor_usage":[9,15,26,31,50,55,55],"damage_taken":[{"damage":4,"enemies":"Jaw Worm","floor":2,"turns":4},{"damage":1,"enemies":"2 Louse","floor":3,"turns":4},{"damage":0,"enemies":"downfall:FleeingMerchant","floor":8,"turns":4},{"damage":10,"enemies":"Lagavulin","floor":9,"turns":7},{"damage":3,"enemies":"Small Slimes","floor":10,"turns":2},{"damage":12,"enemies":"The Mushroom Lair","floor":12,"turns":3},{"damage":6,"enemies":"downfall:FleeingMerchant","floor":13,"turns":4},{"damage":0,"enemies":"downfall:LooterAlt","floor":14,"turns":3},{"damage":3,"enemies":"Exordium Thugs","floor":15,"turns":4},{"damage":81,"enemies":"WA_ARCHETYPE_RETAIN","floor":16,"turns":13},{"damage":0,"enemies":"Chosen","floor":19,"turns":5},{"damage":7,"enemies":"downfall:FleeingMerchant","floor":21,"turns":4},{"damage":63,"enemies":"Book of Stabbing","floor":26,"turns":7},{"damage":3,"enemies":"Shell Parasite","floor":28,"turns":5},{"damage":13,"enemies":"Snake Plant","floor":29,"turns":4},{"damage":31,"enemies":"downfall:FleeingMerchant","floor":31,"turns":4},{"damage":0,"enemies":"Chosen and Byrds","floor":32,"turns":6},{"damage":61,"enemies":"DF_ARCHETYPE_CLAW","floor":33,"turns":11},{"damage":0,"enemies":"3 Shapes","floor":36,"turns":6},{"damage":1,"enemies":"3 Darklings","floor":38,"turns":5},{"damage":0,"enemies":"4 Shapes","floor":39,"turns":6},{"damage":8,"enemies":"Jaw Worm Horde","floor":45,"turns":5},{"damage":0,"enemies":"downfall:FleeingMerchant","floor":46,"turns":4},{"damage":0,"enemies":"3 Darklings","floor":47,"turns":6},{"damage":0,"enemies":"downfall:FleeingMerchant","floor":48,"turns":3},{"damage":0,"enemies":"Sphere and 2 Shapes","floor":49,"turns":6},{"damage":96,"enemies":"IC_BLOCK_ARCHETYPE","floor":50,"turns":18},{"damage":92,"enemies":"downfall:CharBossMerchant","floor":52,"turns":11},{"damage":34,"enemies":"downfall:NeowBoss","floor":55,"turns":25},{"damage":140,"enemies":"downfall:NeowBossFinal","floor":56,"turns":14}],"seed_played":"-911361418730239921","potions_obtained":[{"floor":2,"key":"hexamod:SoulburnPotion"},{"floor":12,"key":"Strength Potion"},{"floor":14,"key":"SkillPotion"},{"floor":16,"key":"bronze:BurnAndBuffPotion"},{"floor":19,"key":"FairyPotion"},{"floor":26,"key":"sneckomod:MuddlingPotion"},{"floor":29,"key":"AttackPotion"},{"floor":33,"key":"bronze:BurnAndBuffPotion"},{"floor":52,"key":"Fire Potion"}],"is_trial":false,"path_per_floor":["R","M","M","?","?","?","T","$","E","M","R","?","$","M","M","B",null,"R","M","?","$","T","R","T","?","E","R","M","M","R","$","M","B",null,"R","M","?","M","M","R","T","R","?","R","M","$","M","$","M","B",null,"E","$","R","B","B"],"character_chosen":"SLIMEBOUND","items_purchased":["Darkstone Periapt","Medical Kit","PreservedInsect","Pantograph","Slimebound:SlimeTap"],"campfire_rested":2,"item_purchase_floors":[8,48,48,48,53],"current_hp_per_floor":[65,65,65,65,65,65,75,75,69,68,68,60,58,68,67,2,75,75,75,81,81,81,81,81,81,26,50,51,40,40,21,41,6,81,81,81,81,81,81,81,81,91,91,91,91,91,91,91,91,11,91,12,12,39,57,0,0,0],"gold":20,"neow_bonus":"RANDOM_COMMON_RELIC","is_daily":false,"chose_seed":false,"campfire_upgraded":0,"win_rate":0.0,"timestamp":1613762336,"path_taken":["R","M","M","?","?","?","T","$","E","M","R","?","?","M","M","BOSS","R","M","?","$","?","R","T","?","E","R","M","M","R","$","M","BOSS","R","M","?","?","?","R","T","R","?","R","?","$","M","$","M","BOSS","E","$","R","BOSS","BOSS"],"items_purchased_type":["Relic","Relic","Relic","Relic","Card"],"build_version":"2020-12-18","purchased_purges":1,"victory":false,"max_hp_per_floor":[65,65,65,65,65,65,75,75,75,75,75,75,75,75,75,75,75,75,75,81,81,81,81,81,81,81,81,81,81,81,81,81,81,81,81,81,81,81,81,81,81,91,91,91,91,91,91,91,91,91,91,91,91,91,91,91,91,91],"card_choices":[{"not_picked":["Slimebound:ComboTackle","Slimebound:SplitLeeching"],"picked":"Slimebound:TongueLash","floor":2},{"not_picked":["Slimebound:SlimeSpikes","Slimebound:FinishingTackle"],"picked":"Slimebound:SplitLeeching","floor":3},{"not_picked":["Slimebound:GoopTackle","Slimebound:FlameTackle"],"picked":"Slimebound:SplitAcid","floor":8},{"not_picked":["Slimebound:LeechingTouch","Slimebound:PressTheAttack"],"picked":"Slimebound:SplitAcid","floor":9},{"not_picked":["Slimebound:SpikyOuterGoop","Slimebound:SplitAcid"],"picked":"Slimebound:Schlurp","floor":10},{"not_picked":["Slimebound:PressTheAttack","Slimebound:LeechEnergy"],"picked":"Slimebound:ProtectTheBoss","floor":12},{"not_picked":["Slimebound:ProtectTheBoss","Slimebound:RainOfGoop"],"picked":"Slimebound:LeechLife","floor":13},{"not_picked":["Slimebound:Repurpose","Slimebound:Prepare"],"picked":"Slimebound:GrowthPunch","floor":14},{"not_picked":["Slimebound:RejuvenatingLick","Slimebound:GoopSpray"],"picked":"Slimebound:ServeAndProtect","floor":15},{"not_picked":["Slimebound:RallyTheTroops","Slimebound:DuplicatedForm"],"picked":"Slimebound:MassRepurpose","floor":16},{"not_picked":["Slimebound:GoopTackle","Slimebound:RollThrough"],"picked":"Slimebound:Grow","floor":19},{"not_picked":["Slimebound:RainOfGoop","Slimebound:Schlurp"],"picked":"Slimebound:SplitBruiser","floor":21},{"not_picked":["Slimebound:RollThrough","Slimebound:Prepare"],"picked":"Slimebound:SplitBruiser","floor":26},{"not_picked":["Slimebound:SamplingLick","Slimebound:SplitBruiser"],"picked":"Slimebound:Schlurp","floor":28},{"not_picked":["Slimebound:PressTheAttack","Slimebound:SplitSpecialist"],"picked":"Slimebound:SplitMire","floor":29},{"not_picked":["Slimebound:Prepare","Slimebound:ForwardTackle"],"picked":"Slimebound:GoopSpray+1","floor":31},{"not_picked":["Slimebound:DivideAndConquer","Slimebound:SplitMire"],"picked":"Slimebound:ServeAndProtect","floor":32},{"not_picked":["Slimebound:WasteNot","Slimebound:DouseInSlime"],"picked":"Slimebound:OozeBath","floor":33},{"not_picked":["Slimebound:Prepare+1","Slimebound:Schlurp+1"],"picked":"Slimebound:Grow","floor":36},{"not_picked":["Slimebound:ItLooksTasty","Slimebound:SplitLeeching"],"picked":"Slimebound:LeadByExample+1","floor":38},{"not_picked":["Slimebound:ComboTackle","Slimebound:SplitBruiser+1"],"picked":"Slimebound:LeechingTouch+1","floor":39},{"not_picked":["Slimebound:SamplingLick+1","Slimebound:GoopTackle"],"picked":"Slimebound:ServeAndProtect+1","floor":45},{"not_picked":["Slimebound:SlimeBarrage","Slimebound:ServeAndProtect+1"],"picked":"Slimebound:FormOfPuddle+1","floor":46},{"not_picked":["Slimebound:AcidTongue","Slimebound:LeadByExample+1"],"picked":"Slimebound:Equalize+1","floor":47},{"not_picked":["Slimebound:LeechEnergy+1","Slimebound:BestDefense+1"],"picked":"Slimebound:OozeBath","floor":48},{"not_picked":["Slimebound:ItLooksTasty+1","Slimebound:PressTheAttack","Slimebound:ComboTackle+1"],"picked":"SKIP","floor":49},{"not_picked":["Slimebound:MegaLick","Slimebound:Grow"],"picked":"Slimebound:SplitBruiser+1","floor":52}],"player_experience":760839,"relics_obtained":[{"floor":7,"key":"Pear"},{"floor":9,"key":"Bromod:ArcaneNullifier"},{"floor":12,"key":"Odd Mushroom"},{"floor":22,"key":"Kunai"},{"floor":24,"key":"The Courier"},{"floor":26,"key":"War Paint"},{"floor":52,"key":"Art of War"}],"event_choices":[{"damage_healed":0,"gold_gain":0,"player_choice":"Fought Mushrooms","damage_taken":0,"max_hp_gain":0,"max_hp_loss":0,"event_name":"Mushrooms","floor":12,"gold_loss":0},{"damage_healed":0,"gold_gain":0,"player_choice":"Ignored","damage_taken":0,"max_hp_gain":0,"max_hp_loss":0,"event_name":"Ghosts","floor":25,"gold_loss":0},{"cards_removed":["Doubt"],"damage_healed":0,"gold_gain":0,"player_choice":"Offered Curse","damage_taken":0,"relics_obtained":["Spirit Poop"],"max_hp_gain":0,"max_hp_loss":0,"event_name":"Bonfire Elementals","floor":43,"gold_loss":0}],"is_beta":true,"boss_relics":[{"not_picked":["Busted Crown","Sozu"],"picked":"Bromod:ArcaneEnergize"},{"not_picked":["Astrolabe","Velvet Choker"],"picked":"Slimebound:AbsorbEndCombatUpgraded"}],"items_purged_floors":[31],"is_endless":false,"potions_floor_spawned":[2,12,14,16,19,26,29,33,39,45,47,52],"killed_by":"downfall:NeowBossFinal","ascension_level":1}}