{"host":"6xsbn6ynqlzwllfm","time":1613755489,"event":{"mods":["2.2 Compatiblity","BaseMod","Bestiary","Colored Map","Colored Powertips","Curses Come First","Downfall","Highlight Path","Keyboard Shortcuts","Minty Spire (QoL Compilation)","Quick Restart","Relic Stats","Slay the Relics Exporter","StSLib","SuperFastMode"],"gold_per_floor":[99,119,134,152,252,270,270,270,25,53,53,71,71,71,82,153,153,53,63,82,82,67,67,147,221,273,326,366,366,366],"floor_reached":28,"language":"ENG","playtime":923,"items_purged":["bronze:Strike"],"score":408,"play_id":"21a7aa16-a0d1-49a1-bc82-1f10b1a4dd26","local_time":"20210219122449","is_ascension_mode":true,"campfire_choices":[{"data":"bronze:Goto","floor":1,"key":"SMITH"},{"floor":8,"key":"REST"},{"data":"bronze:OilSpill","floor":11,"key":"SMITH"},{"data":"bronze:OilSpill","floor":13,"key":"SMITH"},{"data":"bronze:MaxOutput","floor":18,"key":"SMITH"}],"circlet_count":0,"master_deck":["AscendersBane","bronze:Strike","bronze:Strike","bronze:Defend","bronze:Defend","bronze:Defend","bronze:Defend","bronze:Replicate","bronze:Goto+1","bronze:OilSpill+1","bronze:DelayedGuard","bronze:MaxOutput+1","bronze:Overheat","bronze:OilSpill+1","bronze:AlphaBuild","bronze:OilSpill+1","bronze:DelayedGuard","bronze:Frontload"],"relics":["bronze:BronzeCore","Centennial Puzzle","bronze:BronzeIdol","Eternal Feather","Black Star","downfall:HeartBlessingGreen","downfall:RedIOU","downfall:KnowingSkull","The Courier","Vajra","Guardian:GemstoneGun"],"acts_visited":["Exordium","TheCity"],"potions_floor_usage":[16,25,27,27,27,27,28],"damage_taken":[{"damage":8,"enemies":"2 Louse","floor":2,"turns":2},{"damage":0,"enemies":"Cultist","floor":3,"turns":3},{"damage":2,"enemies":"Jaw Worm","floor":4,"turns":2},{"damage":8,"enemies":"Blue Slaver","floor":6,"turns":3},{"damage":0,"enemies":"downfall:FleeingMerchant","floor":9,"turns":4},{"damage":18,"enemies":"Gremlin Nob","floor":10,"turns":4},{"damage":11,"enemies":"Exordium Thugs","floor":12,"turns":2},{"damage":1,"enemies":"2 Fungi Beasts","floor":15,"turns":3},{"damage":38,"enemies":"IC_STATUS_ARCHETYPE","floor":16,"turns":5},{"damage":5,"enemies":"Spheric Guardian","floor":19,"turns":3},{"damage":6,"enemies":"Chosen","floor":20,"turns":3},{"damage":1,"enemies":"downfall:FleeingMerchant","floor":22,"turns":4},{"damage":21,"enemies":"Slavers","floor":25,"turns":7},{"damage":8,"enemies":"Centurion and Healer","floor":26,"turns":4},{"damage":9,"enemies":"Cultist and Chosen","floor":27,"turns":3},{"damage":7,"enemies":"Book of Stabbing","floor":28,"turns":4}],"seed_played":"-9046969332183356790","potions_obtained":[{"floor":6,"key":"Fire Potion"},{"floor":12,"key":"sneckomod:MuddlingPotion"},{"floor":15,"key":"Regen Potion"},{"floor":16,"key":"Swift Potion"},{"floor":19,"key":"SteroidPotion"},{"floor":25,"key":"EntropicBrew"}],"is_trial":false,"path_per_floor":["R","M","M","M","?","M","T","R","$","E","R","M","R","?","M","B",null,"R","M","M","?","$","?","T","E","M","M","E"],"character_chosen":"THE_AUTOMATON","items_purchased":["bronze:BronzeIdol"],"campfire_rested":1,"item_purchase_floors":[9],"current_hp_per_floor":[57,49,49,47,47,39,39,57,57,39,48,37,46,46,45,22,53,62,57,51,51,50,43,43,22,14,5,0,0,0],"gold":366,"neow_bonus":"RANDOM_COMMON_RELIC","is_daily":false,"chose_seed":false,"campfire_upgraded":4,"win_rate":0.0,"timestamp":1613755489,"path_taken":["R","M","M","M","?","?","T","R","$","E","R","M","R","?","M","BOSS","R","M","M","?","$","?","T","E","M","?","E"],"items_purchased_type":["Relic"],"build_version":"2020-12-22","purchased_purges":1,"victory":false,"max_hp_per_floor":[63,63,63,63,63,63,63,63,63,63,63,63,63,63,63,63,63,63,63,63,63,63,63,63,63,63,63,63,63,63],"relic_stats":{"Centennial Puzzle":[42],"counters":[16,56],"Eternal Feather":27,"Black Star":1,"obtain_stats":[{"Centennial Puzzle":0,"Dream Catcher":7,"bronze:BronzeCore":0,"Guardian:GemstoneGun":25,"Vajra":25,"Eternal Feather":10,"downfall:HeartBlessingGreen":18,"downfall:KnowingSkull":23,"downfall:RedIOU":21,"The Courier":24,"Black Star":17,"bronze:BronzeIdol":9},{"Centennial Puzzle":0,"Dream Catcher":4,"bronze:BronzeCore":0,"Guardian:GemstoneGun":13,"Vajra":13,"Eternal Feather":6,"downfall:HeartBlessingGreen":9,"downfall:KnowingSkull":12,"downfall:RedIOU":11,"The Courier":12,"Black Star":9,"bronze:BronzeIdol":5},{"Centennial Puzzle":0,"Dream Catcher":10,"bronze:BronzeCore":0,"Guardian:GemstoneGun":45,"Vajra":45,"Eternal Feather":18,"downfall:HeartBlessingGreen":28,"downfall:KnowingSkull":38,"downfall:RedIOU":34,"The Courier":38,"Black Star":28,"bronze:BronzeIdol":14}]},"card_choices":[{"not_picked":["bronze:Frontload","bronze:DigitalCarnage"],"picked":"bronze:OilSpill","floor":2},{"not_picked":["bronze:Turbo","bronze:Shield","bronze:Deprecate"],"picked":"SKIP","floor":3},{"not_picked":["bronze:InfiniteBeams","bronze:Terminator"],"picked":"bronze:DelayedGuard","floor":4},{"not_picked":["bronze:Flail","bronze:DelayedGuard"],"picked":"bronze:MaxOutput","floor":6},{"not_picked":["bronze:Frontload","bronze:DelayedGuard"],"picked":"bronze:Overheat","floor":8},{"not_picked":["bronze:BugBarrage","bronze:CleanCode"],"picked":"bronze:OilSpill","floor":9},{"not_picked":["bronze:MaxOutput","bronze:DelayedSlice","bronze:Overload"],"picked":"SKIP","floor":10},{"not_picked":["bronze:BuggyMess","bronze:Flail","bronze:Philosophize"],"picked":"SKIP","floor":12},{"not_picked":["bronze:Overheat","bronze:Constructor","bronze:Branch"],"picked":"SKIP","floor":15},{"not_picked":["bronze:HardenedForm","bronze:Assembly"],"picked":"bronze:AlphaBuild","floor":16},{"not_picked":["bronze:FollowUp","bronze:Branch+1"],"picked":"bronze:OilSpill+1","floor":19},{"not_picked":["bronze:Repair","bronze:Shield","bronze:Invalidate"],"picked":"SKIP","floor":20},{"not_picked":["bronze:Backtrace","bronze:InfiniteBeams","bronze:Philosophize"],"picked":"SKIP","floor":22},{"not_picked":["bronze:Allocate","bronze:Frontload"],"picked":"bronze:DelayedGuard","floor":25},{"not_picked":["bronze:DelayedSlice","bronze:Overload+1","bronze:DelayedGuard"],"picked":"SKIP","floor":26},{"not_picked":["bronze:Deprecate","bronze:Overheat"],"picked":"bronze:Frontload","floor":27}],"player_experience":1805934,"relics_obtained":[{"floor":7,"key":"Dream Catcher"},{"floor":10,"key":"Eternal Feather"},{"floor":24,"key":"The Courier"},{"floor":25,"key":"Vajra"},{"floor":25,"key":"Guardian:GemstoneGun"}],"event_choices":[],"is_beta":false,"boss_relics":[{"not_picked":["Snecko Eye","Runic Dome"],"picked":"Black Star"}],"items_purged_floors":[9],"is_endless":false,"potions_floor_spawned":[6,12,15,16,19,25,27],"killed_by":"Book of Stabbing","ascension_level":14}}