{"host":"5tzvto3beate6p8b","time":1613757753,"event":{"mods":["BaseMod","Colored Map","Minty Spire (QoL Compilation)","StSLib","SuperFastMode"],"gold_per_floor":[118,131,131,146,164,164,196,216,216,216,229,256,13,23,23,96,146,165,165,180,180,230,230,258,258,258,274,300,47,47,82,82,159,159,170,170,190,210,19,19,50,78,103,103,128,128,128,159,159,159,159,159,159,15,49,49,49],"floor_reached":56,"language":"JPN","playtime":2884,"items_purged":["Strike_G","Strike_G"],"score":2337,"play_id":"a1d320f6-a334-4511-a76d-c1e9a0c116a9","local_time":"20210220030233","is_ascension_mode":true,"campfire_choices":[{"data":"Accuracy","floor":6.0,"key":"SMITH"},{"data":"A Thousand Cuts","floor":10.0,"key":"SMITH"},{"data":"Leg Sweep","floor":15.0,"key":"SMITH"},{"data":"After Image","floor":23.0,"key":"SMITH"},{"data":"Accuracy","floor":25.0,"key":"SMITH"},{"floor":30.0,"key":"REST"},{"data":"Accuracy","floor":32.0,"key":"SMITH"},{"data":"Infinite Blades","floor":40.0,"key":"SMITH"},{"floor":44.0,"key":"RECALL"},{"data":"Bullet Time","floor":47.0,"key":"SMITH"},{"data":"Bullet Time","floor":49.0,"key":"SMITH"},{"data":"Choke","floor":53.0,"key":"SMITH"}],"circlet_count":0,"master_deck":["AscendersBane","Defend_G","Defend_G","Survivor","Neutralize","Blade Dance","Accuracy+1","Backstab","Neutralize","PiercingWail","Adrenaline","Sucker Punch","Blade Dance","Leg Sweep+1","A Thousand Cuts+1","Blade Dance","Sucker Punch+1","Corpse Explosion","Cloak And Dagger","After Image+1","Blade Dance","PiercingWail","Bullet Time+1","Bullet Time+1","Accuracy+1","Burst","Accuracy+1","Acrobatics","Blade Dance","Caltrops","Terror","Adrenaline","Setup+1","Riddle With Holes+1","Doppelganger+1","Acrobatics","Infinite Blades+1","Panache","Footwork","Leg Sweep","Choke+1","Acrobatics","Accuracy"],"relics":["Ring of the Snake","NeowsBlessing","Pantograph","Mummified Hand","Meat on the Bone","Tiny House","Lantern","HornCleat","Ninja Scroll","WingedGreaves","Astrolabe","Vajra","Ornamental Fan","Thread and Needle","Snake Skull","Mercury Hourglass"],"acts_visited":["Exordium","TheCity","TheBeyond","TheEnding"],"potions_floor_usage":[55],"damage_taken":[{"damage":0.0,"enemies":"2 Louse","floor":1.0,"turns":1.0},{"damage":0.0,"enemies":"Cultist","floor":2.0,"turns":1.0},{"damage":0.0,"enemies":"Jaw Worm","floor":4.0,"turns":1.0},{"damage":0.0,"enemies":"Large Slime","floor":5.0,"turns":5.0},{"damage":17.0,"enemies":"Lagavulin","floor":7.0,"turns":7.0},{"damage":0.0,"enemies":"3 Louse","floor":8.0,"turns":2.0},{"damage":0.0,"enemies":"Red Slaver","floor":11.0,"turns":1.0},{"damage":2.0,"enemies":"3 Sentries","floor":12.0,"turns":4.0},{"damage":0.0,"enemies":"Lots of Slimes","floor":14.0,"turns":2.0},{"damage":12.0,"enemies":"Hexaghost","floor":16.0,"turns":8.0},{"damage":6.0,"enemies":"2 Thieves","floor":18.0,"turns":3.0},{"damage":0.0,"enemies":"Spheric Guardian","floor":20.0,"turns":2.0},{"damage":0.0,"enemies":"Gremlin Leader","floor":24.0,"turns":5.0},{"damage":0.0,"enemies":"Centurion and Healer","floor":27.0,"turns":4.0},{"damage":26.0,"enemies":"Slavers","floor":28.0,"turns":5.0},{"damage":0.0,"enemies":"Gremlin Leader","floor":31.0,"turns":3.0},{"damage":7.0,"enemies":"Champ","floor":33.0,"turns":7.0},{"damage":0.0,"enemies":"3 Shapes","floor":35.0,"turns":5.0},{"damage":0.0,"enemies":"3 Darklings","floor":37.0,"turns":2.0},{"damage":0.0,"enemies":"Sphere and 2 Shapes","floor":38.0,"turns":3.0},{"damage":1.0,"enemies":"Reptomancer","floor":41.0,"turns":4.0},{"damage":0.0,"enemies":"Nemesis","floor":42.0,"turns":3.0},{"damage":10.0,"enemies":"Giant Head","floor":45.0,"turns":5.0},{"damage":5.0,"enemies":"Nemesis","floor":48.0,"turns":3.0},{"damage":1.0,"enemies":"Donu and Deca","floor":50.0,"turns":6.0},{"damage":29.0,"enemies":"Time Eater","floor":51.0,"turns":8.0},{"damage":3,"enemies":"Shield and Spear","floor":55,"turns":3},{"damage":69,"enemies":"The Heart","floor":56,"turns":5}],"seed_played":"-6797407654399509356","potions_obtained":[{"floor":1.0,"key":"Regen Potion"},{"floor":7.0,"key":"FearPotion"},{"floor":14.0,"key":"SteroidPotion"},{"floor":17.0,"key":"FearPotion"},{"floor":24.0,"key":"CunningPotion"},{"floor":27.0,"key":"Block Potion"},{"floor":33.0,"key":"Energy Potion"},{"floor":41.0,"key":"LiquidMemories"}],"is_trial":false,"path_per_floor":["M","M","?","M","M","R","E","M","T","R","M","E","$","M","R","B",null,"M","?","M","?","?","R","E","R","T","M","E","$","R","E","R","B",null,"M","?","M","M","$","R","E","E","T","R","E","?","R","E","R","B","B",null,"R","$","E","B"],"character_chosen":"THE_SILENT","items_purchased":["Corpse Explosion","Blade Dance","Energy Potion","Caltrops","Panache","Acrobatics","LiquidMemories"],"campfire_rested":1,"item_purchase_floors":[13,29,29,29,39,54,54],"current_hp_per_floor":[59,59,59,59,59,59,42,42,42,42,42,40,40,40,40,53,68,62,62,62,62,62,62,62,62,62,62,36,36,57,57,57,64,69,69,69,69,69,69,69,68,68,68,68,58,58,58,53,53,66,38,60,60,60,57,0,0],"gold":49,"neow_bonus":"THREE_ENEMY_KILL","is_daily":false,"chose_seed":false,"campfire_upgraded":10,"win_rate":0.0,"timestamp":1613757753,"path_taken":["M","M","?","M","?","R","E","M","T","R","M","E","$","M","R","BOSS","M","?","M","?","?","R","E","R","T","M","E","$","R","E","R","BOSS","M","?","M","?","$","R","E","E","T","R","E","?","R","E","R","BOSS","BOSS","R","$","E","BOSS"],"items_purchased_type":["Card","Card","Potion","Card","Card","Card","Potion"],"build_version":"2020-12-22","purchased_purges":2,"victory":false,"max_hp_per_floor":[66,66,66,66,66,66,66,66,66,66,66,66,66,66,66,66,71,71,71,71,71,71,71,71,71,71,71,71,71,71,71,71,71,71,71,71,71,71,71,71,71,71,71,71,71,67,67,67,67,67,67,67,67,67,67,67,67],"card_choices":[{"not_picked":["Finisher","Infinite Blades"],"picked":"Blade Dance","floor":1.0},{"not_picked":["Quick Slash","Bane"],"picked":"Accuracy","floor":2.0},{"not_picked":["Acrobatics","Backflip"],"picked":"Sucker Punch","floor":4.0},{"not_picked":["Choke","Dodge and Roll"],"picked":"Blade Dance","floor":5.0},{"not_picked":["Tactician","Slice"],"picked":"Leg Sweep","floor":7.0},{"not_picked":["All Out Attack","Bane"],"picked":"A Thousand Cuts","floor":8.0},{"not_picked":["Caltrops","Dagger Throw"],"picked":"Blade Dance","floor":11.0},{"not_picked":["Prepared","Infinite Blades"],"picked":"Sucker Punch","floor":12.0},{"not_picked":["Dagger Spray","Masterful Stab"],"picked":"Cloak And Dagger","floor":14.0},{"not_picked":["Wraith Form v2","Tools of the Trade"],"picked":"After Image","floor":16.0},{"not_picked":["Noxious Fumes","Deadly Poison"],"picked":"Blade Dance","floor":17.0},{"not_picked":["Outmaneuver","Backflip"],"picked":"PiercingWail","floor":18.0},{"not_picked":["Terror","Poisoned Stab"],"picked":"Accuracy","floor":20.0},{"not_picked":["Poisoned Stab","Infinite Blades"],"picked":"Burst","floor":24.0},{"not_picked":["Expertise","Backflip"],"picked":"Accuracy","floor":27.0},{"not_picked":["Bane+1","PiercingWail"],"picked":"Acrobatics","floor":28.0},{"not_picked":["Prepared","Dagger Throw"],"picked":"Terror","floor":31.0},{"not_picked":["Tools of the Trade","Venomology"],"picked":"Adrenaline","floor":33.0},{"not_picked":["Underhanded Strike","Quick Slash"],"picked":"Acrobatics","floor":35.0},{"not_picked":["Flechettes","Underhanded Strike","Dagger Throw"],"picked":"SKIP","floor":37.0},{"not_picked":["Outmaneuver","Flying Knee"],"picked":"Infinite Blades","floor":38.0},{"not_picked":["Reflex","Crippling Poison"],"picked":"Footwork","floor":41.0},{"not_picked":["Skewer","Quick Slash","Dash"],"picked":"SKIP","floor":42.0},{"not_picked":["Outmaneuver","Deadly Poison+1"],"picked":"Leg Sweep","floor":45.0},{"not_picked":["Dash","Heel Hook"],"picked":"Choke","floor":48.0},{"not_picked":["Sucker Punch","Outmaneuver+1"],"picked":"Accuracy","floor":55}],"player_experience":808518,"relics_obtained":[{"floor":7.0,"key":"Pantograph"},{"floor":9.0,"key":"Mummified Hand"},{"floor":12.0,"key":"Meat on the Bone"},{"floor":24.0,"key":"Lantern"},{"floor":26.0,"key":"HornCleat"},{"floor":28.0,"key":"Ninja Scroll"},{"floor":31.0,"key":"WingedGreaves"},{"floor":41.0,"key":"Vajra"},{"floor":42.0,"key":"Ornamental Fan"},{"floor":45.0,"key":"Thread and Needle"},{"floor":48.0,"key":"Snake Skull"},{"floor":55,"key":"Mercury Hourglass"}],"event_choices":[{"damage_healed":0.0,"max_hp_gain":0.0,"max_hp_loss":0.0,"gold_gain":0.0,"event_name":"Match and Keep!","player_choice":"4 cards matched","floor":3.0,"gold_loss":0.0,"damage_taken":0.0,"cards_obtained":["Backstab","Neutralize","PiercingWail","Adrenaline"]},{"damage_healed":0.0,"max_hp_gain":0.0,"max_hp_loss":0.0,"gold_gain":0.0,"cards_transformed":["Strike_G","Strike_G"],"event_name":"Drug Dealer","player_choice":"Became Test Subject","floor":19.0,"gold_loss":0.0,"damage_taken":0.0,"cards_obtained":["Bullet Time","Bullet Time"]},{"damage_healed":0.0,"max_hp_gain":0.0,"max_hp_loss":0.0,"gold_gain":0.0,"event_name":"Vampires","player_choice":"Ignored","floor":21.0,"gold_loss":0.0,"damage_taken":0.0},{"damage_healed":0.0,"max_hp_gain":0.0,"max_hp_loss":0.0,"gold_gain":50.0,"event_name":"Golden Shrine","player_choice":"Pray","floor":22.0,"gold_loss":0.0,"damage_taken":0.0},{"cards_removed":["Defend_G"],"damage_healed":0.0,"max_hp_gain":0.0,"max_hp_loss":0.0,"gold_gain":0.0,"event_name":"Bonfire Elementals","player_choice":"Offered Basic","floor":36.0,"gold_loss":0.0,"damage_taken":0.0},{"damage_healed":0.0,"max_hp_gain":0.0,"max_hp_loss":4.0,"gold_gain":0.0,"event_name":"Winding Halls","player_choice":"Max HP","floor":46.0,"gold_loss":0.0,"damage_taken":0.0}],"is_beta":false,"boss_relics":[{"not_picked":["Fusion Hammer","HoveringKite"],"picked":"Tiny House"},{"not_picked":["SacredBark","Philosopher\u0027s Stone"],"picked":"Astrolabe"}],"items_purged_floors":[13,29],"is_endless":false,"potions_floor_spawned":[1,7,12,14,18,24,27,31,33,38,41,42],"killed_by":"The Heart","ascension_level":20}}