{"host":"wq1hbhowvcyhiqfc","time":1613724476,"event":{"mods":["AchievementEnabler","BaseMod","Better Silent Start","BetterRewards","Block Reminder","Colored Map","Colored Powertips","Minty Spire (QoL Compilation)","Quick Restart","Rare Cards Sparkle","StSLib"],"gold_per_floor":[119,138,138,158,158,158,190,203,203,242,242,242,242],"floor_reached":12,"language":"ENG","playtime":833,"items_purged":[],"score":110,"play_id":"0bc5eae0-bfab-418b-b154-913824e2abdd","local_time":"20210219094756","is_ascension_mode":true,"campfire_choices":[{"data":"Acrobatics","floor":6,"key":"SMITH"}],"circlet_count":0,"master_deck":["Strike_G","Strike_G","Defend_G","Defend_G","Defend_G","Defend_G","Survivor","Neutralize","Prepared","Prepared","Cloak And Dagger","Acrobatics+1","Deadly Poison","Backflip","Quick Slash"],"relics":["Ring of the Snake","NeowsBlessing","Pen Nib","Meat on the Bone","Tiny Chest","CeramicFish"],"acts_visited":["Exordium"],"potions_floor_usage":[7,7,7],"damage_taken":[{"damage":0,"enemies":"Cultist","floor":1,"turns":1},{"damage":0,"enemies":"2 Louse","floor":2,"turns":1},{"damage":0,"enemies":"Small Slimes","floor":4,"turns":1},{"damage":16,"enemies":"Lagavulin","floor":7,"turns":6},{"damage":12,"enemies":"Exordium Thugs","floor":8,"turns":6},{"damage":46,"enemies":"3 Sentries","floor":10,"turns":15},{"damage":17,"enemies":"Gremlin Nob","floor":12,"turns":3}],"seed_played":"-1029699309875800869","potions_obtained":[{"floor":1,"key":"Fire Potion"},{"floor":2,"key":"Strength Potion"},{"floor":4,"key":"FearPotion"}],"is_trial":false,"path_per_floor":["M","M","?","M","?","R","E","M","T","E","?","E"],"character_chosen":"THE_SILENT","items_purchased":[],"campfire_rested":0,"item_purchase_floors":[],"current_hp_per_floor":[70,70,70,70,63,63,47,47,47,13,13,0,0],"gold":242,"neow_bonus":"THREE_ENEMY_KILL","is_daily":false,"chose_seed":false,"campfire_upgraded":1,"win_rate":0.0,"timestamp":1613724476,"path_taken":["M","M","?","?","?","R","E","M","T","E","?","E"],"items_purchased_type":[],"build_version":"2020-12-22","purchased_purges":0,"victory":false,"max_hp_per_floor":[70,70,70,70,70,70,70,70,70,70,70,70,70],"card_choices":[{"not_picked":["Endless Agony","Accuracy"],"picked":"Prepared","floor":1},{"not_picked":["Backflip","Sucker Punch"],"picked":"Prepared","floor":2},{"not_picked":["Dagger Throw","Blade Dance"],"picked":"Acrobatics","floor":4},{"not_picked":["Riddle With Holes","Grand Finale"],"picked":"Deadly Poison","floor":7},{"not_picked":["Flying Knee","Bane"],"picked":"Backflip","floor":8},{"not_picked":["Bouncing Flask","PiercingWail"],"picked":"Quick Slash","floor":10}],"player_experience":1298320,"relics_obtained":[{"floor":7,"key":"Meat on the Bone"},{"floor":9,"key":"Tiny Chest"},{"floor":10,"key":"CeramicFish"}],"event_choices":[{"damage_healed":0,"gold_gain":0,"cards_transformed":["Strike_G"],"player_choice":"Transformed","damage_taken":0,"max_hp_gain":0,"max_hp_loss":0,"event_name":"Transmorgrifier","floor":3,"gold_loss":0,"cards_obtained":["Cloak And Dagger"]},{"damage_healed":0,"gold_gain":0,"player_choice":"Success","damage_taken":7,"relics_obtained":["Pen Nib"],"max_hp_gain":0,"max_hp_loss":0,"event_name":"Scrap Ooze","floor":5,"gold_loss":0},{"cards_removed":["Strike_G"],"damage_healed":0,"gold_gain":0,"player_choice":"Offered Basic","damage_taken":0,"max_hp_gain":0,"max_hp_loss":0,"event_name":"Bonfire Elementals","floor":11,"gold_loss":0}],"is_beta":false,"boss_relics":[],"items_purged_floors":[],"is_endless":false,"potions_floor_spawned":[1,2,4],"killed_by":"Gremlin Nob","ascension_level":5}}