{"host":"ie50qk0ts9eskyyo","time":1613747438,"event":{"mods":["BaseMod","BetterRewards","Colored Map","Curses Come First","Downfall","Friendly Minions","Highlight Path","Hubris","Infinite Spire","Minty Spire (QoL Compilation)","Quick Restart","Reliquary","Replay The Spire","Robot Space Explorer","Shop Mod","StSLib","SuperFastMode","The Jungle"],"gold_per_floor":[99,99,99,99,99,124,124,154,179,179,179,179,179,191,207,242,242,343,343,360,360,371,371,120,120,153,153,153,228,246,246,246,272,4,22,22,117,117,127,127,127,127,127,127],"floor_reached":43,"language":"ENG","playtime":1376,"items_purged":["Strike_P","Strike_P","Defend_P","Defend_P"],"score":576,"play_id":"24b75f56-f78f-494d-acba-7fe00f1411fb","local_time":"20210219101038","is_ascension_mode":true,"campfire_choices":[{"data":"Eruption","floor":7.0,"key":"SMITH"},{"data":"Replay:AtTheReady","floor":17.0,"key":"SMITH"},{"data":"Bludgeon","floor":25.0,"key":"SMITH"},{"floor":36,"key":"REST"}],"circlet_count":0,"master_deck":["Strike_P+1","Defend_P+1","Eruption+1","Replay:AtTheReady+1","LessonLearned","Indignation","PathToVictory+1","Uppercut+1","Replay:Anticipation","Crescendo","Blasphemy","infinitespire:Execution","EmptyBody+1","PathToVictory","DevaForm","hubris:DuctTapeCard","infinitespire:Oblivion"],"relics":["Snack Pack","hubris:EmptyBottle","hubris:Metronome","downfall:HeartsMalice","Pear","hubris:GlazedTorus","Omamori","Blood Vial","reliquary:Stiletto","Replay:M_SmolderingBlood","Mummified Hand","MutagenicStrength","Sling","Replay:Accelerometer","reliquary:FeatherDuster","Calipers","Orrery","hubris:Backtick","hubris:DuctTape","hubris:Towel","Bronze Scales"],"acts_visited":["Exordium","TheCity","TheBeyond"],"potions_floor_usage":[],"damage_taken":[{"damage":0.0,"enemies":"Cultist","floor":1.0,"turns":1.0},{"damage":0.0,"enemies":"Jaw Worm","floor":5.0,"turns":1.0},{"damage":0.0,"enemies":"Lagavulin","floor":6.0,"turns":1.0},{"damage":12.0,"enemies":"Gremlin Nob","floor":8.0,"turns":2.0},{"damage":0.0,"enemies":"Small Slimes","floor":14.0,"turns":3.0},{"damage":12.0,"enemies":"Looter","floor":15.0,"turns":4.0},{"damage":12.0,"enemies":"3 Sentries","floor":16.0,"turns":2.0},{"damage":6.0,"enemies":"The Guardian","floor":18.0,"turns":9.0},{"damage":0.0,"enemies":"Chosen","floor":20.0,"turns":1.0},{"damage":4.0,"enemies":"Shell Parasite","floor":22.0,"turns":6.0},{"damage":29.0,"enemies":"Slavers","floor":26.0,"turns":4.0},{"damage":10.0,"enemies":"3 Cultists","floor":30.0,"turns":4.0},{"damage":15.0,"enemies":"Book of Stabbing","floor":33.0,"turns":3.0},{"damage":0,"enemies":"Snake Plant","floor":35,"turns":2},{"damage":15,"enemies":"hubris:MusketHawk","floor":37,"turns":5},{"damage":45,"enemies":"Orb Walker","floor":39,"turns":6},{"damage":50,"enemies":"3 Shapes","floor":43,"turns":3}],"seed_played":"-6624625324254233071","potions_obtained":[{"floor":6.0,"key":"Death Potion"},{"floor":8.0,"key":"Weak Potion"},{"floor":15.0,"key":"Swift Potion"},{"floor":22.0,"key":"champ:CounterPotion"},{"floor":26.0,"key":"Cursed Concoction"},{"floor":33.0,"key":"CultistPotion"},{"floor":35,"key":"Weak Potion"},{"floor":37,"key":"champ:CounterPotion"}],"is_trial":false,"path_per_floor":["M","?","?","?","M","E","R","E","T","?","PTL","PTL","?","M","M","E","R","B",null,"M","?","M","?","$","R","E","?","T","?","M","PTL","PTL","E","$","M","R","B",null,"M","?","AVR","?","M"],"character_chosen":"WATCHER","items_purchased":["Snack Pack","hubris:EmptyBottle","Sling","Orrery"],"campfire_rested":1,"item_purchase_floors":[0,0,24,34],"current_hp_per_floor":[50,50,50,50,50,50,50,38,38,31,31,31,31,33,23,15,15,13,82,82,82,78,78,78,78,51,32,32,24,16,16,16,3,3,5,29,16,82,37,37,37,37,0,0],"gold":127,"neow_bonus":"","is_daily":false,"chose_seed":false,"campfire_upgraded":3,"win_rate":0.0,"timestamp":1613747438,"path_taken":["M","?","?","?","?","E","R","E","T","?","PTL","PTL","?","M","M","E","R","BOSS","M","?","M","?","?","R","E","?","T","?","M","PTL","PTL","E","$","M","R","BOSS","M","?","AVR","?","M"],"items_purchased_type":["Relic","Relic","Relic","Relic"],"build_version":"2020-12-22","purchased_purges":4,"victory":false,"max_hp_per_floor":[82,82,82,82,82,82,82,82,82,82,82,82,82,82,82,82,82,82,82,82,82,82,82,82,82,82,82,82,82,82,82,82,82,82,82,82,82,82,82,82,82,78,78,78],"card_choices":[{"not_picked":["ThirdEye","EmptyFist"],"picked":"Replay:AtTheReady","floor":1.0},{"not_picked":["ReachHeaven","Prostrate","Halt"],"picked":"SKIP","floor":5.0},{"not_picked":["EmptyFist","PathToVictory"],"picked":"Indignation","floor":6.0},{"not_picked":["EmptyFist","Tantrum"],"picked":"PathToVictory","floor":8.0},{"not_picked":["DeceiveReality","Nirvana"],"picked":"Uppercut","floor":14.0},{"not_picked":["Crescendo","Worship"],"picked":"Replay:Anticipation","floor":15.0},{"not_picked":["WindmillStrike","FlurryOfBlows","BowlingBash"],"picked":"SKIP","floor":16.0},{"not_picked":["Vault","DevaForm"],"picked":"Bludgeon","floor":18.0},{"not_picked":["ReachHeaven","BowlingBash","FlurryOfBlows"],"picked":"SKIP","floor":20.0},{"not_picked":["Nirvana","WindmillStrike"],"picked":"Crescendo","floor":22.0},{"not_picked":["ForeignInfluence","Consecrate"],"picked":"Blasphemy","floor":26.0},{"not_picked":["ReplayTheSpireMod:Echoes of Time","infinitespire:NeuralNetwork"],"picked":"infinitespire:Execution","floor":27.0},{"not_picked":["Halt","CrushJoints","SandsOfTime+1"],"picked":"SKIP","floor":30.0},{"not_picked":["Study","Weave+1","CutThroughFate+1"],"picked":"SKIP","floor":33.0},{"not_picked":["Headbutt","Consecrate"],"picked":"EmptyBody+1","floor":34.0},{"not_picked":["FlurryOfBlows+1","Ragnarok"],"picked":"PathToVictory","floor":34.0},{"not_picked":["JustLucky+1","Crescendo"],"picked":"DevaForm","floor":35},{"not_picked":["Devotion","MasterReality"],"picked":"Feed","floor":37},{"not_picked":["Replay:AtTheReady+1","Halt","Sanctity+1"],"picked":"SKIP","floor":39}],"player_experience":54834,"relics_obtained":[{"floor":6.0,"key":"hubris:GlazedTorus"},{"floor":8.0,"key":"Omamori"},{"floor":9.0,"key":"Blood Vial"},{"floor":16.0,"key":"Mummified Hand"},{"floor":26.0,"key":"Replay:Accelerometer"},{"floor":28.0,"key":"reliquary:FeatherDuster"},{"floor":33.0,"key":"Calipers"}],"event_choices":[{"damage_healed":0.0,"max_hp_gain":0.0,"max_hp_loss":0.0,"gold_gain":0.0,"cards_transformed":["Strike_P"],"event_name":"Living Wall","player_choice":"Change","floor":2.0,"gold_loss":0.0,"damage_taken":0.0,"cards_obtained":["LessonLearned"]},{"damage_healed":0.0,"max_hp_gain":0.0,"max_hp_loss":0.0,"gold_gain":0.0,"event_name":"The Woman in Blue","player_choice":"Bought 0 Potions","floor":4.0,"gold_loss":0.0,"damage_taken":0.0},{"damage_healed":0.0,"max_hp_gain":0.0,"max_hp_loss":0.0,"gold_gain":0.0,"event_name":"Scrap Ooze","player_choice":"Success","floor":10.0,"gold_loss":0.0,"damage_taken":7.0,"relics_obtained":["reliquary:Stiletto"]},{"damage_healed":0.0,"max_hp_gain":0.0,"max_hp_loss":0.0,"gold_gain":0.0,"event_name":"Vampires","player_choice":"Ignored","floor":21.0,"gold_loss":0.0,"damage_taken":0.0},{"damage_healed":0.0,"max_hp_gain":0.0,"max_hp_loss":0.0,"gold_gain":0.0,"event_name":"Drug Dealer","player_choice":"Inject Mutagens","floor":23.0,"gold_loss":0.0,"damage_taken":0.0,"relics_obtained":["MutagenicStrength"]},{"damage_healed":0.0,"max_hp_gain":0.0,"max_hp_loss":0.0,"gold_gain":75.0,"event_name":"FaceTrader","player_choice":"Touch","floor":29.0,"gold_loss":0.0,"damage_taken":8.0},{"damage_healed":0,"gold_gain":0,"player_choice":"Max HP","damage_taken":0,"max_hp_gain":0,"max_hp_loss":4,"event_name":"Winding Halls","floor":42,"gold_loss":0}],"is_beta":false,"boss_relics":[{"not_picked":["reliquary:Ember","Runic Dome","Replay:Fungal Core"]},{"not_picked":["reliquary:RedCape","hubris:TerracottaHorce"],"picked":"hubris:Backtick"}],"items_purged_floors":[0,24,34,41],"is_endless":false,"potions_floor_spawned":[6,8,15,22,26,33,35,37,39],"killed_by":"3 Shapes","ascension_level":1}}