{"host":"3d7yvplr5ovcyppx","time":1613716870,"event":{"mods":["AchievementEnabler","BaseMod","Hermit","Jorbs\u0027s Wanderer Trilogy","Minty Spire (QoL Compilation)","Quick Restart","Somnambulant","StSLib","The Cursed","The Disciple","The Servant 0.9.4"],"gold_per_floor":[110,127,137,149,167,196,216,247,273,291,291,291,291],"floor_reached":12,"language":"ENG","playtime":622,"items_purged":[],"score":133,"play_id":"152495dc-f99d-4717-ad37-64979e8265e8","local_time":"20210219121110","is_ascension_mode":true,"campfire_choices":[{"floor":11,"key":"REST"}],"circlet_count":0,"master_deck":["Strike_B","Strike_B","Strike_B","Strike_B","Defend_B","Defend_B","Defend_B","Defend_B","Zap","Dualcast","Go for the Eyes","Doom and Gloom","Melter","Consume","FTL","Defragment","Coolheaded","Loop","Redo"],"relics":["Cracked Core","Incense Burner","Pear","Tiny Chest"],"acts_visited":["Exordium"],"potions_floor_usage":[4,6,10,10,12],"damage_taken":[{"damage":1,"enemies":"Cultist","floor":1,"turns":4},{"damage":1,"enemies":"2 Louse","floor":2,"turns":2},{"damage":9,"enemies":"Small Slimes","floor":3,"turns":2},{"damage":9,"enemies":"Exordium Wildlife","floor":4,"turns":4},{"damage":5,"enemies":"2 Fungi Beasts","floor":5,"turns":2},{"damage":22,"enemies":"Lagavulin","floor":6,"turns":5},{"damage":8,"enemies":"Red Slaver","floor":7,"turns":3},{"damage":8,"enemies":"Gremlin Nob","floor":8,"turns":4},{"damage":17,"enemies":"Exordium Wildlife","floor":10,"turns":5},{"damage":43,"enemies":"3 Sentries","floor":12,"turns":4}],"seed_played":"-9216297231728289555","potions_obtained":[{"floor":3,"key":"Strength Potion"},{"floor":5,"key":"BlessingOfTheForge"},{"floor":6,"key":"LiquidMemories"},{"floor":7,"key":"LiquidBronze"},{"floor":10,"key":"Dexterity Potion"}],"is_trial":false,"path_per_floor":["M","M","M","M","M","E","M","E","T","M","R","E"],"character_chosen":"DEFECT","items_purchased":[],"campfire_rested":1,"item_purchase_floors":[],"current_hp_per_floor":[81,80,71,62,57,35,27,29,29,12,39,0,0],"gold":291,"neow_bonus":"TEN_PERCENT_HP_BONUS","is_daily":false,"chose_seed":false,"campfire_upgraded":0,"win_rate":0.0,"timestamp":1613716870,"path_taken":["M","?","M","M","?","E","M","E","T","M","R","E"],"items_purchased_type":[],"build_version":"2020-12-22","purchased_purges":0,"victory":false,"max_hp_per_floor":[82,82,82,82,82,82,82,92,92,92,92,92,92],"card_choices":[{"not_picked":["Force Field","Turbo"],"picked":"Go for the Eyes","floor":1},{"not_picked":["Fusion","Compile Driver"],"picked":"Doom and Gloom","floor":2},{"not_picked":["Stack","Cold Snap"],"picked":"Melter","floor":3},{"not_picked":["Rebound","Auto Shields"],"picked":"Consume","floor":4},{"not_picked":["Ball Lightning","Turbo"],"picked":"FTL","floor":5},{"not_picked":["Rebound","All For One"],"picked":"Defragment","floor":6},{"not_picked":["Steam","Consume"],"picked":"Coolheaded","floor":7},{"not_picked":["Aggregate","Hello World"],"picked":"Loop","floor":8},{"not_picked":["Conserve Battery","Hello World"],"picked":"Redo","floor":10}],"player_experience":77496,"relics_obtained":[{"floor":6,"key":"Incense Burner"},{"floor":8,"key":"Pear"},{"floor":9,"key":"Tiny Chest"}],"event_choices":[],"is_beta":false,"boss_relics":[],"items_purged_floors":[],"is_endless":false,"potions_floor_spawned":[3,5,6,7,10],"killed_by":"3 Sentries","ascension_level":3}}