{"host":"ffqn1azj9urswy62","time":1613746582,"event":{"mods":["BaseMod","Better Third Choice","Conspire","Googly Eyes","Hubris","Minty Spire (QoL Compilation)","Replay The Spire","StSLib","Wandering Minibosses","slay the spire mod where everything is the same but ironclad has a cowboy hat"],"gold_per_floor":[109,109,127,127,127,156,156,170,225,74,93,114,141,141,141,244,244,263,263,263],"floor_reached":19,"language":"ENG","playtime":792,"items_purged":["hubris:Despair"],"score":280,"play_id":"4697b613-f28b-4cdd-9500-3077d648649d","local_time":"20210219095622","is_ascension_mode":true,"campfire_choices":[{"data":"EmptyBody","floor":7,"key":"SMITH"},{"data":"Replay:ManipulateFuture","floor":15,"key":"SMITH"}],"circlet_count":0,"master_deck":["conspire:GhostlyStrike","conspire:GhostlyStrike","conspire:GhostlyStrike","conspire:GhostlyStrike","conspire:GhostlyDefend","conspire:GhostlyDefend","conspire:GhostlyDefend","conspire:GhostlyDefend","Eruption+1","Vigilance","Replay:ManipulateFuture+1","EmptyBody+1","Replay:BluntJabs","SandsOfTime","Sanctity+1","SignatureMove+1","LessonLearned"],"relics":["PureWater","NeowsBlessing","hubris:Towel","hubris:OldNail","Blood Vial","ReplayTheSpireMod:CursedCoin","Blue Doll","Black Star"],"acts_visited":["Exordium","TheCity"],"potions_floor_usage":[16],"damage_taken":[{"damage":0,"enemies":"Small Slimes","floor":1,"turns":1},{"damage":0,"enemies":"Jaw Worm","floor":3,"turns":1},{"damage":0,"enemies":"Gremlin Nob","floor":6,"turns":1},{"damage":10,"enemies":"Cultist","floor":8,"turns":4},{"damage":0,"enemies":"2 Fungi Beasts","floor":11,"turns":4},{"damage":26,"enemies":"Replay:BlueRogue","floor":13,"turns":5},{"damage":13,"enemies":"The Guardian","floor":16,"turns":6},{"damage":48,"enemies":"Chosen","floor":18,"turns":9},{"damage":30,"enemies":"Spheric Guardian","floor":19,"turns":5}],"seed_played":"1690431817508707194","potions_obtained":[{"floor":3,"key":"Dexterity Potion"},{"floor":6,"key":"PowerPotion"},{"floor":8,"key":"BlessingOfTheForge"}],"is_trial":false,"path_per_floor":["M","?","M","?","?","E","R","M","T","$","M","$","E","?","R","B",null,"M","M"],"character_chosen":"WATCHER","items_purchased":["Blood Vial","ReplayTheSpireMod:CursedCoin","SignatureMove+1"],"campfire_rested":0,"item_purchase_floors":[10,12,12],"current_hp_per_floor":[72,72,72,72,72,72,72,62,62,62,64,64,40,40,40,29,72,24,0,0],"gold":263,"neow_bonus":"THREE_ENEMY_KILL","is_daily":false,"chose_seed":false,"campfire_upgraded":2,"win_rate":0.0,"timestamp":1613746582,"path_taken":["M","?","M","?","?","E","R","?","T","$","M","$","E","?","R","BOSS","M","M"],"items_purchased_type":["Relic","Relic","Card"],"build_version":"2020-12-22","purchased_purges":1,"victory":false,"max_hp_per_floor":[72,72,72,72,72,72,72,72,72,72,72,72,72,72,72,72,72,72,72,72],"card_choices":[{"not_picked":["WheelKick","Prostrate"],"picked":"Replay:ManipulateFuture","floor":1},{"not_picked":["Conclude","ForeignInfluence"],"picked":"EmptyBody","floor":3},{"not_picked":["Replay:AtTheReady","Evaluate"],"picked":"Replay:BluntJabs","floor":6},{"not_picked":["Crescendo","Nirvana"],"picked":"SandsOfTime","floor":8},{"not_picked":["Weave","BowlingBash"],"picked":"Sanctity","floor":11},{"not_picked":["ThirdEye","Ragnarok","Protect"],"picked":"SKIP","floor":13},{"not_picked":["Vault","ConjureBlade"],"picked":"LessonLearned","floor":16},{"not_picked":["ClearTheMind+1","Replay:BluntJabs","Prostrate"],"picked":"SKIP","floor":18}],"player_experience":698431,"relics_obtained":[{"floor":6,"key":"hubris:OldNail"},{"floor":13,"key":"Blue Doll"}],"event_choices":[{"damage_healed":0,"gold_gain":0,"player_choice":"Agree","damage_taken":0,"max_hp_gain":0,"max_hp_loss":0,"event_name":"conspire:LoneGhost","floor":2,"gold_loss":0},{"damage_healed":0,"gold_gain":0,"player_choice":"Upgraded","damage_taken":0,"max_hp_gain":0,"max_hp_loss":0,"event_name":"Upgrade Shrine","floor":5,"gold_loss":0,"cards_upgraded":["Eruption"]}],"is_beta":false,"boss_relics":[{"not_picked":["hubris:BlackHole","conspire:RunicOctahedron"],"picked":"Black Star"}],"items_purged_floors":[12],"is_endless":false,"potions_floor_spawned":[3,6,8,11],"killed_by":"Spheric Guardian","ascension_level":3}}