{"host":"t9vqxmgmtrdkt9v9","time":1613733536,"event":{"mods":["AchievementEnabler","BaseMod","Colored Map","Minty Spire (QoL Compilation)","Permanent Neow","Relic Stats","StSLib"],"gold_per_floor":[114,114,189,29,40,40,75,93,93,93,93,121,121,152,152,230,230,241,252,252,263,280,280,328,328,328,360,373,423,423,313,313,388,388,404,404,8,24,42,70,70,80,80,80,97,7,33,33,33,33],"floor_reached":51,"language":"ENG","playtime":2811,"items_purged":["Strike_P","Strike_P"],"score":1664,"play_id":"3b9f4223-f4d4-4209-9152-352e757511c8","local_time":"20210219211856","is_ascension_mode":true,"campfire_choices":[{"data":"SignatureMove","floor":6,"key":"SMITH"},{"data":"Vigilance","floor":10,"key":"SMITH"},{"floor":15,"key":"REST"},{"floor":23,"key":"REST"},{"data":"WaveOfTheHand","floor":25,"key":"SMITH"},{"floor":30,"key":"REST"},{"data":"DevaForm","floor":32,"key":"SMITH"},{"data":"EmptyBody","floor":41,"key":"SMITH"},{"floor":44,"key":"REST"},{"data":"Deep Breath","floor":49,"key":"SMITH"}],"circlet_count":0,"master_deck":["AscendersBane","Defend_P+1","Defend_P+1","Defend_P","Eruption","Vigilance+1","EmptyBody+1","SignatureMove+1","Crescendo","Protect","EmptyBody+1","PathToVictory","DevaForm+1","WaveOfTheHand+1","Halt","Adaptation","Evaluate+1","Master of Strategy","PathToVictory","Vault","Pray+1","Deep Breath+1","Finesse"],"relics":["PureWater","NeowsBlessing","Pantograph","Ancient Tea Set","Calipers","TeardropLocket","SacredBark","Bottled Lightning","Bronze Scales","Bag of Preparation","Runic Pyramid","Dream Catcher","White Beast Statue","Centennial Puzzle"],"acts_visited":["Exordium","TheCity","TheBeyond"],"potions_floor_usage":[18,21,24,28,33,45,47,50,50],"damage_taken":[{"damage":0,"enemies":"2 Louse","floor":1,"turns":1},{"damage":0,"enemies":"Small Slimes","floor":5,"turns":1},{"damage":0,"enemies":"Lagavulin","floor":7,"turns":1},{"damage":0,"enemies":"Cultist","floor":8,"turns":2},{"damage":0,"enemies":"Gremlin Nob","floor":12,"turns":2},{"damage":8,"enemies":"3 Sentries","floor":14,"turns":8},{"damage":4,"enemies":"Slime Boss","floor":16,"turns":5},{"damage":4,"enemies":"Chosen","floor":18,"turns":4},{"damage":28,"enemies":"Spheric Guardian","floor":19,"turns":6},{"damage":0,"enemies":"Chosen and Byrds","floor":21,"turns":4},{"damage":0,"enemies":"Snake Plant","floor":22,"turns":1},{"damage":12,"enemies":"Slavers","floor":24,"turns":8},{"damage":25,"enemies":"Book of Stabbing","floor":27,"turns":8},{"damage":0,"enemies":"Shelled Parasite and Fungi","floor":28,"turns":4},{"damage":0,"enemies":"Automaton","floor":33,"turns":15},{"damage":7,"enemies":"Orb Walker","floor":35,"turns":4},{"damage":0,"enemies":"3 Darklings","floor":38,"turns":9},{"damage":19,"enemies":"Maw","floor":39,"turns":7},{"damage":0,"enemies":"Giant Head","floor":40,"turns":8},{"damage":1,"enemies":"Sphere and 2 Shapes","floor":42,"turns":5},{"damage":0,"enemies":"Jaw Worm Horde","floor":45,"turns":7},{"damage":0,"enemies":"Nemesis","floor":47,"turns":6},{"damage":18,"enemies":"Time Eater","floor":50,"turns":12}],"seed_played":"-7848371113084174778","potions_obtained":[{"floor":5,"key":"FearPotion"},{"floor":12,"key":"Strength Potion"},{"floor":14,"key":"Fire Potion"},{"floor":19,"key":"ColorlessPotion"},{"floor":21,"key":"Energy Potion"},{"floor":27,"key":"Block Potion"},{"floor":38,"key":"EssenceOfSteel"},{"floor":45,"key":"Strength Potion"},{"floor":47,"key":"BlessingOfTheForge"}],"is_trial":false,"path_per_floor":["M","?","?","$","M","R","E","M","T","R","?","E","?","E","R","B",null,"M","M","?","M","M","R","E","R","T","E","M","?","R","?","R","B",null,"M","?","$","M","M","E","R","M","T","R","M","$","E","?","R","B",null],"character_chosen":"WATCHER","items_purchased":["SignatureMove","Master of Strategy","EssenceOfSteel","Deep Breath"],"campfire_rested":4,"item_purchase_floors":[4,37,37,46],"current_hp_per_floor":[61,54,43,43,43,43,43,43,43,43,23,23,23,15,35,56,65,61,33,33,33,33,53,41,41,41,16,16,16,36,36,36,61,66,59,59,59,59,40,40,40,39,39,59,59,59,59,49,49,50],"gold":33,"neow_bonus":"THREE_ENEMY_KILL","is_daily":false,"chose_seed":false,"campfire_upgraded":6,"win_rate":0.0,"timestamp":1613733536,"path_taken":["M","?","?","$","M","R","E","M","T","R","?","E","?","E","R","BOSS","M","M","?","M","M","R","E","R","T","E","M","?","R","?","R","BOSS","M","?","$","M","M","E","R","M","T","R","M","$","E","?","R","BOSS"],"items_purchased_type":["Card","Card","Potion","Card"],"build_version":"2020-12-22","purchased_purges":2,"victory":true,"max_hp_per_floor":[68,68,68,68,68,68,68,68,68,68,68,68,68,68,68,68,68,68,68,68,68,68,68,68,68,68,68,68,68,68,68,68,68,68,68,68,68,68,68,68,68,68,68,68,68,68,68,68,68,68],"relic_stats":{"Dream Catcher":1,"Centennial Puzzle":[3],"counters":[23,128],"Pantograph":69,"Bronze Scales":[267],"Bag of Preparation":[20],"obtain_stats":[{"Calipers":12,"NeowsBlessing":0,"SacredBark":17,"Bag of Preparation":27,"TeardropLocket":14,"Ancient Tea Set":9,"White Beast Statue":43,"Dream Catcher":40,"Centennial Puzzle":47,"Pantograph":7,"Bronze Scales":26,"Bottled Lightning":24,"PureWater":0,"Runic Pyramid":34},{"Calipers":5,"NeowsBlessing":0,"SacredBark":7,"Bag of Preparation":13,"TeardropLocket":6,"Ancient Tea Set":4,"White Beast Statue":20,"Dream Catcher":19,"Centennial Puzzle":22,"Pantograph":3,"Bronze Scales":12,"Bottled Lightning":12,"PureWater":0,"Runic Pyramid":15},{"Calipers":7,"NeowsBlessing":0,"SacredBark":20,"Bag of Preparation":51,"TeardropLocket":15,"Ancient Tea Set":5,"White Beast Statue":103,"Dream Catcher":98,"Centennial Puzzle":116,"Pantograph":3,"Bronze Scales":43,"Bottled Lightning":43,"PureWater":0,"Runic Pyramid":70}]},"card_choices":[{"not_picked":["JustLucky","ThirdEye"],"picked":"EmptyBody","floor":1},{"not_picked":["BowlingBash","Evaluate"],"picked":"Crescendo","floor":5},{"not_picked":["JustLucky","Prostrate"],"picked":"Protect","floor":7},{"not_picked":["CrushJoints","CutThroughFate"],"picked":"EmptyBody","floor":8},{"not_picked":["Crescendo","FollowUp"],"picked":"PathToVictory","floor":12},{"not_picked":["Ragnarok","SashWhip","FlurryOfBlows"],"picked":"SKIP","floor":14},{"not_picked":["MasterReality","Scrawl"],"picked":"DevaForm","floor":16},{"not_picked":["FlurryOfBlows","EmptyFist","CutThroughFate"],"picked":"SKIP","floor":18},{"not_picked":["ThirdEye","SashWhip"],"picked":"WaveOfTheHand","floor":19},{"not_picked":["BowlingBash","Crescendo"],"picked":"Halt","floor":21},{"not_picked":["CutThroughFate+1","CrushJoints"],"picked":"Adaptation","floor":22},{"not_picked":["Prostrate","Evaluate","WreathOfFlame"],"picked":"SKIP","floor":24},{"not_picked":["EmptyFist","BowlingBash","SignatureMove+1"],"picked":"SKIP","floor":27},{"not_picked":["Ragnarok","WreathOfFlame"],"picked":"Evaluate+1","floor":28},{"not_picked":["Nirvana","CrushJoints+1","TalkToTheHand+1"],"picked":"SKIP","floor":35},{"not_picked":["SashWhip","BowlingBash"],"picked":"PathToVictory","floor":38},{"not_picked":["FollowUp","Adaptation+1","Halt"],"picked":"SKIP","floor":39},{"not_picked":["Crescendo","MasterReality","ThirdEye+1"],"picked":"SKIP","floor":40},{"not_picked":["ThirdEye","Prostrate","FlyingSleeves+1"],"picked":"SKIP","floor":42},{"not_picked":["Wireheading","CutThroughFate"],"picked":"Vault","floor":44},{"not_picked":["BowlingBash+1","SignatureMove"],"picked":"Pray+1","floor":45},{"not_picked":["CutThroughFate","EmptyFist","Judgement"],"picked":"SKIP","floor":47},{"not_picked":["HandOfGreed","Discovery"],"picked":"Finesse","floor":48}],"player_experience":449877,"relics_obtained":[{"floor":7,"key":"Pantograph"},{"floor":9,"key":"Ancient Tea Set"},{"floor":12,"key":"Calipers"},{"floor":14,"key":"TeardropLocket"},{"floor":24,"key":"Bottled Lightning"},{"floor":26,"key":"Bronze Scales"},{"floor":27,"key":"Bag of Preparation"},{"floor":40,"key":"Dream Catcher"},{"floor":43,"key":"White Beast Statue"},{"floor":47,"key":"Centennial Puzzle"}],"event_choices":[{"cards_removed":["Defend_P"],"damage_healed":0,"gold_gain":0,"player_choice":"Card Removal","damage_taken":7,"max_hp_gain":0,"max_hp_loss":0,"event_name":"Golden Wing","floor":2,"gold_loss":0},{"damage_healed":0,"gold_gain":75,"player_choice":"Gather Gold","damage_taken":11,"max_hp_gain":0,"max_hp_loss":0,"event_name":"World of Goop","floor":3,"gold_loss":0},{"damage_healed":0,"gold_gain":0,"player_choice":"Entered Light","damage_taken":20,"max_hp_gain":0,"max_hp_loss":0,"event_name":"Shining Light","floor":11,"gold_loss":0,"cards_upgraded":["Defend_P","EmptyBody"]},{"damage_healed":0,"gold_gain":0,"player_choice":"Ignored","damage_taken":0,"max_hp_gain":0,"max_hp_loss":0,"event_name":"Liars Game","floor":13,"gold_loss":0},{"cards_removed":["Strike_P"],"damage_healed":0,"gold_gain":0,"player_choice":"Elegance","damage_taken":0,"max_hp_gain":0,"max_hp_loss":0,"event_name":"Back to Basics","floor":20,"gold_loss":0},{"damage_healed":0,"gold_gain":50,"player_choice":"Stole From Cult","damage_taken":0,"max_hp_gain":0,"max_hp_loss":0,"event_name":"Nest","floor":29,"gold_loss":0},{"cards_removed":["Strike_P"],"damage_healed":0,"gold_gain":0,"player_choice":"Upgrade and Remove","damage_taken":0,"max_hp_gain":0,"max_hp_loss":0,"event_name":"Designer","floor":31,"gold_loss":110,"cards_upgraded":["Defend_P"]},{"damage_healed":0,"gold_gain":0,"player_choice":"Ignored","damage_taken":0,"max_hp_gain":0,"max_hp_loss":0,"event_name":"Mysterious Sphere","floor":36,"gold_loss":0},{"damage_healed":0,"gold_gain":0,"player_choice":"Memory 3","damage_taken":10,"max_hp_gain":0,"max_hp_loss":0,"event_name":"SensoryStone","floor":48,"gold_loss":0}],"is_beta":false,"boss_relics":[{"not_picked":["Fusion Hammer","Calling Bell"],"picked":"SacredBark"},{"not_picked":["Sozu","SlaversCollar"],"picked":"Runic Pyramid"}],"items_purged_floors":[4,37],"is_endless":false,"potions_floor_spawned":[5,12,14,19,21,27,38,45,47],"ascension_level":17}}