{"host":"sc0o2qwpf9j16a4i","time":1613751899,"event":{"mods":["AchievementEnabler","BaseMod","BetterRewards","Block Reminder","Colored Map","Colored Powertips","Custom Start","Highlight Path","Minty Spire (QoL Compilation)","Relic Stats"],"gold_per_floor":[113,113,127,127,127,127,155,167,179,209,221,408,455,487,499,610,622,653,590,602,623,646,699,711,743,778,819,831,863,913,938,950,1060,1072,1096,1108,1131,864,879,879,907,907,907,955,998,1048,1068,1095,1095,1095],"floor_reached":51,"language":"ENG","playtime":1648,"items_purged":["Doubt"],"score":1126,"play_id":"4c6d987b-9a57-4de8-aedc-3e8f99f9167e","local_time":"20210219182459","daily_mods":["SealedDeck","Vintage","Lethality"],"is_ascension_mode":false,"campfire_choices":[{"data":"Calculated Gamble","floor":6,"key":"SMITH"},{"data":"Acrobatics","floor":8,"key":"SMITH"},{"data":"Prepared","floor":11,"key":"SMITH"},{"floor":15,"key":"REST"},{"data":"Acrobatics","floor":24,"key":"SMITH"},{"data":"Prepared","floor":32,"key":"SMITH"},{"data":"Burst","floor":40,"key":"SMITH"},{"data":"Underhanded Strike","floor":42,"key":"SMITH"},{"data":"Master of Strategy","floor":49,"key":"SMITH"}],"circlet_count":0,"master_deck":["Tactician+1","Concentrate+1","Blur","Underhanded Strike+1","Acrobatics+1","Eviscerate+1","Tactician+1","Prepared+1","Calculated Gamble+1","Tactician","Prepared+1","Burst+1","RitualDagger","Acrobatics+1","Underhanded Strike+1","Underhanded Strike+1","Panacea","Master of Strategy+1","Dark Shackles"],"relics":["Ring of the Snake","Bottled Flame","Eternal Feather","Tough Bandages","MawBank","Happy Flower","Dream Catcher","Whetstone","Juzu Bracelet","SacredBark","CeramicFish","War Paint","Snake Skull","Strawberry","Smiling Mask","Red Mask","MutagenicStrength","Bag of Preparation","Kunai","Anchor","Black Star","StrikeDummy","Regal Pillow","Membership Card","Bronze Scales","StoneCalendar","MealTicket","Sundial","Potion Belt","Tingsha","PreservedInsect","Paper Crane","Unceasing Top","Boot"],"acts_visited":["Exordium","TheCity","TheBeyond"],"potions_floor_usage":[16,16,16,50,50,50],"damage_taken":[{"damage":0,"enemies":"Cultist","floor":1,"turns":1},{"damage":0,"enemies":"Jaw Worm","floor":3,"turns":1},{"damage":0,"enemies":"Lagavulin","floor":7,"turns":3},{"damage":0,"enemies":"2 Louse","floor":10,"turns":1},{"damage":0,"enemies":"3 Sentries","floor":13,"turns":4},{"damage":0,"enemies":"Large Slime","floor":14,"turns":2},{"damage":5,"enemies":"The Guardian","floor":16,"turns":7},{"damage":0,"enemies":"Spheric Guardian","floor":18,"turns":1},{"damage":0,"enemies":"3 Byrds","floor":22,"turns":2},{"damage":0,"enemies":"Gremlin Leader","floor":23,"turns":6},{"damage":0,"enemies":"Cultist and Chosen","floor":25,"turns":2},{"damage":0,"enemies":"Masked Bandits","floor":27,"turns":1},{"damage":0,"enemies":"Shelled Parasite and Fungi","floor":29,"turns":1},{"damage":0,"enemies":"Book of Stabbing","floor":30,"turns":1},{"damage":0,"enemies":"Snecko","floor":31,"turns":1},{"damage":0,"enemies":"Champ","floor":33,"turns":2},{"damage":0,"enemies":"Orb Walker","floor":35,"turns":1},{"damage":0,"enemies":"3 Shapes","floor":37,"turns":1},{"damage":0,"enemies":"Sphere and 2 Shapes","floor":39,"turns":1},{"damage":0,"enemies":"Reptomancer","floor":41,"turns":2},{"damage":0,"enemies":"2 Orb Walkers","floor":44,"turns":1},{"damage":0,"enemies":"Giant Head","floor":45,"turns":1},{"damage":0,"enemies":"Mind Bloom Boss Battle","floor":46,"turns":1},{"damage":0,"enemies":"Spire Growth","floor":47,"turns":1},{"damage":0,"enemies":"Donu and Deca","floor":50,"turns":1}],"seed_played":"-1904065708050768367","potions_obtained":[{"floor":1,"key":"PowerPotion"},{"floor":10,"key":"Block Potion"},{"floor":13,"key":"DistilledChaos"},{"floor":16,"key":"Ancient Potion"},{"floor":18,"key":"Energy Potion"},{"floor":25,"key":"SneckoOil"},{"floor":31,"key":"Block Potion"},{"floor":33,"key":"ColorlessPotion"},{"floor":39,"key":"PowerPotion"},{"floor":45,"key":"Energy Potion"},{"floor":47,"key":"Block Potion"}],"is_trial":true,"path_per_floor":["M","?","M","$","?","R","E","R","T","M","R","?","E","M","R","B",null,"M","?","?","?","M","E","R","M","T","?","?","M","E","M","R","B",null,"M","?","M","$","M","R","E","R","T","?","E","?","M","?","R","B",null],"character_chosen":"THE_SILENT","items_purchased":["Membership Card","Bronze Scales"],"campfire_rested":1,"item_purchase_floors":[38,38],"current_hp_per_floor":[70,70,70,70,70,70,70,70,70,70,70,70,70,70,70,65,70,70,70,70,64,64,64,70,77,77,77,77,77,77,77,77,77,77,77,77,77,77,77,77,77,77,77,77,77,77,77,67,76,76],"gold":1095,"neow_bonus":"","is_daily":false,"chose_seed":false,"campfire_upgraded":8,"win_rate":0.0,"timestamp":1613751899,"path_taken":["M","?","M","$","?","R","E","R","T","M","R","?","E","M","R","BOSS","M","?","?","?","M","E","R","M","T","?","?","M","E","M","R","BOSS","M","?","M","$","M","R","E","R","T","?","E","?","M","?","R","BOSS"],"items_purchased_type":["Relic","Relic"],"build_version":"2020-12-22","purchased_purges":1,"victory":true,"max_hp_per_floor":[70,70,70,70,70,70,70,70,70,70,70,70,70,70,70,70,70,70,70,70,70,70,70,70,77,77,77,77,77,77,77,77,77,77,77,77,77,77,77,77,77,77,77,77,77,77,77,77,77,77],"relic_stats":{"Regal Pillow":0,"CeramicFish":63,"StoneCalendar":[0],"Snake Skull":[0],"Juzu Bracelet":1,"Bag of Preparation":[24],"Whetstone":["Eviscerate","Underhanded Strike"],"Smiling Mask":-12,"Boot":[0],"Tough Bandages":[870],"Dream Catcher":1,"Sundial":[6],"MealTicket":0,"Kunai":[22],"Ring of the Snake":[50],"Happy Flower":[13],"counters":[25,46],"Eternal Feather":15,"Tingsha":[159],"PreservedInsect":0,"War Paint":["Tactician","Tactician"],"MawBank":372,"Bronze Scales":[0],"Black Star":2,"obtain_stats":[{"Regal Pillow":37,"SacredBark":17,"CeramicFish":18,"StoneCalendar":39,"Snake Skull":23,"Juzu Bracelet":14,"Bag of Preparation":29,"Whetstone":13,"Smiling Mask":26,"Boot":47,"Tough Bandages":5,"Dream Catcher":10,"Sundial":41,"Strawberry":25,"MealTicket":41,"Red Mask":27,"Kunai":30,"Ring of the Snake":0,"Potion Belt":43,"Happy Flower":9,"Eternal Feather":3,"Tingsha":44,"PreservedInsect":45,"War Paint":22,"Paper Crane":45,"MawBank":7,"Bottled Flame":1,"Anchor":31,"MutagenicStrength":28,"Bronze Scales":38,"Black Star":34,"Membership Card":38,"StrikeDummy":35,"Unceasing Top":46},{"Regal Pillow":18,"SacredBark":7,"CeramicFish":8,"StoneCalendar":19,"Snake Skull":10,"Juzu Bracelet":6,"Bag of Preparation":13,"Whetstone":5,"Smiling Mask":11,"Boot":24,"Tough Bandages":2,"Dream Catcher":4,"Sundial":20,"Strawberry":11,"MealTicket":20,"Red Mask":12,"Kunai":14,"Ring of the Snake":0,"Potion Belt":20,"Happy Flower":3,"Eternal Feather":2,"Tingsha":21,"PreservedInsect":22,"War Paint":9,"Paper Crane":22,"MawBank":3,"Bottled Flame":1,"Anchor":15,"MutagenicStrength":12,"Bronze Scales":18,"Black Star":16,"Membership Card":18,"StrikeDummy":17,"Unceasing Top":23},{"Regal Pillow":38,"SacredBark":19,"CeramicFish":20,"StoneCalendar":39,"Snake Skull":28,"Juzu Bracelet":12,"Bag of Preparation":32,"Whetstone":10,"Smiling Mask":30,"Boot":45,"Tough Bandages":2,"Dream Catcher":6,"Sundial":41,"Strawberry":30,"MealTicket":41,"Red Mask":31,"Kunai":33,"Ring of the Snake":0,"Potion Belt":41,"Happy Flower":5,"Eternal Feather":2,"Tingsha":42,"PreservedInsect":43,"War Paint":22,"Paper Crane":43,"MawBank":5,"Bottled Flame":1,"Anchor":34,"MutagenicStrength":31,"Bronze Scales":38,"Black Star":36,"Membership Card":38,"StrikeDummy":37,"Unceasing Top":44}],"Unceasing Top":[5]},"card_choices":[{"not_picked":["Deadly Poison","Cloak And Dagger","Bane"],"picked":"SKIP","floor":7},{"not_picked":["Deadly Poison","Storm of Steel","Sucker Punch"],"picked":"SKIP","floor":13},{"not_picked":["Deadly Poison","PiercingWail"],"picked":"Prepared","floor":15},{"not_picked":["Phantasmal Killer","Die Die Die"],"picked":"Burst","floor":16},{"not_picked":["Finisher","Dodge and Roll"],"picked":"Acrobatics","floor":23},{"not_picked":["Outmaneuver+1","Cloak And Dagger+1"],"picked":"Underhanded Strike","floor":30},{"not_picked":["PiercingWail","Expertise","Venomology"],"picked":"SKIP","floor":41},{"not_picked":["Dagger Spray+1","Bane+1"],"picked":"Underhanded Strike+1","floor":45},{"not_picked":["Dramatic Entrance","PanicButton"],"picked":"Panacea","floor":48},{"not_picked":["Mind Blast","Blind"],"picked":"Master of Strategy","floor":48},{"not_picked":["Swift Strike","Secret Weapon"],"picked":"Dark Shackles","floor":48}],"player_experience":1482805,"relics_obtained":[{"floor":1,"key":"Bottled Flame"},{"floor":3,"key":"Eternal Feather"},{"floor":7,"key":"MawBank"},{"floor":9,"key":"Happy Flower"},{"floor":10,"key":"Dream Catcher"},{"floor":13,"key":"Whetstone"},{"floor":14,"key":"Juzu Bracelet"},{"floor":18,"key":"CeramicFish"},{"floor":22,"key":"War Paint"},{"floor":23,"key":"Snake Skull"},{"floor":25,"key":"Strawberry"},{"floor":26,"key":"Smiling Mask"},{"floor":27,"key":"Red Mask"},{"floor":29,"key":"Bag of Preparation"},{"floor":30,"key":"Kunai"},{"floor":31,"key":"Anchor"},{"floor":35,"key":"StrikeDummy"},{"floor":37,"key":"Regal Pillow"},{"floor":39,"key":"StoneCalendar"},{"floor":41,"key":"MealTicket"},{"floor":41,"key":"Sundial"},{"floor":43,"key":"Potion Belt"},{"floor":44,"key":"Tingsha"},{"floor":45,"key":"PreservedInsect"},{"floor":45,"key":"Paper Crane"},{"floor":46,"key":"Unceasing Top"},{"floor":47,"key":"Boot"}],"event_choices":[{"damage_healed":0,"gold_gain":0,"player_choice":"Leave","damage_taken":0,"max_hp_gain":0,"max_hp_loss":0,"event_name":"The Cleric","floor":2,"gold_loss":0},{"damage_healed":0,"gold_gain":0,"player_choice":"Box","damage_taken":0,"relics_obtained":["Tough Bandages"],"max_hp_gain":0,"max_hp_loss":0,"event_name":"Big Fish","floor":5,"gold_loss":0,"cards_obtained":["Regret"]},{"damage_healed":0,"gold_gain":175,"player_choice":"AGREE","damage_taken":0,"max_hp_gain":0,"max_hp_loss":0,"event_name":"Liars Game","floor":12,"gold_loss":0,"cards_obtained":["Doubt"]},{"cards_removed":["Regret"],"damage_healed":0,"gold_gain":0,"player_choice":"Gave Gold","damage_taken":0,"max_hp_gain":0,"max_hp_loss":0,"event_name":"Beggar","floor":19,"gold_loss":75},{"damage_healed":0,"gold_gain":0,"player_choice":"Upgraded","damage_taken":0,"max_hp_gain":0,"max_hp_loss":0,"event_name":"Upgrade Shrine","floor":20,"gold_loss":0,"cards_upgraded":["Concentrate"]},{"damage_healed":0,"gold_gain":0,"player_choice":"Joined the Cult","damage_taken":6,"max_hp_gain":0,"max_hp_loss":0,"event_name":"Nest","floor":21,"gold_loss":0,"cards_obtained":["RitualDagger"]},{"damage_healed":0,"gold_gain":0,"player_choice":"Fought Bandits","damage_taken":0,"max_hp_gain":0,"max_hp_loss":0,"event_name":"Masked Bandits","floor":27,"gold_loss":0},{"damage_healed":0,"gold_gain":0,"player_choice":"Inject Mutagens","damage_taken":0,"relics_obtained":["MutagenicStrength"],"max_hp_gain":0,"max_hp_loss":0,"event_name":"Drug Dealer","floor":28,"gold_loss":0},{"damage_healed":0,"gold_gain":0,"player_choice":"Ignored","damage_taken":0,"max_hp_gain":0,"max_hp_loss":0,"event_name":"Tomb of Lord Red Mask","floor":36,"gold_loss":0},{"damage_healed":0,"gold_gain":0,"player_choice":"Fight","damage_taken":0,"max_hp_gain":0,"max_hp_loss":0,"event_name":"Mysterious Sphere","floor":44,"gold_loss":0},{"damage_healed":0,"gold_gain":0,"player_choice":"Fight","damage_taken":0,"max_hp_gain":0,"max_hp_loss":0,"event_name":"MindBloom","floor":46,"gold_loss":0},{"damage_healed":0,"gold_gain":0,"player_choice":"Memory 3","damage_taken":10,"max_hp_gain":0,"max_hp_loss":0,"event_name":"SensoryStone","floor":48,"gold_loss":0}],"is_beta":false,"boss_relics":[{"not_picked":["Coffee Dripper","Runic Dome"],"picked":"SacredBark"},{"not_picked":["Busted Crown","Ring of the Serpent"],"picked":"Black Star"}],"items_purged_floors":[38],"is_endless":false,"potions_floor_spawned":[1,10,13,16,18,25,27,31,33,39,45,47],"ascension_level":0}}