{"host":"d744ndivyohnro60","time":1613774570,"event":{"mods":["BaseMod","Bestiary","Colored Powertips","Minty Spire (QoL Compilation)","Relic Stats"],"gold_per_floor":[117,117,136,148,148,148,189,189,236,250,288,288,308,308,308,428,428,444,463,463,486,189,189,228,178,178,214,214,214],"floor_reached":28,"language":"ENG","playtime":2316,"items_purged":[],"score":372,"play_id":"160c295d-a9a2-4c60-ae53-135189fcd216","local_time":"20210219174250","is_ascension_mode":true,"campfire_choices":[{"data":"Zap","floor":6,"key":"SMITH"},{"data":"Static Discharge","floor":8,"key":"SMITH"},{"data":"Bandage Up","floor":12,"key":"SMITH"},{"data":"Dualcast","floor":15,"key":"SMITH"},{"floor":23,"key":"DIG"}],"circlet_count":0,"master_deck":["Zap+1","Dualcast+1","Cold Snap","Coolheaded","Bandage Up+1","Leap","Static Discharge+1","Sweeping Beam","Ball Lightning","Steam","Conserve Battery","Thunder Strike","Stack","Lockon","Cold Snap","Aggregate","Chaos","Storm","Chill","Electrodynamics","Ball Lightning+1","Conserve Battery","Sweeping Beam+1","Capacitor+1","Self Repair"],"relics":["Coffee Dripper","Golden Idol","Omamori","Lantern","Art of War","Pandora\u0027s Box","Membership Card","Shovel","Smiling Mask","Thread and Needle","Centennial Puzzle","Bronze Scales"],"acts_visited":["Exordium","TheCity"],"potions_floor_usage":[10,13,18,21,24,28],"damage_taken":[{"damage":1,"enemies":"Cultist","floor":1,"turns":4},{"damage":7,"enemies":"Jaw Worm","floor":3,"turns":5},{"damage":4,"enemies":"Small Slimes","floor":4,"turns":3},{"damage":16,"enemies":"Lagavulin","floor":7,"turns":8},{"damage":2,"enemies":"2 Fungi Beasts","floor":10,"turns":3},{"damage":11,"enemies":"3 Sentries","floor":11,"turns":4},{"damage":1,"enemies":"3 Louse","floor":13,"turns":3},{"damage":21,"enemies":"The Guardian","floor":16,"turns":9},{"damage":2,"enemies":"Chosen","floor":18,"turns":6},{"damage":17,"enemies":"Shell Parasite","floor":19,"turns":2},{"damage":20,"enemies":"Snake Plant","floor":21,"turns":4},{"damage":11,"enemies":"Book of Stabbing","floor":24,"turns":5},{"damage":30,"enemies":"Slavers","floor":27,"turns":4},{"damage":13,"enemies":"Snecko","floor":28,"turns":4}],"seed_played":"-470433964777065242","potions_obtained":[{"floor":1,"key":"PowerPotion"},{"floor":4,"key":"Energy Potion"},{"floor":7,"key":"Block Potion"},{"floor":11,"key":"SkillPotion"},{"floor":16,"key":"Dexterity Potion"},{"floor":21,"key":"LiquidMemories"},{"floor":27,"key":"SteroidPotion"}],"is_trial":false,"path_per_floor":["M","?","M","M","?","R","E","R","T","M","E","R","M","?","R","B",null,"M","M","?","M","$","R","E","?","T","E","M"],"character_chosen":"DEFECT","items_purchased":["Membership Card","Shovel"],"campfire_rested":0,"item_purchase_floors":[22,22],"current_hp_per_floor":[67,67,64,64,64,64,52,52,52,54,47,47,52,45,45,30,64,68,51,51,37,37,37,32,32,32,8,0,0],"gold":214,"neow_bonus":"BOSS_RELIC","is_daily":false,"chose_seed":false,"campfire_upgraded":4,"win_rate":0.0,"timestamp":1613774570,"path_taken":["M","?","M","?","?","R","E","R","T","M","E","R","M","?","R","BOSS","M","M","?","M","$","R","E","?","T","E","?"],"items_purchased_type":["Relic","Relic"],"build_version":"2020-12-22","purchased_purges":0,"victory":false,"max_hp_per_floor":[75,75,75,75,75,75,75,75,75,75,75,75,75,75,75,75,75,75,75,75,75,75,75,75,75,75,75,75,75],"relic_stats":{"Centennial Puzzle":[3],"Shovel":1,"counters":[14,64],"Golden Idol":74,"Bronze Scales":[6],"Pandora\u0027s Box":["Stack","Lockon","Cold Snap","Aggregate","Chaos","Storm","Chill","Electrodynamics"],"Art of War":[6],"Smiling Mask":0,"obtain_stats":[{"Lantern":9,"Golden Idol":5,"Thread and Needle":24,"Omamori":7,"Smiling Mask":23,"Centennial Puzzle":26,"Shovel":22,"Bronze Scales":27,"Pandora\u0027s Box":17,"Coffee Dripper":0,"Art of War":11,"Membership Card":22,"Cracked Core":0},{"Lantern":4,"Golden Idol":3,"Thread and Needle":12,"Omamori":4,"Smiling Mask":11,"Centennial Puzzle":12,"Shovel":11,"Bronze Scales":13,"Pandora\u0027s Box":8,"Coffee Dripper":0,"Art of War":6,"Membership Card":11,"Cracked Core":0},{"Lantern":20,"Golden Idol":12,"Thread and Needle":56,"Omamori":20,"Smiling Mask":51,"Centennial Puzzle":56,"Shovel":51,"Bronze Scales":60,"Pandora\u0027s Box":39,"Coffee Dripper":0,"Art of War":27,"Membership Card":51,"Cracked Core":0}]},"card_choices":[{"not_picked":["Consume","Coolheaded"],"picked":"Cold Snap","floor":1},{"not_picked":["Barrage","Beam Cell"],"picked":"Leap","floor":3},{"not_picked":["Darkness","Hologram"],"picked":"Static Discharge","floor":4},{"not_picked":["Aggregate","All For One"],"picked":"Sweeping Beam","floor":7},{"not_picked":["Coolheaded","Aggregate"],"picked":"Ball Lightning","floor":10},{"not_picked":["Gash","Hello World"],"picked":"Steam","floor":11},{"not_picked":["Barrage","Genetic Algorithm"],"picked":"Conserve Battery","floor":13},{"not_picked":["Electrodynamics","Seek"],"picked":"Thunder Strike","floor":16},{"not_picked":["Cold Snap","Capacitor"],"picked":"Ball Lightning+1","floor":18},{"not_picked":["Beam Cell","Force Field"],"picked":"Conserve Battery","floor":19},{"not_picked":["Gash","Reinforced Body"],"picked":"Sweeping Beam+1","floor":21},{"not_picked":["Skim+1","Go for the Eyes"],"picked":"Capacitor+1","floor":24},{"not_picked":["Rebound+1","Chill+1"],"picked":"Self Repair","floor":27}],"player_experience":246352,"relics_obtained":[{"floor":7,"key":"Omamori"},{"floor":9,"key":"Lantern"},{"floor":11,"key":"Art of War"},{"floor":23,"key":"Smiling Mask"},{"floor":24,"key":"Thread and Needle"},{"floor":26,"key":"Centennial Puzzle"},{"floor":27,"key":"Bronze Scales"}],"event_choices":[{"damage_healed":0,"gold_gain":0,"player_choice":"2 cards matched","damage_taken":0,"max_hp_gain":0,"max_hp_loss":0,"event_name":"Match and Keep!","floor":2,"gold_loss":0,"cards_obtained":["Coolheaded","Bandage Up"]},{"damage_healed":0,"gold_gain":0,"player_choice":"Take Wound","damage_taken":0,"relics_obtained":["Golden Idol"],"max_hp_gain":0,"max_hp_loss":0,"event_name":"Golden Idol","floor":5,"gold_loss":0,"cards_obtained":["Injury"]},{"cards_removed":["Injury"],"damage_healed":0,"gold_gain":0,"player_choice":"Card Removal","damage_taken":7,"max_hp_gain":0,"max_hp_loss":0,"event_name":"Golden Wing","floor":14,"gold_loss":0},{"damage_healed":0,"gold_gain":0,"player_choice":"Ignored","damage_taken":0,"max_hp_gain":0,"max_hp_loss":0,"event_name":"Vampires","floor":20,"gold_loss":0},{"damage_healed":0,"gold_gain":0,"player_choice":"Bet on Murderer","damage_taken":0,"max_hp_gain":0,"max_hp_loss":0,"event_name":"The Joust","floor":25,"gold_loss":50}],"is_beta":false,"boss_relics":[{"not_picked":["SlaversCollar","Busted Crown"],"picked":"Pandora\u0027s Box"}],"items_purged_floors":[],"is_endless":false,"potions_floor_spawned":[1,4,7,11,16,21,27],"killed_by":"Snecko","ascension_level":8}}