{"host":"d2gh6suihlstufn7","time":1613724044,"event":{"mods":["AchievementEnabler","BaseMod","Colored Map","Colored Powertips","Minty Spire (QoL Compilation)","Permanent Neow","Quick Restart"],"gold_per_floor":[12,12,67,142,154,189,189,209,209,227,72,72,72,100,100,100,100],"floor_reached":16,"language":"KOR","playtime":972,"items_purged":[],"score":108,"play_id":"c34c359f-f596-40bf-b5ea-e3348a3b20f9","local_time":"20210219174044","is_ascension_mode":false,"campfire_choices":[{"data":"Flame Barrier","floor":7,"key":"SMITH"},{"floor":13,"key":"RECALL"},{"floor":15,"key":"REST"}],"circlet_count":0,"master_deck":["Strike_R","Strike_R+1","Strike_R","Defend_R","Defend_R","Defend_R","Bash+1","Sever Soul","Fiend Fire+1","Flame Barrier+1","Burning Pact","Rage","Warcry"],"relics":["Burning Blood","Orichalcum","Juzu Bracelet","Strawberry","Whetstone"],"acts_visited":["Exordium"],"potions_floor_usage":[6,14],"damage_taken":[{"damage":0,"enemies":"Small Slimes","floor":1,"turns":2},{"damage":2,"enemies":"2 Louse","floor":5,"turns":2},{"damage":27,"enemies":"Gremlin Nob","floor":6,"turns":4},{"damage":6,"enemies":"Jaw Worm","floor":8,"turns":6},{"damage":7,"enemies":"Looter","floor":10,"turns":4},{"damage":36,"enemies":"3 Sentries","floor":14,"turns":10},{"damage":56,"enemies":"Hexaghost","floor":16,"turns":11}],"seed_played":"5089525588860626293","potions_obtained":[{"floor":6,"key":"EntropicBrew"},{"floor":10,"key":"Explosive Potion"},{"floor":14,"key":"FearPotion"}],"is_trial":false,"path_per_floor":["M","?","?","T","M","E","R","M","T","M","$","?","R","E","R","B"],"character_chosen":"IRONCLAD","items_purchased":["Strawberry"],"campfire_rested":1,"item_purchase_floors":[11],"current_hp_per_floor":[80,80,80,80,80,59,59,59,59,58,65,65,65,35,61,5,5],"gold":100,"neow_bonus":"TRANSFORM_TWO_CARDS","is_daily":false,"chose_seed":false,"campfire_upgraded":1,"win_rate":0.0,"timestamp":1613724044,"path_taken":["M","?","?","?","M","E","R","M","T","M","?","?","R","E","R","BOSS"],"items_purchased_type":["Relic"],"build_version":"2020-12-22","purchased_purges":0,"victory":false,"max_hp_per_floor":[80,80,80,80,80,80,80,80,80,80,87,87,87,87,87,87,87],"card_choices":[{"not_picked":["True Grit","Wild Strike","Infernal Blade"],"picked":"SKIP","floor":1},{"not_picked":["Hemokinesis","Iron Wave","True Grit"],"picked":"SKIP","floor":5},{"not_picked":["Carnage","Flex"],"picked":"Flame Barrier","floor":6},{"not_picked":["Warcry","Pommel Strike"],"picked":"Burning Pact","floor":8},{"not_picked":["Warcry","Heavy Blade"],"picked":"Rage","floor":10},{"not_picked":["Clash","Clothesline","Metallicize"],"picked":"SKIP","floor":14}],"player_experience":176678,"relics_obtained":[{"floor":6,"key":"Orichalcum"},{"floor":9,"key":"Juzu Bracelet"},{"floor":14,"key":"Whetstone"}],"event_choices":[{"damage_healed":0,"gold_gain":0,"player_choice":"Grow","damage_taken":0,"max_hp_gain":0,"max_hp_loss":0,"event_name":"Living Wall","floor":2,"gold_loss":0,"cards_upgraded":["Fiend Fire"]},{"damage_healed":0,"gold_gain":55,"player_choice":"Gained Gold","damage_taken":0,"max_hp_gain":0,"max_hp_loss":0,"event_name":"Golden Wing","floor":3,"gold_loss":0},{"damage_healed":0,"gold_gain":0,"cards_transformed":["Strike_R"],"player_choice":"Transformed","damage_taken":0,"max_hp_gain":0,"max_hp_loss":0,"event_name":"Transmorgrifier","floor":12,"gold_loss":0,"cards_obtained":["Warcry"]}],"is_beta":false,"boss_relics":[],"items_purged_floors":[],"is_endless":false,"potions_floor_spawned":[6,10,14],"killed_by":"Hexaghost","ascension_level":0}}