{"host":"lnfs5t5iydkm2lft","time":1613695413,"event":{"mods":["AchievementEnabler","Aspiration","BaseMod","Better Third Choice","BetterRewards","Colored Powertips","Downfall","Hermit","Hubris","Infinite Spire","Marisa????????","Minty Spire (QoL Compilation)","Quick Restart","Replay The Spire","StSLib","The Runesmith","The Senshi","TheBandit","everything is the same but u backflip on backflip"],"gold_per_floor":[109,109,184,57,3,28,46,46,124,159,159,159,0,15,15,126,126,126],"floor_reached":17,"language":"ENG","playtime":871,"items_purged":[],"score":193,"play_id":"38458592-7de2-47d4-b448-65df9f614fbc","local_time":"20210218184333","is_ascension_mode":true,"campfire_choices":[{"floor":8,"key":"REST"},{"floor":11,"key":"REST"},{"floor":15,"key":"REST"}],"circlet_count":0,"master_deck":["Strike_B","Strike_B","Strike_B","Defend_B","Defend_B","Defend_B","Defend_B+1","Zap","Dualcast","Self Repair","Time Bomb","Compile Driver","Melter+1","Panic Button","Lockon+1","Reboot+1","Enlightenment","Electrodynamics+1"],"relics":["Cracked Core","Replay:Bandana","Golden Egg","infinitespire:BottledMercury","hubris:ScarierMask"],"acts_visited":["Exordium","TheCity"],"potions_floor_usage":[10,16,16],"damage_taken":[{"damage":1,"enemies":"2 Louse","floor":1,"turns":4},{"damage":20,"enemies":"Lagavulin","floor":6,"turns":5},{"damage":12,"enemies":"Jaw Worm","floor":7,"turns":3},{"damage":50,"enemies":"3 Sentries","floor":10,"turns":10},{"damage":0,"enemies":"Small Slimes","floor":14,"turns":2},{"damage":68,"enemies":"Fading Forest","floor":16,"turns":11}],"seed_played":"2550015347601320502","potions_obtained":[{"floor":7,"key":"Adrenaline Potion"},{"floor":10,"key":"Dexterity Potion"},{"floor":14,"key":"Strength Potion"}],"is_trial":false,"path_per_floor":["M","?","?","$","$","E","M","R","T","E","R","?","?","M","R","B",null],"character_chosen":"DEFECT","items_purchased":["Time Bomb","Compile Driver","Melter+1"],"campfire_rested":3,"item_purchase_floors":[4,4,5],"current_hp_per_floor":[79,72,61,61,61,48,43,67,67,24,48,32,38,45,70,9,86,86],"gold":126,"neow_bonus":"RANDOM_EVENT","is_daily":false,"chose_seed":false,"campfire_upgraded":0,"win_rate":0.0,"timestamp":1613695413,"path_taken":["M","?","?","?","$","E","M","R","T","E","R","?","?","M","R","BOSS"],"items_purchased_type":["Card","Card","Card"],"build_version":"2020-12-22","purchased_purges":0,"victory":false,"max_hp_per_floor":[80,80,80,80,80,80,80,80,80,80,80,80,86,86,86,86,86,86],"card_choices":[{"not_picked":["Gash","Skim"],"picked":"Self Repair","floor":1},{"not_picked":["Recycle","FIFO Queue"],"picked":"Panic Button","floor":6},{"not_picked":["Reinforced Body","BasicCrystalCard"],"picked":"Lockon","floor":7},{"not_picked":["Consume","Barrage"],"picked":"Reboot","floor":10},{"not_picked":["Sweeping Beam","Aggregate","Hologram"],"picked":"SKIP","floor":14},{"not_picked":["Amplify","Fission"],"picked":"Electrodynamics","floor":16}],"player_experience":388767,"relics_obtained":[{"floor":6,"key":"Replay:Bandana"},{"floor":9,"key":"Golden Egg"},{"floor":10,"key":"infinitespire:BottledMercury"}],"event_choices":[{"damage_healed":0,"gold_gain":0,"player_choice":"Donut","damage_taken":0,"max_hp_gain":5,"max_hp_loss":0,"event_name":"Big Fish","floor":0,"gold_loss":0},{"cards_removed":["Strike_B"],"damage_healed":0,"gold_gain":0,"player_choice":"Card Removal","damage_taken":7,"max_hp_gain":0,"max_hp_loss":0,"event_name":"Golden Wing","floor":2,"gold_loss":0},{"damage_healed":0,"gold_gain":75,"player_choice":"Gold","damage_taken":11,"max_hp_gain":0,"max_hp_loss":0,"event_name":"betterThird:BetterGoop","floor":3,"gold_loss":0},{"damage_healed":48,"gold_gain":0,"player_choice":"Upgrade","damage_taken":16,"max_hp_gain":0,"max_hp_loss":80,"event_name":"betterThird:BetterShining","floor":12,"gold_loss":0,"cards_upgraded":["Defend_B","Lockon"]},{"damage_healed":0,"gold_gain":0,"player_choice":"RENOUNCE","damage_taken":159,"max_hp_gain":0,"max_hp_loss":0,"event_name":"betterThird:BetterSerpent","floor":13,"gold_loss":159,"cards_obtained":["Enlightenment"]}],"is_beta":false,"boss_relics":[{"not_picked":["aspiration:FutureDiary","hubris:HollowSoul"],"picked":"hubris:ScarierMask"}],"items_purged_floors":[],"is_endless":false,"potions_floor_spawned":[7,10,14],"ascension_level":4}}