{"host":"smeba5iqt06s46ur","time":1613749623,"event":{"mods":["BaseMod","Downfall","Hero for Fun","Highlight Path","Marisa£®ÏF”Í°°ƒß¿Ì…≥£©","Minty Spire (QoL Compilation)","READ ME - Guardian Mod","Replay The Spire","Shop Mod","StSLib","The Animator","The Bug Knight","The Cursed","The Disciple","The Necromancer","The Servant 0.9.4","[IsaacMod]“‘»ˆº‚À˛"],"gold_per_floor":[99,128,303,319,319,336,336,365,377,453,470,470,470,484,495,495,495],"floor_reached":16,"language":"ZHS","playtime":821,"items_purged":[],"score":104,"play_id":"b80743c3-96b5-4111-a52f-bddd25346c44","local_time":"20210219234703","is_ascension_mode":false,"campfire_choices":[{"floor":1,"key":"DIG"},{"floor":13,"key":"REST"}],"circlet_count":0,"master_deck":["Strike_S","Strike_S+1","Strike_S","Strike_S","Defend_S","Defend_S","Defend_S","Defend_S","KidneyShot","Exchange","BettingIsNotGood","Defy","Doubt","FastForward","Spin+1","Solidify+1","SpecialFormula","InstantArmor+1","downfall:Malfunctioning","Unruled","BottledTime"],"relics":["Uniform","HushsDoor","D6","Anchor","Golden Egg","Replay:WaspNest","Mirror"],"acts_visited":["Exordium"],"potions_floor_usage":[16],"damage_taken":[{"damage":2,"enemies":"2 Louse","floor":2,"turns":3},{"damage":6,"enemies":"Cultist","floor":4,"turns":4},{"damage":3,"enemies":"Small Slimes","floor":6,"turns":5},{"damage":42,"enemies":"Lagavulin","floor":8,"turns":11},{"damage":2,"enemies":"downfall:LooterAlt","floor":9,"turns":4},{"damage":4,"enemies":"Blue Slaver","floor":11,"turns":4},{"damage":0,"enemies":"2 Fungi Beasts","floor":14,"turns":4},{"damage":0,"enemies":"Large Slime","floor":15,"turns":3},{"damage":40,"enemies":"DF_ARCHETYPE_STREAMLINE","floor":16,"turns":6}],"seed_played":"6219404366998792316","potions_obtained":[{"floor":4,"key":"Strength Potion"},{"floor":8,"key":"LiquidBronze"},{"floor":14,"key":"SpeedPotion"}],"is_trial":false,"path_per_floor":["R","M","?","M","T","M","T","E","M","?","M","?","R","M","M","B"],"character_chosen":"THE_SERVANT","items_purchased":[],"campfire_rested":1,"item_purchase_floors":[],"current_hp_per_floor":[71,69,69,65,65,62,62,20,23,8,9,9,30,30,35,0,0],"gold":495,"neow_bonus":"TEN_PERCENT_HP_BONUS","is_daily":false,"chose_seed":false,"campfire_upgraded":0,"win_rate":0.0,"timestamp":1613749623,"path_taken":["R","M","?","?","?","M","T","E","M","?","?","?","R","M","M","BOSS"],"items_purchased_type":[],"build_version":"2020-12-22","purchased_purges":0,"victory":false,"max_hp_per_floor":[71,71,71,71,71,71,71,71,71,71,71,71,71,71,71,71,71],"card_choices":[{"not_picked":[],"picked":"BettingIsNotGood","floor":0},{"not_picked":["Alleviate","Desolation"],"picked":"Defy","floor":2},{"not_picked":["Replace","ForgedInTime"],"picked":"FastForward","floor":4},{"not_picked":["Rewind","Read"],"picked":"Spin","floor":6},{"not_picked":["Hightail","Spin"],"picked":"Solidify","floor":8},{"not_picked":["Sabotage","Replace"],"picked":"SpecialFormula","floor":9},{"not_picked":["Ricochet","Defy"],"picked":"InstantArmor","floor":11},{"not_picked":["Rewind","Defy"],"picked":"Unruled","floor":14},{"not_picked":["TimeWarp","Rearm"],"picked":"BottledTime","floor":15}],"player_experience":431652,"relics_obtained":[{"floor":1,"key":"Anchor"},{"floor":5,"key":"Golden Egg"},{"floor":7,"key":"Replay:WaspNest"},{"floor":8,"key":"Mirror"}],"event_choices":[],"is_beta":false,"boss_relics":[],"items_purged_floors":[],"is_endless":false,"potions_floor_spawned":[4,8,14],"killed_by":"DF_ARCHETYPE_STREAMLINE","ascension_level":0}}