{"host":"o9lehcdjc4u6j9un","time":1613736789,"event":{"mods":["Aspiration","BaseMod","Better-Laid Plans","Bossed Relics","Colored Map","Downfall","Gremlin Mod","Hermit","Koishi","Marisa£®ÏF”Í°°ƒß¿Ì…≥£©","Minty Spire (QoL Compilation)","Reimu£®≤©¿ˆ¡È√Œ£©","Remilia£®¿Ÿ√◊¿Ú—«£©","Robot Space Explorer","StSLib","The Alterego","The Hierophant","The Jungle","The Marked","The Runesmith","The Senshi","The Servant 0.9.4","Yakumo Yukari mod","Youmu£®ªÍ∆«—˝√Œ£©","≤–¡Ù÷ÆŒÔ"],"gold_per_floor":[119,119,137,62,74,74,103,103,103,103,119,135,150,165,165,165,165],"floor_reached":16,"language":"ZHS","playtime":4832,"items_purged":["Koishi:BasicStrike"],"score":104,"play_id":"adb0b7a3-4f18-4cbd-bede-aa693892ea43","local_time":"20210219201309","is_ascension_mode":false,"campfire_choices":[{"data":"Koishi:EmbryosDream","floor":6,"key":"SMITH"},{"floor":8,"key":"REST"},{"data":"Koishi:Provoke","floor":10,"key":"SMITH"},{"floor":15,"key":"REST"}],"circlet_count":0,"master_deck":["Koishi:BasicStrike","Koishi:BasicStrike","Koishi:BasicStrike","Koishi:BasicDefend","Koishi:BasicDefend","Koishi:BasicDefend","Koishi:BasicDefend","Koishi:Provoke+1","Koishi:HauntingSlash+1","Koishi:Bloodlust","Koishi:EmbryosDream+1","Koishi:Jaunt","Koishi:YoukaiPolygraph","Koishi:SpiritedAway","Koishi:HeartfeltFancy"],"relics":["Koishi:ImaginaryFriend","Regal Pillow","aspiration:DSix","Frozen Egg 2"],"acts_visited":["Exordium"],"potions_floor_usage":[16],"damage_taken":[{"damage":3,"enemies":"Jaw Worm","floor":1,"turns":5},{"damage":0,"enemies":"2 Louse","floor":3,"turns":2},{"damage":2,"enemies":"Cultist","floor":5,"turns":4},{"damage":31,"enemies":"3 Sentries","floor":7,"turns":13},{"damage":1,"enemies":"3 Louse","floor":11,"turns":4},{"damage":3,"enemies":"Blue Slaver","floor":12,"turns":6},{"damage":29,"enemies":"Gremlin Gang","floor":13,"turns":5},{"damage":2,"enemies":"3 Louse","floor":14,"turns":5},{"damage":83,"enemies":"Hexaghost","floor":16,"turns":19}],"seed_played":"4929392931926524543","potions_obtained":[{"floor":1,"key":"ZuzhouPotion:ReiMu"},{"floor":3,"key":"FairyPotion"},{"floor":13,"key":"Weak Potion"},{"floor":14,"key":"Ancient Potion"}],"is_trial":false,"path_per_floor":["M","?","M","$","M","R","E","R","T","R","M","M","M","M","R","B"],"character_chosen":"KOISHI","items_purchased":[],"campfire_rested":2,"item_purchase_floors":[],"current_hp_per_floor":[60,57,59,59,59,59,30,60,60,60,59,60,31,31,60,0,0],"gold":165,"neow_bonus":"UPGRADE_CARD","is_daily":false,"chose_seed":false,"campfire_upgraded":2,"win_rate":0.0,"timestamp":1613736789,"path_taken":["M","?","M","$","M","R","E","R","T","R","M","M","M","M","R","BOSS"],"items_purchased_type":[],"build_version":"2020-12-22","purchased_purges":1,"victory":false,"max_hp_per_floor":[60,60,60,60,60,60,60,60,60,60,60,60,60,60,60,60,60],"card_choices":[{"not_picked":["Koishi:Catatonia","Koishi:CatchAndRose"],"picked":"Koishi:Bloodlust","floor":1},{"not_picked":["Koishi:SpiritedAway","Koishi:PhantomStrike"],"picked":"Koishi:EmbryosDream","floor":3},{"not_picked":["Koishi:ReleaseOfTheId","Koishi:MassHysteria"],"picked":"Koishi:Jaunt","floor":5},{"not_picked":["Koishi:BramblyRoseGarden","Koishi:RorschachInDanmaku","Koishi:UnconsciousUprising"],"picked":"SKIP","floor":7},{"not_picked":["Koishi:UnansweredLove","Koishi:FidgetySnatcher+1"],"picked":"Koishi:YoukaiPolygraph","floor":11},{"not_picked":["Koishi:GhostParty","Koishi:Bloodlust"],"picked":"Koishi:SpiritedAway","floor":12},{"not_picked":["Koishi:StingingMind","Koishi:FormlessExistence+1"],"picked":"Koishi:HeartfeltFancy","floor":13},{"not_picked":["Koishi:RacingHeart","Koishi:PhantomStrike","Koishi:CatchAndRose"],"picked":"SKIP","floor":14}],"player_experience":357210,"relics_obtained":[{"floor":7,"key":"aspiration:DSix"},{"floor":9,"key":"Frozen Egg 2"}],"event_choices":[{"damage_healed":0,"gold_gain":0,"player_choice":"Success","damage_taken":3,"relics_obtained":["Regal Pillow"],"max_hp_gain":0,"max_hp_loss":0,"event_name":"Scrap Ooze","floor":2,"gold_loss":0}],"is_beta":false,"boss_relics":[],"items_purged_floors":[4],"is_endless":false,"potions_floor_spawned":[1,3,13,14],"killed_by":"Hexaghost","ascension_level":0}}