{"host":"38p8qnzhmsyj15s2","time":1613696578,"event":{"mods":["AchievementEnabler","Act Like it!","Aspiration","Bard","BaseMod","BetterRewards","Challenge The Spire","Colored Powertips","Conspire","DeckTracker","Defuse TimeMaze Blight","Downfall","Energized Spire","GifTheSpireLib","Googly Eyes","Halation","Hermit","Hubris","Infinite Spire","Jorbs\u0027s Wanderer Trilogy","Minty Spire (QoL Compilation)","Quick Restart","Random Character Button","Rare Cards Sparkle","Relic Sorter","Replay The Spire","StSLib","The Cursed","The Hayseed","The Hierophant","The Jungle","The Servant 0.9.4","TheFirefly","Wandering Minibosses","everything is the same but u backflip on backflip"],"gold_per_floor":[119,119,119,132,149,182,12,39,39,49,69,80,80,95,95,196,196,212,193,2,15,27,27,45,65,65,85,85,10,44,44,44,44,44,65,86,86,86],"floor_reached":37,"language":"ENG","playtime":3839,"items_purged":[],"score":582,"play_id":"517f2290-6763-4513-a39a-113ac7eecbe5","local_time":"20210219010258","is_ascension_mode":false,"campfire_choices":[{"floor":13,"key":"REST"},{"floor":15,"key":"REST"},{"data":"Dagger Spray","floor":23,"key":"SMITH"},{"data":"Fluid Movement","floor":28,"key":"SMITH"},{"data":"Replay:Poison Smokescreen","floor":32,"key":"SMITH"}],"circlet_count":0,"master_deck":["Strike_G","Strike_G","Strike_G","Strike_G","Strike_G","Defend_G","Defend_G","Defend_G","Defend_G","Defend_G","Survivor","Neutralize","Blade Dance","Caltrops","Neutralize","Blur","Dagger Throw","Blur","Footwork","Panacea","Backflip","Prepared","Die Die Die","Fluid Movement+1","Draining Mist","Dagger Spray+1","Flying Knee","Glass Knife","Flechettes","Flying Knee+1","Prepared+1","Sneak Up","Replay:Poison Smokescreen+1","CurseOfTheBell","Noxious Fumes"],"relics":["Ring of the Snake","hubris:Towel","halation:TwoAmDonut","Replay:WaspNest","infinitespire:BottledMercury","energizedSpire:OgreHead","halation:BottledHappiness","conspire:DeflatedDodgeball","infinitespire:Bottled Soul","Frozen Eye","Ring of the Serpent","infinitespire:EvilPickle","Calling Bell","Vajra","Eternal Feather","Replay:Kaleidoscope"],"acts_visited":["Exordium","TheCity","TheBeyond"],"potions_floor_usage":[12,19,24,25,33,36],"damage_taken":[{"damage":0,"enemies":"conspire:RoseBush","floor":1,"turns":3},{"damage":1,"enemies":"Cultist","floor":4,"turns":3},{"damage":16,"enemies":"infinitespire:Voidling","floor":5,"turns":3},{"damage":23,"enemies":"Gremlin Nob","floor":6,"turns":5},{"damage":10,"enemies":"Lagavulin","floor":8,"turns":8},{"damage":2,"enemies":"Large Slime","floor":10,"turns":7},{"damage":0,"enemies":"conspire:2 RoseBushes","floor":11,"turns":6},{"damage":17,"enemies":"Gremlin Gang","floor":12,"turns":5},{"damage":0,"enemies":"Exordium Wildlife","floor":14,"turns":9},{"damage":12,"enemies":"Fading Forest","floor":16,"turns":11},{"damage":0,"enemies":"conspire:FuzzyDice","floor":18,"turns":7},{"damage":14,"enemies":"2 Thieves","floor":19,"turns":5},{"damage":2,"enemies":"Chosen and Byrds","floor":21,"turns":7},{"damage":0,"enemies":"conspire:HollyBat","floor":22,"turns":8},{"damage":1,"enemies":"Snecko","floor":24,"turns":7},{"damage":15,"enemies":"Snake Plant","floor":25,"turns":4},{"damage":8,"enemies":"conspire:HollyBat","floor":27,"turns":7},{"damage":10,"enemies":"conspire:SneckoGhost","floor":30,"turns":10},{"damage":15,"enemies":"Pondfish","floor":33,"turns":11},{"damage":15,"enemies":"3 Shapes","floor":35,"turns":6},{"damage":24,"enemies":"3 Darklings","floor":36,"turns":5},{"damage":38,"enemies":"Jaw Worm Horde","floor":37,"turns":3}],"seed_played":"5175323824329361464","potions_obtained":[{"floor":10,"key":"Poison Potion"},{"floor":12,"key":"GamblersBrew"},{"floor":16,"key":"Weak Potion"},{"floor":18,"key":"champ:CounterPotion"},{"floor":24,"key":"SkillPotion"},{"floor":25,"key":"bronze:BurnAndBuffPotion"},{"floor":35,"key":"Weak Potion"}],"is_trial":false,"path_per_floor":["M","?","?","M","M","E","$","E","T","M","M","M","R","M","R","B",null,"M","M","$","M","M","R","M","M","T","M","R","$","E","AVR","R","B",null,"M","M","M"],"character_chosen":"THE_SILENT","items_purchased":["Footwork","Panacea","Dagger Spray","halation:BottledHappiness","Sneak Up"],"campfire_rested":2,"item_purchase_floors":[7,7,20,20,29],"current_hp_per_floor":[77,77,77,76,67,44,44,34,34,32,32,15,38,38,61,49,77,77,63,63,61,61,61,60,45,45,37,37,37,27,27,27,12,77,62,38,0,0],"gold":86,"neow_bonus":"TEN_PERCENT_HP_BONUS","is_daily":false,"chose_seed":false,"campfire_upgraded":3,"win_rate":0.0,"timestamp":1613696578,"path_taken":["M","?","?","M","M","E","$","E","T","M","M","M","R","?","R","BOSS","M","M","$","M","?","R","M","M","T","M","R","$","E","AVR","R","BOSS","M","M","M"],"items_purchased_type":["Card","Card","Card","Relic","Card"],"build_version":"2020-12-22","purchased_purges":0,"victory":false,"max_hp_per_floor":[77,77,77,77,77,77,77,77,77,77,77,77,77,77,77,77,77,77,77,77,77,77,77,77,77,77,77,77,77,77,77,77,77,77,77,77,77,77],"card_choices":[{"not_picked":["Sucker Punch","Outmaneuver"],"picked":"Blade Dance","floor":1},{"not_picked":["Acrobatics","Flying Knee"],"picked":"Blur","floor":4},{"not_picked":["Deadly Poison","Expertise"],"picked":"Dagger Throw","floor":5},{"not_picked":["Leg Sweep","conspire:DoublingDagger"],"picked":"Blur","floor":6},{"not_picked":["Choke","Dodge and Roll","Terror"],"picked":"SKIP","floor":8},{"not_picked":["Outmaneuver","Flying Knee","Bouncing Flask"],"picked":"SKIP","floor":10},{"not_picked":["Poisoned Stab","Calculated Gamble"],"picked":"Backflip","floor":11},{"not_picked":["Tactician","Acrobatics","Expertise"],"picked":"SKIP","floor":12},{"not_picked":["hubris:SlightOfHand","Tactician"],"picked":"Prepared","floor":14},{"not_picked":["Phantasmal Killer","Night Terror"],"picked":"Die Die Die","floor":16},{"not_picked":["Deadly Poison","Poisoned Stab"],"picked":"Fluid Movement","floor":18},{"not_picked":["ReplayTheSpireMod:Tripwire","Quick Slash"],"picked":"Draining Mist","floor":19},{"not_picked":["Dash","Outmaneuver"],"picked":"Flying Knee","floor":21},{"not_picked":["Draining Mist","hubris:SlightOfHand"],"picked":"Glass Knife","floor":22},{"not_picked":["Predator","Outmaneuver+1"],"picked":"Flechettes","floor":24},{"not_picked":["Outmaneuver+1","Dagger Throw"],"picked":"Flying Knee+1","floor":25},{"not_picked":["Leg Sweep","Reflex+1"],"picked":"Prepared+1","floor":27},{"not_picked":["Finisher","Prepared+1"],"picked":"Replay:Poison Smokescreen","floor":30},{"not_picked":["hubris:SlightOfHand","Flying Knee"],"picked":"Noxious Fumes","floor":35},{"not_picked":["PiercingWail+1","Outmaneuver+1","hubris:SlightOfHand"],"picked":"SKIP","floor":36}],"player_experience":20439,"relics_obtained":[{"floor":6,"key":"halation:TwoAmDonut"},{"floor":8,"key":"Replay:WaspNest"},{"floor":9,"key":"infinitespire:BottledMercury"},{"floor":26,"key":"conspire:DeflatedDodgeball"},{"floor":30,"key":"infinitespire:Bottled Soul"},{"floor":34,"key":"Vajra"},{"floor":34,"key":"Eternal Feather"},{"floor":34,"key":"Replay:Kaleidoscope"}],"event_choices":[{"damage_healed":0,"gold_gain":0,"player_choice":"2 cards matched","damage_taken":0,"max_hp_gain":0,"max_hp_loss":0,"event_name":"Match and Keep!","floor":3,"gold_loss":0,"cards_obtained":["Caltrops","Neutralize"]}],"is_beta":false,"boss_relics":[{"not_picked":["halation:ForbiddenBikini","SacredBark"],"picked":"energizedSpire:OgreHead"},{"not_picked":["HoveringKite","conspire:SpecialSausage"],"picked":"Calling Bell"}],"items_purged_floors":[],"is_endless":false,"potions_floor_spawned":[10,12,16,18,24,25,33,35],"killed_by":"Jaw Worm Horde","ascension_level":0}}