{"host":"8is2j71l4wmybkoi","time":1613733701,"event":{"mods":["AchievementEnabler","BaseMod","Colored Map","DeckTracker","Minty Spire (QoL Compilation)","Rare Cards Sparkle","Relic Stats","StSLib","SuperFastMode"],"gold_per_floor":[112,126,137,155,155,188,188,199,224,239,268,268,268,286,286,385,385,400,435,55,75,93,93,103,117,165,21,21,21,21,21,21],"floor_reached":31,"language":"KOR","playtime":1232,"items_purged":["Strike_B"],"score":374,"play_id":"f4f70200-5ad6-452d-a666-f7d76a5bff05","local_time":"20210219202141","is_ascension_mode":true,"campfire_choices":[{"data":"Zap","floor":7,"key":"SMITH"},{"data":"Chaos","floor":12,"key":"SMITH"},{"data":"Hologram","floor":15,"key":"SMITH"},{"data":"Strike_B","floor":23,"key":"PURGE"},{"data":"Defend_B","floor":28,"key":"PURGE"},{"data":"Strike_B","floor":30,"key":"PURGE"}],"circlet_count":0,"master_deck":["AscendersBane","Strike_B","Defend_B","Defend_B+1","Defend_B","Zap+1","Dualcast","Hologram+1","Compile Driver","Glacier+1","Cold Snap","FTL","Barrage","Chaos+1","Steam","Echo Form","Coolheaded+1","Reinforced Body+1","Chaos+1","Leap+1","Thunder Strike","Necronomicurse"],"relics":["Cracked Core","NeowsBlessing","Question Card","Strawberry","Blood Vial","Coffee Dripper","Red Mask","Peace Pipe","DataDisk","Chemical X","Necronomicon"],"acts_visited":["Exordium","TheCity"],"potions_floor_usage":[6,8,16,16,19,22],"damage_taken":[{"damage":0,"enemies":"Cultist","floor":1,"turns":1},{"damage":0,"enemies":"Jaw Worm","floor":2,"turns":1},{"damage":0,"enemies":"2 Louse","floor":3,"turns":1},{"damage":10,"enemies":"Large Slime","floor":4,"turns":8},{"damage":4,"enemies":"3 Sentries","floor":6,"turns":8},{"damage":0,"enemies":"2 Fungi Beasts","floor":8,"turns":4},{"damage":3,"enemies":"Blue Slaver","floor":10,"turns":3},{"damage":21,"enemies":"Gremlin Nob","floor":11,"turns":4},{"damage":0,"enemies":"Large Slime","floor":14,"turns":3},{"damage":13,"enemies":"Slime Boss","floor":16,"turns":11},{"damage":0,"enemies":"Shell Parasite","floor":18,"turns":5},{"damage":35,"enemies":"Masked Bandits","floor":19,"turns":8},{"damage":0,"enemies":"Chosen","floor":21,"turns":5},{"damage":13,"enemies":"3 Cultists","floor":22,"turns":6},{"damage":0,"enemies":"Centurion and Healer","floor":24,"turns":9},{"damage":4,"enemies":"Shelled Parasite and Fungi","floor":25,"turns":7},{"damage":39,"enemies":"Cultist and Chosen","floor":31,"turns":4}],"seed_played":"-464945485586820439","potions_obtained":[{"floor":3,"key":"PowerPotion"},{"floor":4,"key":"FearPotion"},{"floor":6,"key":"BlessingOfTheForge"},{"floor":14,"key":"FocusPotion"},{"floor":16,"key":"Weak Potion"},{"floor":21,"key":"Weak Potion"}],"is_trial":false,"path_per_floor":["M","M","M","M","?","E","R","M","T","M","E","R","?","M","R","B",null,"M","?","$","M","M","R","M","M","T","$","R","?","R","M"],"character_chosen":"DEFECT","items_purchased":["Peace Pipe","Chemical X"],"campfire_rested":0,"item_purchase_floors":[20,27],"current_hp_per_floor":[68,68,68,58,43,39,39,39,46,43,22,22,27,29,29,18,70,72,39,39,41,30,30,32,30,30,30,30,14,14,0,0],"gold":21,"neow_bonus":"THREE_ENEMY_KILL","is_daily":false,"chose_seed":false,"campfire_upgraded":3,"win_rate":0.0,"timestamp":1613733701,"path_taken":["M","?","M","M","?","E","R","M","T","M","E","R","?","M","R","BOSS","M","?","$","M","M","R","M","M","T","$","R","?","R","M"],"items_purchased_type":["Relic","Relic"],"build_version":"2020-12-22","purchased_purges":1,"victory":false,"max_hp_per_floor":[75,75,75,75,75,75,75,75,82,82,82,82,87,87,87,87,87,87,87,87,87,87,87,87,87,87,87,87,87,87,87,87],"relic_stats":{"Blood Vial":18,"Peace Pipe":3,"counters":[17,88],"Necronomicon":[1],"Chemical X":[1],"Question Card":11,"obtain_stats":[{"Blood Vial":11,"Peace Pipe":20,"DataDisk":26,"NeowsBlessing":0,"Strawberry":9,"Coffee Dripper":17,"Red Mask":19,"Necronomicon":29,"Chemical X":27,"Cracked Core":0,"Question Card":6},{"Blood Vial":8,"Peace Pipe":12,"DataDisk":16,"NeowsBlessing":0,"Strawberry":6,"Coffee Dripper":10,"Red Mask":12,"Necronomicon":16,"Chemical X":16,"Cracked Core":0,"Question Card":5},{"Blood Vial":30,"Peace Pipe":57,"DataDisk":84,"NeowsBlessing":0,"Strawberry":23,"Coffee Dripper":44,"Red Mask":57,"Necronomicon":84,"Chemical X":84,"Cracked Core":0,"Question Card":19}]},"card_choices":[{"not_picked":["Aggregate","Barrage"],"picked":"Hologram","floor":1},{"not_picked":["Coolheaded","Doom and Gloom"],"picked":"Compile Driver","floor":2},{"not_picked":["Ball Lightning","Stack"],"picked":"Glacier","floor":3},{"not_picked":["Streamline","Hologram"],"picked":"Cold Snap","floor":4},{"not_picked":["Hologram","Ball Lightning"],"picked":"FTL","floor":6},{"not_picked":["Tempest","Sunder","Compile Driver"],"picked":"Barrage","floor":8},{"not_picked":["Rip and Tear","Hologram","Gash","Doom and Gloom"],"picked":"SKIP","floor":10},{"not_picked":["Fusion","Redo","Darkness"],"picked":"Chaos","floor":11},{"not_picked":["Leap","Scrape","Rebound"],"picked":"Steam","floor":14},{"not_picked":["Seek","All For One","Multi-Cast"],"picked":"Echo Form","floor":16},{"not_picked":["Auto Shields","Cold Snap","Stack+1"],"picked":"Coolheaded+1","floor":18},{"not_picked":["Coolheaded","Compile Driver","Steam+1"],"picked":"Reinforced Body+1","floor":19},{"not_picked":["Leap","Consume","Cold Snap","Chaos"],"picked":"SKIP","floor":21},{"not_picked":["Gash","Cold Snap","Hologram"],"picked":"Chaos+1","floor":22},{"not_picked":["Ball Lightning","Auto Shields","Rebound"],"picked":"Leap+1","floor":24},{"not_picked":["Streamline","Compile Driver","FTL"],"picked":"Thunder Strike","floor":25}],"player_experience":1248576,"relics_obtained":[{"floor":6,"key":"Question Card"},{"floor":9,"key":"Strawberry"},{"floor":11,"key":"Blood Vial"},{"floor":19,"key":"Red Mask"},{"floor":26,"key":"DataDisk"},{"floor":29,"key":"Necronomicon"}],"event_choices":[{"damage_healed":0,"gold_gain":0,"player_choice":"Entered Light","damage_taken":15,"max_hp_gain":0,"max_hp_loss":0,"event_name":"Shining Light","floor":5,"gold_loss":0,"cards_upgraded":["Glacier","Defend_B"]},{"damage_healed":0,"gold_gain":0,"player_choice":"Donut","damage_taken":0,"max_hp_gain":5,"max_hp_loss":0,"event_name":"Big Fish","floor":13,"gold_loss":0},{"damage_healed":0,"gold_gain":0,"player_choice":"Fought Bandits","damage_taken":0,"max_hp_gain":0,"max_hp_loss":0,"event_name":"Masked Bandits","floor":19,"gold_loss":0},{"damage_healed":0,"gold_gain":0,"player_choice":"Obtained Book","damage_taken":16,"max_hp_gain":0,"max_hp_loss":0,"event_name":"Cursed Tome","floor":29,"gold_loss":0}],"is_beta":false,"boss_relics":[{"not_picked":["Nuclear Battery","Empty Cage"],"picked":"Coffee Dripper"}],"items_purged_floors":[20],"is_endless":false,"potions_floor_spawned":[3,4,6,14,16,21],"killed_by":"Cultist and Chosen","ascension_level":10}}