{"host":"rbccvrvdyhsypb23","time":1613766471,"event":{"mods":["2.2 Compatiblity","AchievementEnabler","Act Like it!","Arknights","Aspiration","BaseMod","Beaked The Cultist","Better Third Choice","BetterRewards","Defuse TimeMaze Blight","Fox Events","Friendly Minions","GungeonMod","Hubris","Infinite Spire","Ironclad Rager","KomeijiMod","Marisa????????","Minty Spire (QoL Compilation)","Random Character Button","Reimu??????","Reliquary","Replay The Spire","Shade Mod","StSLib","The Animator","The Blackbeard","The Cursed","The Disciple","The Hierophant","The Jungle","The Marked","The Mystic","The Necromancer","Wandering Minibosses"],"gold_per_floor":[117,117,144,159,178,220,220,245,225,243,260,260,260,260,363,363,363,363],"floor_reached":17,"language":"ENG","playtime":1154,"items_purged":[],"score":217,"play_id":"edd807da-33ab-4ee9-baa4-02732eeb1999","local_time":"20210219232751","is_ascension_mode":false,"campfire_choices":[{"data":"DemoMod:TableSutra","floor":7.0,"key":"SMITH"},{"data":"DemoMod:FeignSurrender","floor":14,"key":"SMITH"}],"circlet_count":0,"master_deck":["DemoMod:Strike_Huntress","DemoMod:Strike_Huntress","DemoMod:Strike_Huntress","DemoMod:Defend_Huntress","DemoMod:Defend_Huntress","DemoMod:Defend_Huntress","DemoMod:Defend_Huntress","DemoMod:Roll","DemoMod:ManualReload","DemoMod:RustySidearm","DemoMod:CrossBow","DemoMod:GunstockTap","DemoMod:GunShield","DemoMod:SAA","DemoMod:StickyCrossBow","DemoMod:HardPowerCard","DemoMod:FeignSurrender+1","DemoMod:TableSutra+1","DemoMod:FightSabre","DemoMod:HardPowerCard","DemoMod:TripleGun","DemoMod:SuppressiveFire"],"relics":["DemoMod:GnawedKey","Calipers","infinitespire:Beetle Shell","hubris:Teleporter","aspiration:BabyByrd","reliquary:RedPaperclip"],"acts_visited":["Exordium","TheCity"],"potions_floor_usage":[],"damage_taken":[{"damage":0.0,"enemies":"Small Slimes","floor":1.0,"turns":2.0},{"damage":0.0,"enemies":"Jaw Worm","floor":4.0,"turns":2.0},{"damage":0.0,"enemies":"2 Louse","floor":5.0,"turns":2.0},{"damage":11.0,"enemies":"3 Sentries","floor":6.0,"turns":8.0},{"damage":6.0,"enemies":"Lagavulin","floor":8.0,"turns":7.0},{"damage":0.0,"enemies":"Exordium Thugs","floor":9.0,"turns":7.0},{"damage":15,"enemies":"Exordium Wildlife","floor":10,"turns":6},{"damage":0,"enemies":"2 Fungi Beasts","floor":11,"turns":4},{"damage":0,"enemies":"Hexaghost","floor":15,"turns":10},{"damage":19,"enemies":"3 Byrds","floor":17,"turns":4}],"seed_played":"-5485487221206294043","potions_obtained":[{"floor":1.0,"key":"Regen Potion"},{"floor":5.0,"key":"DuplicationPotion"},{"floor":15,"key":"AttackPotion"}],"is_trial":false,"path_per_floor":["M","?","T","M","M","E","R","E","M","M","M","?","?","R","B",null,"M"],"character_chosen":"HUNTRESS","items_purchased":["DemoMod:GnawedKey","hubris:CrystalStatue","DemoMod:GunstockTap","DemoMod:GunShield","DemoMod:SAA","DemoMod:StickyCrossBow"],"campfire_rested":0,"item_purchase_floors":[0,0,0,0,0,0],"current_hp_per_floor":[70,70,70,70,70,67,67,61,61,46,46,51,51,51,51,75,56,56],"gold":363,"neow_bonus":"","is_daily":false,"chose_seed":false,"campfire_upgraded":2,"win_rate":0.0,"timestamp":1613766471,"path_taken":["M","?","?","M","M","E","R","E","M","M","M","?","?","R","BOSS","M"],"items_purchased_type":["Relic","Relic","Card","Card","Card","Card"],"build_version":"2020-12-22","purchased_purges":0,"victory":false,"max_hp_per_floor":[70,70,70,70,70,70,70,70,70,70,70,75,75,75,75,75,75,75],"card_choices":[{"not_picked":["DemoMod:AC15","DemoMod:TeaPot"],"picked":"DemoMod:HardPowerCard","floor":1.0},{"not_picked":["DemoMod:ZorGun","DemoMod:SAA"],"picked":"DemoMod:FeignSurrender","floor":4.0},{"not_picked":["DemoMod:SkilledReload","DemoMod:DoubleSwitch"],"picked":"DemoMod:TableSutra","floor":5.0},{"not_picked":["DemoMod:JK47","DemoMod:Unity"],"picked":"DemoMod:FightSabre","floor":6.0},{"not_picked":["DemoMod:TeaPot","DemoMod:PracticeMakesPerfect"],"picked":"DemoMod:HardPowerCard","floor":8.0},{"not_picked":["DemoMod:StickyCrossBow","DemoMod:PracticeMakesPerfect","DemoMod:Unmoved"],"picked":"SKIP","floor":9.0},{"not_picked":["DemoMod:FastSwitch","DemoMod:JK47"],"picked":"DemoMod:TripleGun","floor":10},{"not_picked":["DemoMod:RadGun","DemoMod:JK47","DemoMod:CombinedRifle"],"picked":"SKIP","floor":11},{"not_picked":["DemoMod:BSG","DemoMod:BalloonGun"],"picked":"DemoMod:SuppressiveFire","floor":15}],"player_experience":667075,"relics_obtained":[{"floor":3.0,"key":"infinitespire:Beetle Shell"},{"floor":6.0,"key":"hubris:Teleporter"},{"floor":8.0,"key":"DemoMod:SerJunkan"}],"event_choices":[{"damage_healed":0,"gold_gain":0,"player_choice":"Donut","damage_taken":0,"max_hp_gain":5,"max_hp_loss":0,"event_name":"Big Fish","floor":12,"gold_loss":0}],"is_beta":false,"boss_relics":[{"not_picked":["Velvet Choker","aspiration:BeakedSkillbook"],"picked":"reliquary:RedPaperclip"}],"items_purged_floors":[],"is_endless":false,"potions_floor_spawned":[1,5,15],"killed_by":"3 Byrds","ascension_level":0}}