{"host":"mxox80e574zusnt5","time":1613730091,"event":{"mods":["AchievementEnabler","Act Like it!","BaseMod","Better Match","CapriCore","Challenge The Spire","Energized Spire","Friendly Minions","GifTheSpireLib","HexUI Lib","Infinite Spire","Jorbs\u0027s Wanderer Trilogy","Minty Spire (QoL Compilation)","Quick Restart","Reliquary","Replay The Spire","Spire Arcade","StSLib","The Clintock","The Construct","The Elementalist","The Marked","The Servant 0.9.4","The Trickster"],"gold_per_floor":[110,126,126,75,92,127,52,78,78,78,94,94,59,134,134,233,233,233,233,247,266,206,206,206],"floor_reached":23,"language":"ENG","playtime":1818,"items_purged":[],"score":224,"play_id":"d02cf892-6bb5-40ac-80bd-5e35c2a37b13","local_time":"20210219042131","is_ascension_mode":false,"campfire_choices":[{"floor":12,"key":"REST"},{"data":"clintock:Contamination","floor":15,"key":"SMITH"}],"circlet_count":0,"master_deck":["clintock:ClintockStrike+1","clintock:ClintockStrike+1","clintock:ClintockStrike+1","clintock:ClintockDefend+1","clintock:ClintockDefend+1","clintock:ClintockDefend+1","clintock:ClintockDefend+1","clintock:BaseSynthesis","clintock:Replenish","ReplayTheSpireMod:Private Reserves","clintock:DCMP","clintock:Efflux","clintock:Fluorescein","clintock:Fluorescein","clintock:ImpulsiveShot","clintock:BruteForce","clintock:GeneAmplification+1","clintock:DCMP","clintock:Contamination+1","clintock:Thymidine","clintock:DnaMicroarray"],"relics":["clintock:BiomoleculePool","White Beast Statue","infinitespire:Broken Mirror","reliquary:PurpleTingedLeaf","energizedSpire:NeverEndingSparkler"],"acts_visited":["Exordium","TheCity"],"potions_floor_usage":[11,11,18],"damage_taken":[{"damage":0,"enemies":"Small Slimes","floor":1,"turns":6},{"damage":2,"enemies":"Cultist","floor":2,"turns":4},{"damage":3,"enemies":"2 Louse","floor":5,"turns":4},{"damage":24,"enemies":"3 Sentries","floor":6,"turns":12},{"damage":45,"enemies":"Gremlin Nob","floor":8,"turns":6},{"damage":0,"enemies":"Exordium Thugs","floor":11,"turns":4},{"damage":32,"enemies":"Fading Forest","floor":16,"turns":11},{"damage":0,"enemies":"Shell Parasite","floor":18,"turns":1},{"damage":2,"enemies":"Chosen","floor":20,"turns":4},{"damage":19,"enemies":"Shelled Parasite and Fungi","floor":21,"turns":5},{"damage":62,"enemies":"Slavers","floor":23,"turns":4}],"seed_played":"-7175705566874509312","potions_obtained":[{"floor":5,"key":"Weak Potion"},{"floor":6,"key":"Strength Potion"},{"floor":8,"key":"infinitespire:BlackPotion"},{"floor":11,"key":"SmokeBomb"},{"floor":16,"key":"EssenceOfSteel"},{"floor":20,"key":"BlessingOfTheForge"}],"is_trial":false,"path_per_floor":["M","M","?","$","M","E","?","E","T","?","M","R","?","?","R","B",null,"M","?","M","M","?","E"],"character_chosen":"CLINTOCK_CLASS","items_purchased":["clintock:Fluorescein"],"campfire_rested":1,"item_purchase_floors":[4],"current_hp_per_floor":[80,78,78,78,75,51,51,6,6,6,7,31,51,40,40,21,80,80,80,79,61,61,0,0],"gold":206,"neow_bonus":"RANDOM_COLORLESS","is_daily":false,"chose_seed":false,"campfire_upgraded":1,"win_rate":0.0,"timestamp":1613730091,"path_taken":["M","M","?","$","M","E","?","E","T","?","?","R","?","?","R","BOSS","M","?","M","M","?","E"],"items_purchased_type":["Card"],"build_version":"2020-12-22","purchased_purges":0,"victory":false,"max_hp_per_floor":[80,80,80,80,80,80,80,80,80,80,80,80,80,80,80,80,80,80,80,80,80,80,80,80],"card_choices":[{"not_picked":["Survey Options","Replay:Sssssssssstrike"],"picked":"ReplayTheSpireMod:Private Reserves","floor":0},{"not_picked":["clintock:ImpulsiveShot","clintock:Obstruct"],"picked":"clintock:DCMP","floor":1},{"not_picked":["clintock:Interrupt","clintock:Miasma"],"picked":"clintock:Efflux","floor":2},{"not_picked":["clintock:Polymerize","clintock:Excavate"],"picked":"clintock:ImpulsiveShot","floor":5},{"not_picked":["clintock:Splinter","clintock:EnergyMetabolism"],"picked":"clintock:BruteForce","floor":6},{"not_picked":["clintock:SuspendAnimation+1","clintock:DnaMicroarray+1"],"picked":"clintock:GeneAmplification+1","floor":7},{"not_picked":["clintock:ImpulsiveShot","clintock:MineAndDine"],"picked":"clintock:DCMP","floor":8},{"not_picked":["clintock:DealersLuck","clintock:EnergyDrink"],"picked":"clintock:Thymidine","floor":11},{"not_picked":["clintock:Contamination","clintock:GeneAmplification"],"picked":"clintock:DnaMicroarray","floor":16},{"not_picked":["clintock:Splinter","clintock:Interrupt+1","clintock:Immunodeficiency+1"],"picked":"SKIP","floor":20},{"not_picked":["clintock:Sting","clintock:Polymerize","clintock:Eureka"],"picked":"SKIP","floor":21}],"player_experience":984402,"relics_obtained":[{"floor":6,"key":"White Beast Statue"},{"floor":8,"key":"infinitespire:Broken Mirror"},{"floor":9,"key":"reliquary:PurpleTingedLeaf"}],"event_choices":[{"damage_healed":0,"gold_gain":0,"player_choice":"2","damage_taken":0,"max_hp_gain":0,"max_hp_loss":0,"event_name":"betterMatch:BetterMatch","floor":7,"gold_loss":0,"cards_obtained":["betterMatch:RareCard"]},{"damage_healed":0,"gold_gain":0,"cards_transformed":["clintock:ClintockStrike"],"player_choice":"Transformed","damage_taken":0,"max_hp_gain":0,"max_hp_loss":0,"event_name":"Transmorgrifier","floor":10,"gold_loss":0,"cards_obtained":["clintock:Contamination"]},{"damage_healed":20,"gold_gain":0,"player_choice":"Healed","damage_taken":0,"max_hp_gain":0,"max_hp_loss":0,"event_name":"The Cleric","floor":13,"gold_loss":35},{"damage_healed":0,"gold_gain":75,"player_choice":"Gather Gold","damage_taken":11,"max_hp_gain":0,"max_hp_loss":0,"event_name":"World of Goop","floor":14,"gold_loss":0},{"damage_healed":0,"gold_gain":0,"player_choice":"Simplicity","damage_taken":0,"max_hp_gain":0,"max_hp_loss":0,"event_name":"Back to Basics","floor":19,"gold_loss":0,"cards_upgraded":["clintock:ClintockStrike","clintock:ClintockStrike","clintock:ClintockStrike","clintock:ClintockDefend","clintock:ClintockDefend","clintock:ClintockDefend"]}],"is_beta":false,"boss_relics":[{"not_picked":["Honey Jar","reliquary:RedCape"],"picked":"energizedSpire:NeverEndingSparkler"}],"items_purged_floors":[],"is_endless":false,"potions_floor_spawned":[5,6,8,11,16,18,20,21],"killed_by":"Slavers","ascension_level":0}}