{"host":"vhifjdba66khcqwn","time":1613760594,"event":{"mods":["AchievementEnabler","BaseMod","Bestiary","Minty Spire (QoL Compilation)","Practice Mode","Relic Stats","Spicy Shops","StSLib","slay the spire mod where everything is the same but ironclad has a cowboy hat"],"gold_per_floor":[364,639,651,664,664,664,664,664],"floor_reached":7,"language":"ENG","playtime":409,"items_purged":[],"score":80,"play_id":"59840666-68c9-442e-882b-d71a117bc193","local_time":"20210219104954","is_ascension_mode":true,"campfire_choices":[{"data":"Bash","floor":6,"key":"SMITH"}],"circlet_count":0,"master_deck":["AscendersBane","Strike_R","Strike_R","Strike_R","Strike_R","Strike_R","Defend_R","Defend_R","Defend_R","Defend_R","Bash+1","Shame","Searing Blow","Clothesline"],"relics":["Burning Blood"],"acts_visited":["Exordium"],"potions_floor_usage":[],"damage_taken":[{"damage":10,"enemies":"Small Slimes","floor":1,"turns":4},{"damage":10,"enemies":"Cultist","floor":3,"turns":4},{"damage":7,"enemies":"2 Louse","floor":4,"turns":4},{"damage":49,"enemies":"Lagavulin","floor":7,"turns":6}],"seed_played":"-375830334519134959","potions_obtained":[{"floor":3,"key":"Ancient Potion"}],"is_trial":false,"path_per_floor":["M","?","M","M","?","R","E"],"character_chosen":"IRONCLAD","items_purchased":[],"campfire_rested":0,"item_purchase_floors":[],"current_hp_per_floor":[64,64,60,59,59,59,10,10],"gold":664,"neow_bonus":"TWO_FIFTY_GOLD","is_daily":false,"chose_seed":false,"campfire_upgraded":1,"win_rate":0.0,"timestamp":1613760594,"path_taken":["M","?","?","M","?","R","E"],"items_purchased_type":[],"build_version":"2020-12-22","purchased_purges":0,"victory":false,"max_hp_per_floor":[75,75,75,75,75,75,75,75],"relic_stats":{"counters":[4,18],"obtain_stats":[{"Burning Blood":0},{"Burning Blood":0},{"Burning Blood":0}],"Burning Blood":18},"card_choices":[{"not_picked":["Sever Soul","Whirlwind"],"picked":"Searing Blow","floor":1},{"not_picked":["Headbutt","Havoc"],"picked":"Clothesline","floor":3},{"not_picked":["Pummel","Sever Soul","Pommel Strike"],"picked":"SKIP","floor":4}],"player_experience":1220096,"relics_obtained":[],"event_choices":[{"damage_healed":0,"gold_gain":275,"player_choice":"Desecrate","damage_taken":0,"max_hp_gain":0,"max_hp_loss":0,"event_name":"Golden Shrine","floor":2,"gold_loss":0,"cards_obtained":["Regret"]},{"cards_removed":["Regret"],"damage_healed":0,"gold_gain":0,"player_choice":"Forget","damage_taken":0,"max_hp_gain":0,"max_hp_loss":0,"event_name":"Living Wall","floor":5,"gold_loss":0}],"is_beta":false,"boss_relics":[],"items_purged_floors":[],"is_endless":false,"potions_floor_spawned":[3],"killed_by":"Lagavulin","ascension_level":19}}