{"host":"mj8akmyfd5lo602f","time":1613749858,"event":{"mods":["2.2 Compatiblity","Act Like it!","BaseMod","Bestiary","BshForSts","Colored Map","Colored Powertips","Highlight Path","Koishi","Minty Spire (QoL Compilation)","Permanent Neow","Relic Stats","StSLib","The Marked"],"gold_per_floor":[115,133,133,152,162,190,190,190,215,232,232,232],"floor_reached":11,"language":"ENG","playtime":1245,"items_purged":[],"score":75,"play_id":"8ad9b0bf-cdfd-4b2c-a50b-121fd6e60eb1","local_time":"20210219155058","is_ascension_mode":false,"campfire_choices":[{"data":"theMarked:EmpowerWeapon","floor":7,"key":"SMITH"}],"circlet_count":0,"master_deck":["theMarked:Strike","theMarked:Strike","theMarked:Strike","theMarked:Strike","theMarked:Strike","theMarked:Defend","theMarked:Defend","theMarked:Defend","theMarked:Defend","theMarked:SoldierOfQuellstein","Panacea","theMarked:RogueSparks","theMarked:EmpowerWeapon+1","theMarked:HeightenedSenses","theMarked:TakeOffHeels","theMarked:AttractMetal"],"relics":["theMarked:ArtifactOfAir","Bag of Marbles","Potion Belt","Toy Ornithopter"],"acts_visited":["Exordium"],"potions_floor_usage":[6,11],"damage_taken":[{"damage":0,"enemies":"Jaw Worm","floor":1,"turns":4},{"damage":2,"enemies":"Small Slimes","floor":2,"turns":4},{"damage":0,"enemies":"2 Louse","floor":4,"turns":2},{"damage":5,"enemies":"Looter","floor":5,"turns":2},{"damage":4,"enemies":"Lagavulin","floor":6,"turns":8},{"damage":8,"enemies":"Gremlin Gang","floor":10,"turns":6},{"damage":27,"enemies":"Gremlin Nob","floor":11,"turns":3}],"seed_played":"-3007907806521933329","potions_obtained":[{"floor":5,"key":"Dexterity Potion"},{"floor":10,"key":"SkillPotion"}],"is_trial":false,"path_per_floor":["M","M","?","M","M","E","R","?","T","M","E"],"character_chosen":"THE_DEFAULT","items_purchased":[],"campfire_rested":0,"item_purchase_floors":[],"current_hp_per_floor":[72,70,28,28,23,19,19,19,19,11,0,0],"gold":232,"neow_bonus":"RANDOM_COLORLESS","is_daily":false,"chose_seed":false,"campfire_upgraded":1,"win_rate":0.0,"timestamp":1613749858,"path_taken":["M","M","?","M","M","E","R","?","T","M","E"],"items_purchased_type":[],"build_version":"2020-12-22","purchased_purges":0,"victory":false,"max_hp_per_floor":[72,72,72,72,72,72,72,72,72,72,72,72],"relic_stats":{"counters":[7,29],"obtain_stats":[{"Potion Belt":6,"theMarked:ArtifactOfAir":0,"Bag of Marbles":3,"Toy Ornithopter":9},{"Potion Belt":5,"theMarked:ArtifactOfAir":0,"Bag of Marbles":2,"Toy Ornithopter":5},{"Potion Belt":20,"theMarked:ArtifactOfAir":0,"Bag of Marbles":8,"Toy Ornithopter":20}],"Toy Ornithopter":5},"card_choices":[{"not_picked":["PanicButton","Discovery"],"picked":"Panacea","floor":0},{"not_picked":["theMarked:Parry","theMarked:Memento"],"picked":"theMarked:RogueSparks","floor":1},{"not_picked":["theMarked:Indomitable","theMarked:ChainLightning"],"picked":"theMarked:EmpowerWeapon","floor":2},{"not_picked":["theMarked:Parry","theMarked:WastefulAttack","theMarked:EnhanceMovement"],"picked":"SKIP","floor":4},{"not_picked":["theMarked:Memento","theMarked:ContemptForTheProud"],"picked":"theMarked:HeightenedSenses","floor":5},{"not_picked":["theMarked:TakeCover","theMarked:Generate"],"picked":"theMarked:TakeOffHeels","floor":6},{"not_picked":["theMarked:Opportunist","theMarked:Memento"],"picked":"theMarked:AttractMetal","floor":10}],"player_experience":204135,"relics_obtained":[{"floor":6,"key":"Potion Belt"},{"floor":9,"key":"Toy Ornithopter"}],"event_choices":[{"damage_healed":0,"gold_gain":0,"player_choice":"Success","damage_taken":42,"relics_obtained":["Bag of Marbles"],"max_hp_gain":0,"max_hp_loss":0,"event_name":"Scrap Ooze","floor":3,"gold_loss":0},{"damage_healed":0,"gold_gain":0,"player_choice":"Ignored","damage_taken":0,"max_hp_gain":0,"max_hp_loss":0,"event_name":"Golden Wing","floor":8,"gold_loss":0}],"is_beta":false,"boss_relics":[],"items_purged_floors":[],"is_endless":false,"potions_floor_spawned":[5,10],"killed_by":"Gremlin Nob","ascension_level":0}}