{"host":"zs3tguvuxkh90jf4","time":1613711372,"event":{"mods":["AchievementEnabler","BaseMod","Better Silent Start","Better-Laid Plans","BetterRewards","Block Reminder","Colored Map","Colored Powertips","Gold Saver","Minty Spire (QoL Compilation)","Shop Mod","StSLib","Transform Curses"],"gold_per_floor":[2232,2243,2263,1805,1759,1787,1787,1818,1818,1844,1824,1824,1496,1496,1496,1568,1568,1580,1600,1144,1144,1156,1184,1184,1218,1218,1234,1234,1234,1234,853,853,928,928,940,940,695,712,712,742,761,807,831,591,622,647,647,667,667,667,667,667,667,264,296,296],"floor_reached":57,"language":"ENG","playtime":2986,"items_purged":["Strike_R","Strike_R","Defend_R","Heavy Blade"],"score":3449,"play_id":"17fc6be2-c3ed-44d8-a7f4-91db3fea53d9","local_time":"20210218210932","is_ascension_mode":true,"campfire_choices":[{"floor":12,"key":"REST"},{"floor":15,"key":"RECALL"},{"data":"Limit Break","floor":24,"key":"SMITH"},{"data":"Shockwave","floor":29,"key":"SMITH"},{"data":"Body Slam","floor":32,"key":"SMITH"},{"data":"Body Slam","floor":47,"key":"SMITH"},{"data":"Demon Form","floor":49,"key":"SMITH"},{"data":"Juggernaut","floor":53,"key":"SMITH"}],"circlet_count":0,"master_deck":["AscendersBane","Defend_R+1","Defend_R+1","Defend_R+1","Bash","Inflame","Twin Strike","Blind+1","Shockwave+1","Flex+1","Headbutt","Feel No Pain","Pommel Strike","Spot Weakness","Madness","Demon Form+1","Flame Barrier","Fiend Fire","Limit Break+1","Dropkick","Heavy Blade","Flame Barrier","Reaper","Cleave","Bloodletting+1","Fire Breathing+1","Sentinel+1","Intimidate+1","Body Slam+1","Good Instincts+1","Juggernaut+1","Heavy Blade+1","Rage+1","Shrug It Off+1","Body Slam+1","Offering+1","Madness+1","Madness+1","Seeing Red+1","Shrug It Off+1"],"relics":["Burning Blood","Prayer Wheel","Sling","SlaversCollar","MerchantsRug","Thread and Needle","Membership Card","Boot","Self Forming Clay","Oddly Smooth Stone","Pocketwatch","Chemical X","Juzu Bracelet","Runic Pyramid","OrangePellets","Toxic Egg 2","Ancient Tea Set","MutagenicStrength","Sundial","Meat on the Bone","Matryoshka","Bottled Tornado","Dream Catcher","Strange Spoon","Philosopher\u0027s Stone","Frozen Egg 2","HandDrill","Du-Vu Doll","Magic Flower","Toy Ornithopter","War Paint","Lantern","Strawberry","Letter Opener","Lizard Tail","Bronze Scales","ClockworkSouvenir","Mercury Hourglass","Bag of Marbles"],"acts_visited":["Exordium","TheCity","TheBeyond","TheEnding"],"potions_floor_usage":[4,6,16,22,33,42,45,45,50,50,50,56,56,56],"damage_taken":[{"damage":0,"enemies":"Cultist","floor":1,"turns":3},{"damage":4,"enemies":"Small Slimes","floor":2,"turns":4},{"damage":5,"enemies":"Jaw Worm","floor":3,"turns":3},{"damage":15,"enemies":"3 Sentries","floor":6,"turns":5},{"damage":15,"enemies":"Lagavulin","floor":8,"turns":4},{"damage":7,"enemies":"3 Sentries","floor":10,"turns":7},{"damage":17,"enemies":"Slime Boss","floor":16,"turns":8},{"damage":20,"enemies":"2 Thieves","floor":18,"turns":4},{"damage":5,"enemies":"3 Byrds","floor":19,"turns":4},{"damage":14,"enemies":"Snake Plant","floor":22,"turns":3},{"damage":9,"enemies":"Gremlin Leader","floor":23,"turns":3},{"damage":8,"enemies":"Book of Stabbing","floor":25,"turns":3},{"damage":18,"enemies":"Cultist and Chosen","floor":27,"turns":6},{"damage":21,"enemies":"Automaton","floor":33,"turns":4},{"damage":49,"enemies":"3 Darklings","floor":35,"turns":6},{"damage":11,"enemies":"3 Shapes","floor":38,"turns":3},{"damage":9,"enemies":"Giant Head","floor":40,"turns":4},{"damage":9,"enemies":"Spire Growth","floor":41,"turns":2},{"damage":26,"enemies":"2 Orb Walkers","floor":42,"turns":4},{"damage":38,"enemies":"Reptomancer","floor":45,"turns":3},{"damage":6,"enemies":"Mind Bloom Boss Battle","floor":46,"turns":3},{"damage":18,"enemies":"Sphere and 2 Shapes","floor":48,"turns":3},{"damage":9,"enemies":"Time Eater","floor":50,"turns":4},{"damage":40,"enemies":"Awakened One","floor":51,"turns":7},{"damage":74,"enemies":"Shield and Spear","floor":55,"turns":5},{"damage":137,"enemies":"The Heart","floor":56,"turns":7}],"seed_played":"-6388341971655751649","potions_obtained":[{"floor":2,"key":"BlessingOfTheForge"},{"floor":3,"key":"EntropicBrew"},{"floor":8,"key":"FearPotion"},{"floor":18,"key":"Energy Potion"},{"floor":25,"key":"BloodPotion"},{"floor":33,"key":"EssenceOfSteel"},{"floor":35,"key":"LiquidMemories"},{"floor":45,"key":"SteroidPotion"},{"floor":46,"key":"DistilledChaos"},{"floor":48,"key":"SteroidPotion"}],"is_trial":false,"path_per_floor":["M","M","M","$","?","E","?","E","T","E","?","R","$","?","R","B",null,"M","M","$","?","M","E","R","E","T","M","?","R","?","$","R","B",null,"M","?","$","M","?","E","M","?","T","$","E","?","R","M","R","B","B",null,"R","$","E","B",null],"character_chosen":"IRONCLAD","items_purchased":["Gremlin Horn","Prayer Wheel","Sling","Inflame","MerchantsRug","Membership Card","Potion Belt","Boot","Spot Weakness","Madness","Chemical X","Mango","Juzu Bracelet","OrangePellets","Toxic Egg 2","Ancient Tea Set","Reaper","Cleave","Body Slam","Good Instincts+1","Bottled Tornado","Dream Catcher","Strange Spoon","Frozen Egg 2","HandDrill","Shrug It Off+1","Lantern","Strawberry","Bronze Scales","ClockworkSouvenir","Mercury Hourglass","SpeedPotion","SteroidPotion","ElixirPotion"],"campfire_rested":1,"item_purchase_floors":[0,0,0,0,0,4,4,4,4,4,13,13,13,20,20,20,20,20,31,31,31,31,31,37,37,37,44,44,54,54,54,54,54,54],"current_hp_per_floor":[58,60,61,61,61,52,52,43,43,42,42,64,78,78,78,67,84,70,71,71,71,63,89,89,89,89,78,78,78,78,78,78,63,83,76,76,76,71,55,61,58,50,50,57,96,96,96,96,96,96,96,96,96,96,62,69],"gold":296,"neow_bonus":"","is_daily":false,"chose_seed":false,"campfire_upgraded":6,"win_rate":0.0,"timestamp":1613711372,"path_taken":["M","?","M","$","?","E","?","E","T","E","?","R","$","?","R","BOSS","M","M","$","?","M","E","R","E","T","M","?","R","?","$","R","BOSS","M","?","$","M","?","E","M","?","T","$","E","?","R","M","R","BOSS","BOSS","R","$","E","BOSS"],"items_purchased_type":["Relic","Relic","Relic","Card","Relic","Relic","Relic","Relic","Card","Card","Relic","Relic","Relic","Relic","Relic","Relic","Card","Card","Card","Card","Relic","Relic","Relic","Relic","Relic","Card","Relic","Relic","Relic","Relic","Relic","Potion","Potion","Potion"],"build_version":"2020-12-22","purchased_purges":4,"victory":true,"max_hp_per_floor":[75,75,75,75,75,75,75,75,75,75,75,75,89,89,89,89,89,89,89,89,89,89,89,89,89,89,89,89,89,89,89,89,89,89,89,89,89,89,89,89,89,89,89,96,96,96,96,96,96,96,96,96,96,96,96,96],"card_choices":[{"not_picked":["Warcry","Ghostly Armor"],"picked":"Shockwave","floor":1},{"not_picked":["True Grit","Wild Strike","Armaments"],"picked":"SKIP","floor":1},{"not_picked":["Uppercut","Disarm"],"picked":"Flex","floor":2},{"not_picked":["Bloodletting","Power Through"],"picked":"Headbutt","floor":2},{"not_picked":["Perfected Strike","Combust"],"picked":"Feel No Pain","floor":3},{"not_picked":["Sentinel","Flex"],"picked":"Pommel Strike","floor":3},{"not_picked":["Dual Wield","Seeing Red"],"picked":"Demon Form","floor":6},{"not_picked":["Battle Trance","Sever Soul"],"picked":"Flame Barrier","floor":8},{"not_picked":["True Grit","Feel No Pain","Blood for Blood"],"picked":"SKIP","floor":10},{"not_picked":["Bludgeon","Corruption"],"picked":"Limit Break","floor":16},{"not_picked":["Dual Wield","Clash"],"picked":"Heavy Blade","floor":18},{"not_picked":["Armaments","Disarm"],"picked":"Dropkick","floor":18},{"not_picked":["Second Wind","Headbutt+1"],"picked":"Heavy Blade","floor":19},{"not_picked":["Heavy Blade","Headbutt+1"],"picked":"Flame Barrier","floor":19},{"not_picked":["Combust","Cleave"],"picked":"Bloodletting+1","floor":22},{"not_picked":["True Grit+1","Searing Blow+1","Heavy Blade"],"picked":"SKIP","floor":22},{"not_picked":["Shrug It Off+1","Reaper"],"picked":"Fire Breathing","floor":23},{"not_picked":["Heavy Blade","Havoc+1"],"picked":"Sentinel+1","floor":25},{"not_picked":["Bloodletting+1","Anger"],"picked":"Intimidate+1","floor":27},{"not_picked":["Headbutt","Searing Blow","Rampage"],"picked":"SKIP","floor":27},{"not_picked":["Bludgeon","Immolate"],"picked":"Juggernaut","floor":33},{"not_picked":["Armaments+1","Headbutt"],"picked":"Heavy Blade+1","floor":35},{"not_picked":["Dual Wield+1","Iron Wave"],"picked":"Rage+1","floor":35},{"not_picked":["Wild Strike+1","Dropkick"],"picked":"Body Slam","floor":38},{"not_picked":["True Grit+1","Rage+1"],"picked":"Offering+1","floor":38},{"not_picked":["Burning Pact+1","Twin Strike+1","Perfected Strike"],"picked":"SKIP","floor":40},{"not_picked":["Uppercut+1","Warcry+1"],"picked":"Seeing Red+1","floor":41},{"not_picked":["Flex+1","Havoc+1","Warcry+1"],"picked":"SKIP","floor":41},{"not_picked":["Wild Strike","Feel No Pain+1","Fiend Fire"],"picked":"SKIP","floor":45},{"not_picked":["Battle Trance+1","Heavy Blade"],"picked":"Shrug It Off+1","floor":48},{"not_picked":["Rage+1","Pommel Strike+1","Cleave"],"picked":"SKIP","floor":48},{"not_picked":["Pommel Strike","Cleave","Wild Strike"],"picked":"SKIP","floor":55}],"player_experience":592377,"relics_obtained":[{"floor":6,"key":"Self Forming Clay"},{"floor":8,"key":"Oddly Smooth Stone"},{"floor":10,"key":"Pocketwatch"},{"floor":23,"key":"Sundial"},{"floor":25,"key":"Meat on the Bone"},{"floor":26,"key":"Matryoshka"},{"floor":40,"key":"Du-Vu Doll"},{"floor":42,"key":"Magic Flower"},{"floor":43,"key":"Toy Ornithopter"},{"floor":43,"key":"War Paint"},{"floor":45,"key":"Letter Opener"},{"floor":46,"key":"Lizard Tail"},{"floor":55,"key":"Bag of Marbles"}],"event_choices":[{"damage_healed":0,"gold_gain":0,"player_choice":"Left Gold","damage_taken":0,"max_hp_gain":0,"max_hp_loss":0,"event_name":"World of Goop","floor":5,"gold_loss":46},{"damage_healed":0,"gold_gain":0,"player_choice":"Ignored","damage_taken":0,"max_hp_gain":0,"max_hp_loss":0,"event_name":"Liars Game","floor":7,"gold_loss":0},{"damage_healed":0,"gold_gain":0,"player_choice":"Bought 1 Potion","damage_taken":0,"max_hp_gain":0,"max_hp_loss":0,"event_name":"The Woman in Blue","floor":11,"gold_loss":0},{"damage_healed":0,"gold_gain":0,"cards_transformed":["Strike_R"],"player_choice":"Change","damage_taken":0,"max_hp_gain":0,"max_hp_loss":0,"event_name":"Living Wall","floor":14,"gold_loss":0,"cards_obtained":["Fiend Fire"]},{"damage_healed":0,"gold_gain":0,"player_choice":"Inject Mutagens","damage_taken":0,"relics_obtained":["MutagenicStrength"],"max_hp_gain":0,"max_hp_loss":0,"event_name":"Drug Dealer","floor":21,"gold_loss":0},{"damage_healed":0,"gold_gain":0,"player_choice":"Simplicity","damage_taken":0,"max_hp_gain":0,"max_hp_loss":0,"event_name":"Back to Basics","floor":28,"gold_loss":0,"cards_upgraded":["Defend_R","Defend_R","Defend_R"]},{"damage_healed":0,"gold_gain":0,"player_choice":"Upgraded","damage_taken":0,"max_hp_gain":0,"max_hp_loss":0,"event_name":"Upgrade Shrine","floor":30,"gold_loss":0,"cards_upgraded":["Fire Breathing"]},{"damage_healed":0,"gold_gain":0,"player_choice":"Ignored","damage_taken":0,"max_hp_gain":0,"max_hp_loss":0,"event_name":"Tomb of Lord Red Mask","floor":36,"gold_loss":0},{"damage_healed":0,"gold_gain":0,"player_choice":"Embrace Madness","damage_taken":16,"max_hp_gain":0,"max_hp_loss":0,"event_name":"Winding Halls","floor":39,"gold_loss":0,"cards_obtained":["Madness","Madness"]},{"damage_healed":0,"gold_gain":0,"player_choice":"Fight","damage_taken":0,"max_hp_gain":0,"max_hp_loss":0,"event_name":"Mysterious Sphere","floor":42,"gold_loss":0},{"damage_healed":0,"gold_gain":0,"player_choice":"Fight","damage_taken":0,"max_hp_gain":0,"max_hp_loss":0,"event_name":"MindBloom","floor":46,"gold_loss":0}],"is_beta":false,"boss_relics":[{"not_picked":["Cursed Key","Snecko Eye"],"picked":"Runic Pyramid"},{"not_picked":["Busted Crown","Runic Cube"],"picked":"Philosopher\u0027s Stone"}],"items_purged_floors":[0,4,20,44],"is_endless":false,"potions_floor_spawned":[2,3,8,18,25,27,33,35,45,46,48],"ascension_level":20}}