{"host":"dr01x95rw3kaiuk5","time":1613752483,"event":{"mods":["ATMod(°¢èªMod)","Act Like it!","Arknights","BaseMod","Colored Powertips","Conspire","Energized Spire","Friendly Minions","Gensokyo","GifTheSpireLib","Minty Spire (QoL Compilation)","MostiFishMod","Reliquary","Remilia£¨ÀÙÃ×ÀòÑÇ£©","Replay The Spire","Shop Mod","Spicy Shops","StSLib","TestMod","UnlockEverythingMod","[IsaacMod]ÒÔÈö¼âËþ","¡¾ÒÅÎï¿¨ÅÆ¡¿REMEMod"],"gold_per_floor":[109,109,135,153,36,50,50],"floor_reached":6,"language":"ZHS","playtime":392,"items_purged":["Strike_B"],"score":72,"play_id":"4683ccf6-1f21-44cb-a8f7-7f9bb0345e0c","local_time":"20210220003443","is_ascension_mode":true,"campfire_choices":[],"circlet_count":0,"master_deck":["AscendersBane","Strike_B","Strike_B","Strike_B","Defend_B","Defend_B","Defend_B","Defend_B","Zap","Dualcast","AT_DarkMatter","AT_DarkMatter","Beam Cell","Panic Button","Blizzard"],"relics":["Cracked Core","testmod-TestBox","HushsDoor","AT_ATBox","DaveBox","REME_ComplimentaryCards","EGODaCapo","SteamSale","testmod-IndustrialRevolution","SynthV:TestCard","SalivaCoin","Chaos"],"acts_visited":["Exordium"],"potions_floor_usage":[],"damage_taken":[{"damage":0,"enemies":"Cultist","floor":1,"turns":3},{"damage":4,"enemies":"2 Louse","floor":3,"turns":2},{"damage":0,"enemies":"Jaw Worm","floor":4,"turns":2},{"damage":31,"enemies":"Gremlin Nob","floor":6,"turns":4}],"seed_played":"7386942921065735937","potions_obtained":[{"floor":3,"key":"SmokeBomb"},{"floor":4,"key":"BlessingOfTheForge"}],"is_trial":false,"path_per_floor":["M","?","M","M","$","E"],"character_chosen":"DEFECT","items_purchased":["Chaos"],"campfire_rested":0,"item_purchase_floors":[5],"current_hp_per_floor":[64,53,49,49,49,18,18],"gold":50,"neow_bonus":"UPGRADE_CARD","is_daily":false,"chose_seed":false,"campfire_upgraded":0,"win_rate":0.0,"timestamp":1613752483,"path_taken":["M","?","M","M","$","E"],"items_purchased_type":["Card"],"build_version":"2020-12-22","purchased_purges":1,"victory":false,"max_hp_per_floor":[71,71,71,71,71,71,71],"card_choices":[{"not_picked":["Rebound","Compile Driver"],"picked":"Beam Cell","floor":1},{"not_picked":["Hyperbeam","Self Repair","Ball Lightning","Fan"],"picked":"Panic Button","floor":3},{"not_picked":["Defragment","Turbo","ReplayTheSpireMod:Dual Polarity","Ball Lightning"],"picked":"Blizzard","floor":4}],"player_experience":226071,"relics_obtained":[{"floor":1,"key":"SynthV:TestCard"}],"event_choices":[{"damage_healed":0,"gold_gain":0,"player_choice":"Success","damage_taken":11,"relics_obtained":["SalivaCoin"],"max_hp_gain":0,"max_hp_loss":0,"event_name":"Scrap Ooze","floor":2,"gold_loss":0}],"is_beta":false,"boss_relics":[],"items_purged_floors":[5],"is_endless":false,"potions_floor_spawned":[3,4],"killed_by":"Gremlin Nob","ascension_level":20}}