{"host":"zxkjcgzis4pm3za5","time":1613742555,"event":{"mods":["2.2 Compatiblity","AchievementEnabler","BaseMod","Colored Map","Colored Powertips","Minty Spire (QoL Compilation)","Quick Restart","Random Character Button","Relic Filter Mod","Relic Sorter","Relic Stats","StSLib"],"gold_per_floor":[109,109,109,129,143,172,172,172,172,201,201,212,238,252,252,327,327,346,357,367,367,87,120,133,133,159,159,17,49,49,65,65,142,142,153,153,171,183,194,194,223,97,97,97,124,124,138,172,172,172,172,172,172,6,32,32,32],"floor_reached":56,"language":"ENG","playtime":2946,"items_purged":["Pain","Strike_G","Strike_G"],"score":2240,"play_id":"29a1c119-f99b-4daf-8a33-09d45c646040","local_time":"20210219191915","is_ascension_mode":true,"campfire_choices":[{"data":"Storm of Steel","floor":7.0,"key":"SMITH"},{"data":"Blade Dance","floor":11.0,"key":"SMITH"},{"data":"Calculated Gamble","floor":15.0,"key":"SMITH"},{"floor":25.0,"key":"REST"},{"data":"Bullet Time","floor":27.0,"key":"SMITH"},{"data":"Accuracy","floor":30.0,"key":"SMITH"},{"data":"Cloak And Dagger","floor":32.0,"key":"SMITH"},{"data":"Concentrate","floor":40.0,"key":"SMITH"},{"floor":44.0,"key":"RECALL"},{"data":"Adrenaline","floor":49.0,"key":"SMITH"},{"data":"Adrenaline","floor":53.0,"key":"SMITH"}],"circlet_count":0,"master_deck":["AscendersBane","Strike_G","Strike_G","Defend_G","Defend_G","Defend_G","Defend_G","Defend_G","Survivor","Neutralize","Blade Dance+1","Storm of Steel+1","Choke+1","Flechettes","Slice","Dagger Spray","Blade Dance","Blade Dance","Calculated Gamble+1","Cloak And Dagger+1","PiercingWail","Bullet Time+1","Tactician","Terror","Dagger Throw","Masterful Stab+1","Accuracy+1","Blade Dance","Infinite Blades","Cloak And Dagger","Adrenaline+1","Backflip","Reflex+1","Adrenaline+1","Dash","Concentrate+1","Leg Sweep","After Image+1","Tools of the Trade+1","Prepared+1"],"relics":["Runic Pyramid","Prayer Wheel","Bronze Scales","Bottled Lightning","Orichalcum","The Courier","WristBlade","WarpedTongs","Kunai","Centennial Puzzle","Bottled Tornado","Coffee Dripper","Pantograph","Lee\u0027s Waffle","Frozen Egg 2","Pen Nib","Mercury Hourglass","Vajra"],"acts_visited":["Exordium","TheCity","TheBeyond","TheEnding"],"potions_floor_usage":[56],"damage_taken":[{"damage":7.0,"enemies":"2 Louse","floor":1.0,"turns":3.0},{"damage":0.0,"enemies":"Small Slimes","floor":4.0,"turns":3.0},{"damage":0.0,"enemies":"Cultist","floor":5.0,"turns":2.0},{"damage":15.0,"enemies":"Lagavulin","floor":6.0,"turns":5.0},{"damage":0.0,"enemies":"Gremlin Nob","floor":10.0,"turns":2.0},{"damage":12.0,"enemies":"Gremlin Gang","floor":12.0,"turns":2.0},{"damage":0.0,"enemies":"Lagavulin","floor":13.0,"turns":4.0},{"damage":1.0,"enemies":"Exordium Wildlife","floor":14.0,"turns":2.0},{"damage":0.0,"enemies":"Hexaghost","floor":16.0,"turns":7.0},{"damage":0.0,"enemies":"Chosen","floor":18.0,"turns":3.0},{"damage":0.0,"enemies":"Spheric Guardian","floor":19.0,"turns":2.0},{"damage":12.0,"enemies":"Snake Plant","floor":20.0,"turns":2.0},{"damage":11.0,"enemies":"Gremlin Leader","floor":23.0,"turns":4.0},{"damage":5.0,"enemies":"3 Cultists","floor":24.0,"turns":4.0},{"damage":14.0,"enemies":"Book of Stabbing","floor":29.0,"turns":3.0},{"damage":0.0,"enemies":"Sentry and Sphere","floor":31.0,"turns":2.0},{"damage":2.0,"enemies":"Collector","floor":33.0,"turns":4.0},{"damage":5.0,"enemies":"Orb Walker","floor":35.0,"turns":2.0},{"damage":0.0,"enemies":"3 Darklings","floor":37.0,"turns":2.0},{"damage":0.0,"enemies":"Transient","floor":38.0,"turns":6.0},{"damage":6.0,"enemies":"Jaw Worm Horde","floor":39.0,"turns":2.0},{"damage":12.0,"enemies":"Giant Head","floor":41.0,"turns":5.0},{"damage":7.0,"enemies":"Reptomancer","floor":45.0,"turns":3.0},{"damage":0.0,"enemies":"4 Shapes","floor":47.0,"turns":4.0},{"damage":3.0,"enemies":"Giant Head","floor":48.0,"turns":5.0},{"damage":35.0,"enemies":"Donu and Deca","floor":50.0,"turns":8.0},{"damage":62.0,"enemies":"Time Eater","floor":51.0,"turns":12.0},{"damage":35.0,"enemies":"Shield and Spear","floor":55.0,"turns":4.0},{"damage":45,"enemies":"The Heart","floor":56,"turns":3}],"seed_played":"-8500011148124401016","potions_obtained":[{"floor":6.0,"key":"ColorlessPotion"},{"floor":10.0,"key":"Regen Potion"},{"floor":12.0,"key":"FearPotion"},{"floor":13.0,"key":"AttackPotion"},{"floor":14.0,"key":"AttackPotion"},{"floor":20.0,"key":"EssenceOfSteel"},{"floor":23.0,"key":"GamblersBrew"},{"floor":24.0,"key":"Dexterity Potion"},{"floor":31.0,"key":"CultistPotion"},{"floor":41.0,"key":"EssenceOfSteel"}],"is_trial":false,"path_per_floor":["M","?","?","M","M","E","R","?","T","E","R","M","E","M","R","B",null,"M","M","M","?","$","E","M","R","T","R","$","E","R","M","R","B",null,"M","?","M","M","M","R","E","$","T","R","E","?","M","E","R","B","B",null,"R","$","E","B"],"character_chosen":"THE_SILENT","items_purchased":["Kunai","Accuracy","Lee\u0027s Waffle","DuplicationPotion"],"campfire_rested":1,"item_purchase_floors":[22,28,42,54],"current_hp_per_floor":[52,41,41,41,41,26,26,26,26,26,26,14,26,25,25,25,56,56,56,44,44,44,33,28,47,47,47,47,33,33,33,33,31,57,52,52,52,52,46,46,34,73,73,73,66,66,66,63,63,38,1,55,55,55,20,0,0],"gold":32,"neow_bonus":"BOSS_RELIC","is_daily":false,"chose_seed":false,"campfire_upgraded":9,"win_rate":0.0,"timestamp":1613742555,"path_taken":["M","?","?","M","M","E","R","?","T","E","R","M","E","M","R","BOSS","M","M","M","?","$","E","M","R","T","R","$","E","R","M","R","BOSS","M","?","M","M","?","R","E","$","T","R","E","?","M","E","R","BOSS","BOSS","R","$","E","BOSS"],"items_purchased_type":["Relic","Card","Relic","Potion"],"build_version":"2020-12-22","purchased_purges":3,"victory":false,"max_hp_per_floor":[66,66,66,66,66,66,66,66,66,66,66,66,66,66,66,66,66,66,66,66,66,66,66,66,66,66,66,66,66,66,66,66,66,66,66,66,66,66,66,66,66,73,73,73,73,73,73,73,73,73,73,73,73,73,73,73,73],"relic_stats":{"Centennial Puzzle":[36],"Lee\u0027s Waffle":39,"counters":[29,110],"Bronze Scales":[219],"Pantograph":60,"Prayer Wheel":14,"Pen Nib":[15],"Kunai":[86],"Orichalcum":[114],"obtain_stats":[{"Lee\u0027s Waffle":42,"Vajra":55,"The Courier":13,"Pen Nib":45,"Orichalcum":10,"Bottled Tornado":29,"Frozen Egg 2":43,"WarpedTongs":21,"Mercury Hourglass":48,"Centennial Puzzle":23,"WristBlade":17,"Bronze Scales":6,"Pantograph":41,"Prayer Wheel":2,"Coffee Dripper":34,"Bottled Lightning":9,"Kunai":22,"Ring of the Snake":0,"Runic Pyramid":0},{"Lee\u0027s Waffle":22,"Vajra":28,"The Courier":7,"Pen Nib":23,"Orichalcum":5,"Bottled Tornado":15,"Frozen Egg 2":22,"WarpedTongs":12,"Mercury Hourglass":25,"Centennial Puzzle":13,"WristBlade":9,"Bronze Scales":4,"Pantograph":22,"Prayer Wheel":1,"Coffee Dripper":17,"Bottled Lightning":4,"Kunai":12,"Ring of the Snake":0,"Runic Pyramid":0},{"Lee\u0027s Waffle":71,"Vajra":107,"The Courier":21,"Pen Nib":74,"Orichalcum":15,"Bottled Tornado":48,"Frozen Egg 2":71,"WarpedTongs":37,"Mercury Hourglass":83,"Centennial Puzzle":41,"WristBlade":30,"Bronze Scales":13,"Pantograph":71,"Prayer Wheel":3,"Coffee Dripper":54,"Bottled Lightning":13,"Kunai":37,"Ring of the Snake":0,"Runic Pyramid":0}],"WarpedTongs":[73],"Mercury Hourglass":[64]},"card_choices":[{"not_picked":["PiercingWail","Sucker Punch"],"picked":"Blade Dance","floor":1.0},{"not_picked":["Calculated Gamble","Prepared"],"picked":"Storm of Steel","floor":4.0},{"not_picked":["Outmaneuver","Infinite Blades"],"picked":"Choke","floor":4.0},{"not_picked":["PiercingWail","Masterful Stab"],"picked":"Flechettes","floor":5.0},{"not_picked":["Masterful Stab","Underhanded Strike"],"picked":"Slice","floor":5.0},{"not_picked":["Quick Slash","PiercingWail"],"picked":"Dagger Spray","floor":6.0},{"not_picked":["Predator","Choke"],"picked":"Blade Dance","floor":10.0},{"not_picked":["Outmaneuver","Riddle With Holes"],"picked":"Blade Dance","floor":12.0},{"not_picked":["Backflip","Well Laid Plans","Slice"],"picked":"SKIP","floor":12.0},{"not_picked":["Well Laid Plans","Blur"],"picked":"Calculated Gamble","floor":13.0},{"not_picked":["Deadly Poison","Slice"],"picked":"Cloak And Dagger","floor":14.0},{"not_picked":["Sucker Punch","Expertise"],"picked":"PiercingWail","floor":14.0},{"not_picked":["Storm of Steel","Malaise"],"picked":"Bullet Time","floor":16.0},{"not_picked":["Backstab","Poisoned Stab"],"picked":"Tactician","floor":18.0},{"not_picked":["Dagger Spray+1","Underhanded Strike","Prepared"],"picked":"SKIP","floor":18.0},{"not_picked":["Dagger Throw","Flechettes"],"picked":"Terror","floor":19.0},{"not_picked":["Crippling Poison","Prepared"],"picked":"Dagger Throw","floor":19.0},{"not_picked":["Dodge and Roll","Quick Slash","Heel Hook"],"picked":"SKIP","floor":20.0},{"not_picked":["Sucker Punch","Poisoned Stab","Grand Finale"],"picked":"SKIP","floor":20.0},{"not_picked":["Caltrops","Slice","Flechettes"],"picked":"SKIP","floor":23.0},{"not_picked":["Underhanded Strike+1","Deadly Poison"],"picked":"Masterful Stab+1","floor":24.0},{"not_picked":["Prepared","Masterful Stab","Dagger Spray"],"picked":"SKIP","floor":24.0},{"not_picked":["Distraction","Flechettes"],"picked":"Blade Dance","floor":29.0},{"not_picked":["Poisoned Stab","Prepared"],"picked":"Infinite Blades","floor":31.0},{"not_picked":["Masterful Stab","Skewer"],"picked":"Cloak And Dagger","floor":31.0},{"not_picked":["Unload","Grand Finale"],"picked":"Adrenaline","floor":33.0},{"not_picked":["Catalyst+1","Poisoned Stab"],"picked":"Backflip","floor":35.0},{"not_picked":["Sucker Punch","Prepared+1"],"picked":"Reflex+1","floor":35.0},{"not_picked":["Flying Knee+1","Sucker Punch"],"picked":"Dash","floor":37.0},{"not_picked":["Deadly Poison","Dagger Throw","Poisoned Stab+1"],"picked":"SKIP","floor":37.0},{"not_picked":["Poisoned Stab","Backflip"],"picked":"Concentrate","floor":38.0},{"not_picked":["Skewer","Night Terror","Noxious Fumes+1"],"picked":"SKIP","floor":38.0},{"not_picked":["Riddle With Holes+1","All Out Attack","Underhanded Strike"],"picked":"SKIP","floor":39.0},{"not_picked":["Distraction","Bane+1","Quick Slash"],"picked":"SKIP","floor":39.0},{"not_picked":["Glass Knife","Quick Slash"],"picked":"Leg Sweep","floor":41.0},{"not_picked":["Sucker Punch","Infinite Blades+1"],"picked":"After Image+1","floor":45.0},{"not_picked":["Setup+1","Deadly Poison+1","All Out Attack"],"picked":"SKIP","floor":47.0},{"not_picked":["Dagger Spray+1","Bane","PiercingWail"],"picked":"SKIP","floor":47.0},{"not_picked":["Setup+1","Deadly Poison+1","All Out Attack"],"picked":"SKIP","floor":47.0},{"not_picked":["Dagger Spray+1","Bane","PiercingWail"],"picked":"SKIP","floor":47.0},{"not_picked":["Night Terror","Escape Plan"],"picked":"Tools of the Trade+1","floor":48.0},{"not_picked":["Quick Slash","Expertise+1"],"picked":"Prepared+1","floor":55.0}],"player_experience":398580,"relics_obtained":[{"floor":6.0,"key":"Bronze Scales"},{"floor":9.0,"key":"Bottled Lightning"},{"floor":10.0,"key":"Orichalcum"},{"floor":13.0,"key":"The Courier"},{"floor":23.0,"key":"Centennial Puzzle"},{"floor":29.0,"key":"Bottled Tornado"},{"floor":41.0,"key":"Pantograph"},{"floor":43.0,"key":"Frozen Egg 2"},{"floor":45.0,"key":"Pen Nib"},{"floor":48.0,"key":"Mercury Hourglass"},{"floor":55.0,"key":"Vajra"}],"event_choices":[{"damage_healed":0.0,"max_hp_gain":0.0,"max_hp_loss":0.0,"gold_gain":0.0,"event_name":"Scrap Ooze","player_choice":"Success","floor":2.0,"gold_loss":0.0,"damage_taken":11.0,"relics_obtained":["Prayer Wheel"]},{"damage_healed":0.0,"max_hp_gain":0.0,"max_hp_loss":0.0,"gold_gain":0.0,"event_name":"Liars Game","player_choice":"Ignored","floor":3.0,"gold_loss":0.0,"damage_taken":0.0},{"damage_healed":0.0,"max_hp_gain":0.0,"max_hp_loss":0.0,"gold_gain":0.0,"event_name":"Living Wall","player_choice":"Grow","floor":8.0,"gold_loss":0.0,"damage_taken":0.0,"cards_upgraded":["Choke"]},{"damage_healed":0.0,"max_hp_gain":0.0,"max_hp_loss":0.0,"gold_gain":0.0,"event_name":"Accursed Blacksmith","player_choice":"Rummage","floor":21.0,"gold_loss":0.0,"damage_taken":0.0,"relics_obtained":["WarpedTongs"],"cards_obtained":["Pain"]},{"damage_healed":0.0,"max_hp_gain":0.0,"max_hp_loss":0.0,"gold_gain":0.0,"event_name":"Duplicator","player_choice":"Copied","floor":36.0,"gold_loss":0.0,"damage_taken":0.0,"cards_obtained":["Adrenaline"]},{"cards_removed":["Strike_G"],"damage_healed":0.0,"max_hp_gain":0.0,"max_hp_loss":0.0,"gold_gain":0.0,"event_name":"Wheel of Change","player_choice":"Card Removal","floor":46.0,"gold_loss":0.0,"damage_taken":0.0}],"is_beta":false,"boss_relics":[{"not_picked":["Sozu","Runic Dome"],"picked":"WristBlade"},{"not_picked":["Velvet Choker","SlaversCollar"],"picked":"Coffee Dripper"}],"items_purged_floors":[22,28,54],"is_endless":false,"potions_floor_spawned":[6,10,12,13,14,20,23,24,31,37,38,41],"killed_by":"The Heart","ascension_level":20}}