{"host":"f5gffvlv6a66yqkd","time":1613729581,"event":{"mods":["2.2 Compatiblity","BaseMod","Colored Map","Custom Start","DeckTracker","Keyboard Shortcuts","Minty Spire (QoL Compilation)","Permanent Neow","Quick Restart","Relic Stats","StSLib","SuperFastMode"],"gold_per_floor":[113,123,134,146,71,71,91,91,91,126,156,166,166,178,178,252,252,262,262,262],"floor_reached":19,"language":"KOR","playtime":893,"items_purged":[],"score":333,"play_id":"280ce52b-0f57-4a7b-b5ec-e527be6926ef","local_time":"20210219191301","is_ascension_mode":true,"campfire_choices":[{"data":"Eruption","floor":6.0,"key":"SMITH"},{"data":"Conclude","floor":8.0,"key":"SMITH"},{"data":"PathToVictory","floor":13.0,"key":"SMITH"},{"data":"Halt","floor":15.0,"key":"SMITH"}],"circlet_count":0,"master_deck":["AscendersBane","Defend_P","Defend_P","Defend_P","Defend_P","Eruption+1","Vigilance","Conclude+1","FlurryOfBlows","Halt+1","PathToVictory+1","FearNoEvil","DeusExMachina","EmptyFist"],"relics":["PureWater","The Courier","Empty Cage"],"acts_visited":["Exordium","TheCity"],"potions_floor_usage":[19],"damage_taken":[{"damage":7.0,"enemies":"Jaw Worm","floor":1.0,"turns":4.0},{"damage":0.0,"enemies":"Cultist","floor":2.0,"turns":3.0},{"damage":0.0,"enemies":"Small Slimes","floor":3.0,"turns":3.0},{"damage":2.0,"enemies":"Exordium Wildlife","floor":4.0,"turns":3.0},{"damage":2.0,"enemies":"Blue Slaver","floor":7.0,"turns":2.0},{"damage":2.0,"enemies":"Lagavulin","floor":10.0,"turns":4.0},{"damage":6.0,"enemies":"3 Louse","floor":12.0,"turns":2.0},{"damage":0.0,"enemies":"Exordium Wildlife","floor":14.0,"turns":2.0},{"damage":17.0,"enemies":"The Guardian","floor":16.0,"turns":13.0},{"damage":18.0,"enemies":"Shell Parasite","floor":18.0,"turns":4.0},{"damage":40,"enemies":"Chosen","floor":19,"turns":5}],"seed_played":"-2824205879379184043","potions_obtained":[{"floor":4.0,"key":"Ancient Potion"},{"floor":7.0,"key":"BottledMiracle"},{"floor":10.0,"key":"AttackPotion"},{"floor":18.0,"key":"Energy Potion"}],"is_trial":false,"path_per_floor":["M","M","M","M","?","R","M","R","T","E","?","M","R","M","R","B",null,"M","M"],"character_chosen":"WATCHER","items_purchased":[],"campfire_rested":0,"item_purchase_floors":[],"current_hp_per_floor":[54,54,54,52,52,52,50,50,50,48,48,42,42,42,42,25,57,39,0,0],"gold":262,"neow_bonus":"TRANSFORM_CARD","is_daily":false,"chose_seed":false,"campfire_upgraded":4,"win_rate":0.0,"timestamp":1613729581,"path_taken":["M","M","M","M","?","R","M","R","T","E","?","M","R","M","R","BOSS","M","M"],"items_purchased_type":[],"build_version":"2020-12-22","purchased_purges":0,"victory":false,"max_hp_per_floor":[68,68,68,68,68,68,68,68,68,68,68,68,68,68,68,68,68,68,68,68],"relic_stats":{"counters":[11,45],"obtain_stats":[{"The Courier":10,"PureWater":0,"Empty Cage":17},{"The Courier":6,"PureWater":0,"Empty Cage":9},{"The Courier":19,"PureWater":0,"Empty Cage":36}]},"card_choices":[{"not_picked":["EmptyBody","Evaluate"],"picked":"FlurryOfBlows","floor":1.0},{"not_picked":["WaveOfTheHand","Protect","SashWhip"],"picked":"SKIP","floor":2.0},{"not_picked":["EmptyBody","Worship"],"picked":"Halt","floor":3.0},{"not_picked":["Alpha","EmptyMind","BattleHymn"],"picked":"SKIP","floor":4.0},{"not_picked":["Indignation","Sanctity","EmptyFist"],"picked":"SKIP","floor":7.0},{"not_picked":["WreathOfFlame","Collect","ConjureBlade"],"picked":"SKIP","floor":10.0},{"not_picked":["Halt","Indignation"],"picked":"PathToVictory","floor":12.0},{"not_picked":["FollowUp","PathToVictory"],"picked":"FearNoEvil","floor":14.0},{"not_picked":["Devotion","Vault"],"picked":"DeusExMachina","floor":16.0},{"not_picked":["Crescendo","Consecrate"],"picked":"EmptyFist","floor":18.0}],"player_experience":1514306,"relics_obtained":[{"floor":10.0,"key":"The Courier"}],"event_choices":[{"cards_removed":["Strike_P"],"damage_healed":0.0,"max_hp_gain":0.0,"max_hp_loss":0.0,"gold_gain":0.0,"event_name":"The Cleric","player_choice":"Card Removal","floor":5.0,"gold_loss":75.0,"damage_taken":0.0},{"damage_healed":0.0,"max_hp_gain":0.0,"max_hp_loss":0.0,"gold_gain":30.0,"event_name":"Dead Adventurer","player_choice":"Searched \u00271\u0027 times","floor":11.0,"gold_loss":0.0,"damage_taken":0.0}],"is_beta":false,"boss_relics":[{"not_picked":["Calling Bell","Runic Pyramid"],"picked":"Empty Cage"}],"items_purged_floors":[],"is_endless":false,"potions_floor_spawned":[4,7,10,18],"killed_by":"Chosen","ascension_level":19}}