{"host":"7s0ipaqx8m4pdduf","time":1613735981,"event":{"mods":["BaseMod","BetterRewards","Colored Map","Infinite Spire","Minty Spire (QoL Compilation)","StSLib","SuperFastMode"],"gold_per_floor":[12,28,28,28,28,57,76,76,76,106,123,123,133,158,158,229,229,247,247,257,267,192,192,36,36,36,49,49,67,67,78,78,152,152,172,172,191,191,205,238,238,238,238,238,258,258,278,278,278,278],"floor_reached":51,"language":"ENG","playtime":1729,"items_purged":["Pain"],"score":1364,"play_id":"8841e02e-60f2-4181-8ffa-9150d5466a2f","local_time":"20210219125941","is_ascension_mode":true,"campfire_choices":[{"data":"A Thousand Cuts","floor":8,"key":"SMITH"},{"floor":12,"key":"REST"},{"floor":15,"key":"REST"},{"data":"After Image","floor":23,"key":"SMITH"},{"data":"After Image","floor":25,"key":"SMITH"},{"floor":32,"key":"REST"},{"floor":41,"key":"REST"},{"floor":44,"key":"REST"},{"data":"infinitespire:NeuralNetwork","floor":46,"key":"SMITH"},{"floor":49,"key":"REST"}],"circlet_count":0,"master_deck":["AscendersBane","Strike_G","Strike_G","Strike_G","Defend_G","Defend_G","Defend_G","Defend_G","Defend_G","Survivor","A Thousand Cuts+1","Noxious Fumes","Infinite Blades","Blur","Dash","After Image+1","Footwork","After Image+1","Blur+1","Adrenaline","Corpse Explosion","infinitespire:Neurotoxin","infinitespire:NeuralNetwork+1","Dash+1","infinitespire:Collect","Clumsy","Parasite","Noxious Fumes"],"relics":["Ring of the Snake","infinitespire:Joker Card","Boot","Kunai","Singing Bowl","Nunchaku","Sozu","Ornamental Fan","Cursed Key","WarpedTongs","Bag of Marbles","Meat on the Bone"],"acts_visited":["Exordium","TheCity","TheBeyond"],"potions_floor_usage":[10,14,29],"damage_taken":[{"damage":0,"enemies":"2 Louse","floor":1,"turns":5},{"damage":10,"enemies":"Cultist","floor":2,"turns":6},{"damage":25,"enemies":"3 Sentries","floor":6,"turns":9},{"damage":3,"enemies":"Jaw Worm","floor":7,"turns":5},{"damage":0,"enemies":"Lagavulin","floor":10,"turns":6},{"damage":6,"enemies":"Blue Slaver","floor":11,"turns":5},{"damage":1,"enemies":"Exordium Wildlife","floor":13,"turns":4},{"damage":22,"enemies":"Gremlin Nob","floor":14,"turns":5},{"damage":8,"enemies":"Hexaghost","floor":16,"turns":11},{"damage":7,"enemies":"3 Byrds","floor":18,"turns":5},{"damage":1,"enemies":"Chosen","floor":20,"turns":6},{"damage":4,"enemies":"Snake Plant","floor":21,"turns":6},{"damage":0,"enemies":"Chosen and Byrds","floor":27,"turns":8},{"damage":23,"enemies":"Cultist and Chosen","floor":29,"turns":7},{"damage":4,"enemies":"Snecko","floor":31,"turns":9},{"damage":12,"enemies":"Automaton","floor":33,"turns":12},{"damage":5,"enemies":"3 Shapes","floor":35,"turns":5},{"damage":21,"enemies":"3 Darklings","floor":37,"turns":4},{"damage":45,"enemies":"Transient","floor":39,"turns":6},{"damage":2,"enemies":"Nightmare","floor":40,"turns":11},{"damage":17,"enemies":"Jaw Worm Horde","floor":45,"turns":3},{"damage":3,"enemies":"Writhing Mass","floor":47,"turns":7},{"damage":14,"enemies":"Time Eater","floor":50,"turns":13}],"seed_played":"-4545481920110522703","potions_obtained":[{"floor":7,"key":"ColorlessPotion"},{"floor":10,"key":"LiquidBronze"},{"floor":16,"key":"LiquidMemories"}],"is_trial":false,"path_per_floor":["M","M","?","?","?","E","M","R","T","E","M","R","M","E","R","B",null,"M","?","M","M","?","R","$","R","T","M","$","M","$","M","R","B",null,"M","?","M","?","M","NM","R","AVR","T","R","M","R","M","?","R","B",null],"character_chosen":"THE_SILENT","items_purchased":["Adrenaline"],"campfire_rested":6,"item_purchase_floors":[24],"current_hp_per_floor":[59,49,49,44,44,19,16,16,16,18,14,35,34,12,33,25,59,52,52,53,51,51,51,51,51,51,53,53,30,30,28,51,39,68,65,65,46,46,3,1,26,26,26,51,48,48,45,45,70,56],"gold":278,"neow_bonus":"THREE_RARE_CARDS","is_daily":false,"chose_seed":false,"campfire_upgraded":4,"win_rate":0.0,"timestamp":1613735981,"path_taken":["M","M","?","?","?","E","M","R","T","E","?","R","M","E","R","BOSS","M","?","M","M","?","R","?","R","T","M","$","M","$","M","R","BOSS","M","?","M","?","M","NM","R","AVR","T","R","?","R","M","?","R","BOSS"],"items_purchased_type":["Card"],"build_version":"2020-12-22","purchased_purges":1,"victory":true,"max_hp_per_floor":[66,66,66,66,66,66,66,66,66,68,70,70,70,70,70,70,70,70,70,72,74,74,74,74,74,74,76,76,76,76,78,78,78,78,80,80,82,82,84,84,84,84,84,84,86,86,86,86,86,86],"card_choices":[{"not_picked":["Glass Knife","Night Terror"],"picked":"A Thousand Cuts","floor":0},{"not_picked":["Sucker Punch","Skewer"],"picked":"Noxious Fumes","floor":1},{"not_picked":["Masterful Stab","Quick Slash"],"picked":"Infinite Blades","floor":2},{"not_picked":["Skewer","Quick Slash"],"picked":"Blur","floor":6},{"not_picked":["Dodge and Roll","All Out Attack"],"picked":"Dash","floor":7},{"not_picked":["Setup","Outmaneuver","Underhanded Strike"],"picked":"Singing Bowl","floor":10},{"not_picked":["Slice","PiercingWail","Dagger Throw"],"picked":"Singing Bowl","floor":11},{"not_picked":["Underhanded Strike","Setup"],"picked":"After Image","floor":13},{"not_picked":["Calculated Gamble","Eviscerate"],"picked":"Footwork","floor":14},{"not_picked":["A Thousand Cuts","Storm of Steel"],"picked":"After Image","floor":16},{"not_picked":["Flying Knee","Flechettes"],"picked":"Blur+1","floor":18},{"not_picked":["Acrobatics","Outmaneuver","Deadly Poison+1"],"picked":"Singing Bowl","floor":20},{"not_picked":["Dagger Throw","Riddle With Holes","Slice"],"picked":"Singing Bowl","floor":21},{"not_picked":["Sucker Punch","Reflex","Blade Dance"],"picked":"Singing Bowl","floor":27},{"not_picked":["Dagger Spray","Accuracy"],"picked":"Corpse Explosion","floor":29},{"not_picked":["Deflect","Flying Knee","Bane"],"picked":"Singing Bowl","floor":31},{"not_picked":["Wraith Form v2","Malaise"],"picked":"infinitespire:Neurotoxin","floor":33},{"not_picked":["Heel Hook","Prepared","Choke"],"picked":"Singing Bowl","floor":35},{"not_picked":["Underhanded Strike","Prepared+1","Flying Knee"],"picked":"Singing Bowl","floor":37},{"not_picked":["Outmaneuver","Acrobatics+1","Distraction"],"picked":"Singing Bowl","floor":39},{"not_picked":["infinitespire:Gouge","infinitespire:FutureSight"],"picked":"infinitespire:NeuralNetwork","floor":40},{"not_picked":["Backflip","Wraith Form v2"],"picked":"Dash+1","floor":40},{"not_picked":["Acrobatics","Distraction+1","Sucker Punch"],"picked":"Singing Bowl","floor":45},{"not_picked":["Bane","Deadly Poison+1"],"picked":"Noxious Fumes","floor":47}],"player_experience":2141583,"relics_obtained":[{"floor":6,"key":"Boot"},{"floor":9,"key":"Kunai"},{"floor":10,"key":"Singing Bowl"},{"floor":14,"key":"Nunchaku"},{"floor":26,"key":"Ornamental Fan"},{"floor":40,"key":"Bag of Marbles"},{"floor":43,"key":"Meat on the Bone"}],"event_choices":[{"damage_healed":0,"gold_gain":0,"player_choice":"Ignored","damage_taken":0,"max_hp_gain":0,"max_hp_loss":0,"event_name":"Liars Game","floor":3,"gold_loss":0},{"damage_healed":0,"gold_gain":0,"player_choice":"Success","damage_taken":5,"relics_obtained":["infinitespire:Joker Card"],"max_hp_gain":0,"max_hp_loss":0,"event_name":"Scrap Ooze","floor":4,"gold_loss":0},{"cards_removed":["Strike_G"],"damage_healed":0,"gold_gain":0,"player_choice":"Purged","damage_taken":0,"max_hp_gain":0,"max_hp_loss":0,"event_name":"Purifier","floor":5,"gold_loss":0},{"damage_healed":0,"gold_gain":0,"player_choice":"Ignored","damage_taken":0,"max_hp_gain":0,"max_hp_loss":0,"event_name":"Vampires","floor":19,"gold_loss":0},{"cards_removed":["Strike_G"],"damage_healed":0,"gold_gain":0,"player_choice":"Gave Gold","damage_taken":0,"max_hp_gain":0,"max_hp_loss":0,"event_name":"Beggar","floor":22,"gold_loss":75},{"cards_removed":["Neutralize"],"damage_healed":0,"gold_gain":0,"player_choice":"Removed Attack","damage_taken":0,"max_hp_gain":0,"max_hp_loss":0,"event_name":"Falling","floor":36,"gold_loss":0},{"damage_healed":0,"gold_gain":0,"player_choice":"Rummage","damage_taken":0,"relics_obtained":["WarpedTongs"],"max_hp_gain":0,"max_hp_loss":0,"event_name":"Accursed Blacksmith","floor":38,"gold_loss":0,"cards_obtained":["Pain"]},{"damage_healed":0,"gold_gain":0,"player_choice":"Ignored","damage_taken":0,"max_hp_gain":0,"max_hp_loss":0,"event_name":"Mysterious Sphere","floor":48,"gold_loss":0}],"is_beta":false,"boss_relics":[{"not_picked":["Velvet Choker","SlaversCollar"],"picked":"Sozu"},{"not_picked":["Snecko Eye","Black Star"],"picked":"Cursed Key"}],"items_purged_floors":[42],"is_endless":false,"potions_floor_spawned":[7,10,16,18,31,33,35,40,47],"ascension_level":17}}