{"host":"flm17o2q7bfjyna6","time":1613745919,"event":{"mods":["2.2 Compatiblity","Act Like it!","BaseMod","Better Altar","Better Match","Better Note","Better Sensory Stone","Better Skull","Better Third Choice","Better Vampires","Colored Map","Colored Powertips","DeckTracker","Downfall","Fox Events","Minty Spire (QoL Compilation)","Quick Restart","Replay The Spire","Reworked Bosses","Spicy Shops","StSLib","TheSwordswoman","Wandering Minibosses"],"gold_per_floor":[99,114,134,150,170,202,202,234,234,234,263,330,342,357,371,371,371,371],"floor_reached":16,"language":"ENG","playtime":1292,"items_purged":[],"score":186,"play_id":"0c317b4f-e554-4f8c-affe-c970e6a3d986","local_time":"20210219094519","is_ascension_mode":true,"campfire_choices":[{"data":"Madness","floor":1,"key":"SMITH"}],"circlet_count":0,"master_deck":["AscendersBane","hexamod:Strike","hexamod:Strike","hexamod:Strike","hexamod:Strike","hexamod:Defend","hexamod:Defend","hexamod:Defend","hexamod:Defend","hexamod:Sear+1","hexamod:Float","Madness+1","hexamod:SpectersWail","hexamod:HeatMetal","hexamod:NightmareStrike","hexamod:FlamesFromBeyond","hexamod:StepThrough","hexamod:CatchUp+1","Feel No Pain","hexamod:ShieldOfDarkness","hexamod:Firestarter","hexamod:Hexaguard","hexamod:HeatCrush"],"relics":["Matryoshka","Omamori","Singing Bowl","Torii","m_DevilBlood","War Paint","Turnip","ReplayTheSpireMod:Lightbulb"],"acts_visited":["Exordium"],"potions_floor_usage":[8,11,16,16,16],"damage_taken":[{"damage":0,"enemies":"Cultist","floor":2,"turns":3},{"damage":2,"enemies":"Jaw Worm","floor":3,"turns":3},{"damage":3,"enemies":"2 Louse","floor":4,"turns":3},{"damage":3,"enemies":"Blue Slaver","floor":5,"turns":3},{"damage":12,"enemies":"Gremlin Nob","floor":6,"turns":3},{"damage":20,"enemies":"Lagavulin","floor":8,"turns":5},{"damage":10,"enemies":"Gremlin Nob","floor":11,"turns":3},{"damage":1,"enemies":"Exordium Wildlife","floor":13,"turns":2},{"damage":30,"enemies":"Exordium Thugs","floor":14,"turns":4},{"damage":14,"enemies":"Blue Slaver","floor":15,"turns":3},{"damage":18,"enemies":"WA_ARCHETYPE_RETAIN","floor":16,"turns":4}],"seed_played":"-6427260380028206441","potions_obtained":[{"floor":2,"key":"sneckomod:MuddlingPotion"},{"floor":6,"key":"Strength Potion"},{"floor":8,"key":"Elixir"},{"floor":12,"key":"EssenceOfSteel"},{"floor":12,"key":"AttackPotion"},{"floor":14,"key":"hexamod:DoubleChargePotion"},{"floor":15,"key":"hexamod:SoulburnPotion"}],"is_trial":false,"path_per_floor":["R","M","M","M","M","E","T","E","?","?","E","?","M","M","M","B"],"character_chosen":"THE_SPIRIT","items_purchased":[],"campfire_rested":0,"item_purchase_floors":[],"current_hp_per_floor":[63,63,61,58,55,43,43,23,23,46,40,40,45,21,13,0,0,0],"gold":371,"neow_bonus":"RANDOM_COLORLESS","is_daily":false,"chose_seed":false,"campfire_upgraded":1,"win_rate":0.0,"timestamp":1613745919,"path_taken":["R","M","M","?","M","E","T","E","?","?","E","?","?","M","M","BOSS"],"items_purchased_type":[],"build_version":"2020-12-22","purchased_purges":0,"victory":false,"max_hp_per_floor":[70,70,70,70,70,70,70,70,70,70,70,70,70,70,70,70,70,70],"card_choices":[{"not_picked":["Purity","ReplayTheSpireMod:Uncanny Aura"],"picked":"Madness","floor":0},{"not_picked":["hexamod:RecurringNightmare","hexamod:BurningTouch"],"picked":"hexamod:SpectersWail","floor":2},{"not_picked":["hexamod:Again","hexamod:ShieldOfDarkness"],"picked":"hexamod:HeatMetal","floor":3},{"not_picked":["hexamod:ChargedBarrage","hexamod:GhostLash"],"picked":"hexamod:NightmareStrike","floor":4},{"not_picked":["hexamod:BurningTouch","hexamod:GhostShield"],"picked":"hexamod:FlamesFromBeyond","floor":5},{"not_picked":["hexamod:FastForward","hexamod:CatchUp"],"picked":"hexamod:StepThrough","floor":6},{"not_picked":["hexamod:RecurringNightmare","hexamod:DynamicBlow"],"picked":"hexamod:CatchUp","floor":8},{"not_picked":["hexamod:UnlimitedPower","hexamod:HeatMetal"],"picked":"Feel No Pain","floor":11},{"not_picked":["hexamod:ExtraCrispy","hexamod:BacktrackSmack"],"picked":"hexamod:ShieldOfDarkness","floor":12},{"not_picked":["hexamod:FastForward","hexamod:ThermalTransfer"],"picked":"hexamod:Firestarter","floor":13},{"not_picked":["hexamod:SwordOfDarkness","hexamod:BacktrackSmack"],"picked":"hexamod:Hexaguard","floor":14},{"not_picked":["hexamod:BacktrackSmack","hexamod:ThermalTransfer"],"picked":"hexamod:HeatCrush","floor":15}],"player_experience":1951366,"relics_obtained":[{"floor":6,"key":"Matryoshka"},{"floor":7,"key":"Omamori"},{"floor":7,"key":"Singing Bowl"},{"floor":8,"key":"Torii"},{"floor":11,"key":"War Paint"},{"floor":12,"key":"Turnip"},{"floor":12,"key":"ReplayTheSpireMod:Lightbulb"}],"event_choices":[{"damage_healed":23,"gold_gain":0,"player_choice":"Banana","damage_taken":0,"max_hp_gain":0,"max_hp_loss":0,"event_name":"Big Fish","floor":10,"gold_loss":0}],"is_beta":false,"boss_relics":[],"items_purged_floors":[],"is_endless":false,"potions_floor_spawned":[2,6,8,14,15],"killed_by":"WA_ARCHETYPE_RETAIN","ascension_level":10}}