{"host":"sim2kxx81cjsn49b","time":1613764555,"event":{"mods":["ATMod(°¢èªMod)","BaseMod","Energized Spire","Minty Spire (QoL Compilation)","Spicy Shops","StSLib","TestMod","¡¾ÒÅÎï¿¨ÅÆ¡¿REMEMod"],"gold_per_floor":[116,116,126,51,69,103,113,131,131,166,166,200,214,240,240,240,240],"floor_reached":16,"language":"ZHS","playtime":662,"items_purged":[],"score":264,"play_id":"795aa41e-005a-403a-9416-8645e35ecb03","local_time":"20210220035555","is_ascension_mode":true,"campfire_choices":[{"data":"AT_FamilyPortrait","floor":11,"key":"SMITH"},{"data":"AT_OneInchPunch","floor":15,"key":"SMITH"}],"circlet_count":0,"master_deck":["AscendersBane","Strike_P","Strike_P+1","Strike_P+1","Defend_P","Defend_P","Defend_P","Defend_P+1","Eruption","Vigilance","REME_Shoggoth","AT_FamilyPortrait+1","SignatureMove","Omniscience","TalkToTheHand","AT_OneInchPunch+1"],"relics":["PureWater","REME_ComplimentaryCards","testmod-TestBox","AT_ATBox","testmod-Fanaticism","NeowsBlessing","AT_ImmortalShieldbow","Darkstone Periapt","testmod-Maize","AT_ForceNature","TeardropLocket"],"acts_visited":["Exordium"],"potions_floor_usage":[],"damage_taken":[{"damage":0,"enemies":"Small Slimes","floor":1,"turns":2},{"damage":0,"enemies":"Jaw Worm","floor":3,"turns":1},{"damage":0,"enemies":"Cultist","floor":5,"turns":1},{"damage":16,"enemies":"Lagavulin","floor":6,"turns":6},{"damage":16,"enemies":"Blue Slaver","floor":7,"turns":3},{"damage":7,"enemies":"Lots of Slimes","floor":8,"turns":3},{"damage":22,"enemies":"3 Sentries","floor":10,"turns":6},{"damage":50,"enemies":"Lagavulin","floor":12,"turns":5},{"damage":0,"enemies":"Large Slime","floor":13,"turns":1},{"damage":51,"enemies":"3 Sentries","floor":14,"turns":5},{"damage":72,"enemies":"Hexaghost","floor":16,"turns":2}],"seed_played":"-2012095519235400075","potions_obtained":[{"floor":3,"key":"SpeedPotion"},{"floor":7,"key":"EssenceOfSteel"},{"floor":10,"key":"FairyPotion"},{"floor":14,"key":"BlessingOfTheForge"}],"is_trial":false,"path_per_floor":["M","?","M","?","M","E","M","M","T","E","R","E","M","E","R","B"],"character_chosen":"WATCHER","items_purchased":[],"campfire_rested":0,"item_purchase_floors":[],"current_hp_per_floor":[61,41,41,41,41,28,21,42,42,32,32,54,54,68,68,0,0],"gold":240,"neow_bonus":"THREE_ENEMY_KILL","is_daily":false,"chose_seed":false,"campfire_upgraded":2,"win_rate":0.0,"timestamp":1613764555,"path_taken":["M","?","M","?","M","E","M","?","T","E","R","E","M","E","R","BOSS"],"items_purchased_type":[],"build_version":"2020-12-22","purchased_purges":0,"victory":false,"max_hp_per_floor":[68,68,68,68,68,68,68,68,68,68,68,68,68,68,68,68,68],"card_choices":[{"not_picked":["InnerPeace","BowlingBash","EmptyBody"],"picked":"SKIP","floor":1},{"not_picked":["InnerPeace","BowlingBash","EmptyBody"],"picked":"SKIP","floor":1},{"not_picked":["FlurryOfBlows","Prostrate"],"picked":"SignatureMove","floor":3},{"not_picked":["JustLucky","Crescendo","Halt"],"picked":"SKIP","floor":5},{"not_picked":["AT_RealColorLess","JustLucky","EmptyFist"],"picked":"SKIP","floor":6},{"not_picked":["CutThroughFate","CrushJoints","Meditate"],"picked":"SKIP","floor":7},{"not_picked":["JustLucky","SashWhip","PathToVictory"],"picked":"SKIP","floor":8},{"not_picked":["Wireheading","Halt"],"picked":"Omniscience","floor":10},{"not_picked":["REME_Repentance","EmptyBody"],"picked":"TalkToTheHand","floor":12},{"not_picked":["AT_ChampionStep","Evaluate"],"picked":"AT_OneInchPunch","floor":13},{"not_picked":["Prostrate","FollowUp","FlyingSleeves"],"picked":"SKIP","floor":14}],"player_experience":611669,"relics_obtained":[{"floor":6,"key":"AT_ImmortalShieldbow"},{"floor":9,"key":"Darkstone Periapt"},{"floor":10,"key":"testmod-Maize"},{"floor":12,"key":"AT_ForceNature"},{"floor":14,"key":"TeardropLocket"}],"event_choices":[{"damage_healed":0,"gold_gain":0,"player_choice":"Entered Light","damage_taken":20,"max_hp_gain":0,"max_hp_loss":0,"event_name":"Shining Light","floor":2,"gold_loss":0,"cards_upgraded":["Strike_P","Defend_P"]},{"cards_removed":["Strike_P"],"damage_healed":0,"gold_gain":0,"player_choice":"Card Removal","damage_taken":0,"max_hp_gain":0,"max_hp_loss":0,"event_name":"The Cleric","floor":4,"gold_loss":75}],"is_beta":false,"boss_relics":[],"items_purged_floors":[],"is_endless":false,"potions_floor_spawned":[3,7,8,10,14],"killed_by":"Hexaghost","ascension_level":20}}