{"host":"cpsutu8lprjuipd6","time":1613718802,"event":{"mods":["BaseMod","Colored Map","Minty Spire (QoL Compilation)","Permanent Neow","Quick Restart","StSLib","SuperFastMode","The Bug Knight","Together in Spire"],"gold_per_floor":[114,126,142,159,170,170,187,197,221,240,240,252,252,45,45,142,142,158,73,91,91,91,91],"floor_reached":22,"language":"KOR","playtime":1516,"items_purged":["HollowMod:FocusHealStart"],"score":200,"play_id":"ac71ad65-9756-4ec4-9c63-7c35ae6503ca","local_time":"20210219161322","is_ascension_mode":true,"campfire_choices":[{"floor":6.0,"key":"REST"},{"floor":11.0,"key":"REST"},{"floor":15,"key":"REST"}],"circlet_count":0,"master_deck":["HollowMod:NailStrikeStart","HollowMod:NailStrikeStart","HollowMod:NailStrikeStart","HollowMod:NailStrikeStart","HollowMod:QuickDashStart","HollowMod:QuickDashStart","HollowMod:QuickDashStart","HollowMod:QuickDashStart","HollowMod:PogoStrike","HollowMod:VengefulVoid","HollowMod:ShadowDash+1","HollowMod:MonarchWings","HollowMod:SoulStrike+1","HollowMod:DashSlash","HollowMod:VengefulVoid","HollowMod:DoubleDash","HollowMod:VoidDash","HollowMod:BlackTendrils","HollowMod:SharpenedShadows","HollowMod:BlackTendrils","HollowMod:DescendingDark","HollowMod:DoubleDash","HollowMod:HuntersJournal"],"relics":["HollowMod:VesselMask","Dream Catcher","Smiling Mask","HandDrill","SlaversCollar","Ornamental Fan"],"acts_visited":["Exordium","TheCity"],"potions_floor_usage":[16,20,20],"damage_taken":[{"damage":1.0,"enemies":"Cultist","floor":1.0,"turns":3.0},{"damage":0.0,"enemies":"Small Slimes","floor":2.0,"turns":3.0},{"damage":7.0,"enemies":"Jaw Worm","floor":3.0,"turns":3.0},{"damage":13.0,"enemies":"3 Louse","floor":4.0,"turns":4.0},{"damage":11.0,"enemies":"Looter","floor":5.0,"turns":4.0},{"damage":1.0,"enemies":"Exordium Wildlife","floor":7.0,"turns":3.0},{"damage":37.0,"enemies":"Exordium Thugs","floor":8.0,"turns":7.0},{"damage":14.0,"enemies":"Gremlin Gang","floor":10.0,"turns":4.0},{"damage":3,"enemies":"2 Fungi Beasts","floor":12,"turns":5},{"damage":45,"enemies":"The Guardian","floor":16,"turns":13},{"damage":42,"enemies":"Spheric Guardian","floor":18,"turns":8},{"damage":23,"enemies":"Shell Parasite","floor":20,"turns":4},{"damage":51,"enemies":"Chosen and Byrds","floor":22,"turns":8}],"seed_played":"3453522437057159387","potions_obtained":[{"floor":2.0,"key":"Block Potion"},{"floor":3.0,"key":"SkillPotion"},{"floor":4.0,"key":"Dexterity Potion"},{"floor":18,"key":"Weak Potion"}],"is_trial":false,"path_per_floor":["M","M","M","M","M","R","M","M","T","M","R","M","?","$","R","B",null,"M","?","M","?","M"],"character_chosen":"THE_BUGKNIGHT","items_purchased":["HandDrill"],"campfire_rested":3,"item_purchase_floors":[14],"current_hp_per_floor":[74,75,68,61,56,75,74,43,43,29,51,57,42,42,64,23,75,43,43,28,46,0,0],"gold":91,"neow_bonus":"RANDOM_COMMON_RELIC","is_daily":false,"chose_seed":false,"campfire_upgraded":0,"win_rate":0.0,"timestamp":1613718802,"path_taken":["M","M","?","?","M","R","M","M","T","M","R","?","?","$","R","BOSS","M","?","M","?","M"],"items_purchased_type":["Relic"],"build_version":"2020-12-22","purchased_purges":1,"victory":false,"max_hp_per_floor":[75,75,75,75,75,75,75,75,75,75,75,75,75,75,75,75,75,75,75,75,75,75,75],"card_choices":[{"not_picked":["HollowMod:PureNailStrike","HollowMod:GoodIntentions"],"picked":"HollowMod:VengefulVoid","floor":1.0},{"not_picked":["HollowMod:VengefulSpirit","HollowMod:HowlingWraiths"],"picked":"HollowMod:ShadowDash","floor":2.0},{"not_picked":["HollowMod:DoubleDash","HollowMod:LifebloodCocoon"],"picked":"HollowMod:MonarchWings","floor":3.0},{"not_picked":["HollowMod:BaldurShell","HollowMod:HeavyBlow"],"picked":"HollowMod:SoulStrike","floor":4.0},{"not_picked":["HollowMod:HeavyBlow","HollowMod:SharpenedNail"],"picked":"HollowMod:DashSlash","floor":5.0},{"not_picked":["HollowMod:NewGlowingWomb","HollowMod:SharpenedShadows"],"picked":"HollowMod:VengefulVoid","floor":6.0},{"not_picked":["HollowMod:ShapeofUnn","HollowMod:GoodIntentions"],"picked":"HollowMod:DoubleDash","floor":7.0},{"not_picked":["HollowMod:HowlingWraiths","HollowMod:WraithStrike"],"picked":"HollowMod:VoidDash","floor":8.0},{"not_picked":["HollowMod:SoulStrike","HollowMod:NewLittleFool"],"picked":"HollowMod:BlackTendrils","floor":10.0},{"not_picked":["HollowMod:NewGlowingWomb","HollowMod:ChannelNail"],"picked":"HollowMod:SharpenedShadows","floor":11.0},{"not_picked":["HollowMod:DungDefenderAura","HollowMod:SoulVessel"],"picked":"HollowMod:BlackTendrils","floor":12},{"not_picked":["HollowMod:InfectionAssault","HollowMod:BlackTendrils"],"picked":"HollowMod:DescendingDark","floor":15},{"not_picked":["HollowMod:HowlingWraiths","HollowMod:CycloneSlash"],"picked":"HollowMod:DoubleDash","floor":18},{"not_picked":["HollowMod:DashSlash+1","HollowMod:DoubleDash"],"picked":"HollowMod:HuntersJournal","floor":20}],"player_experience":114313,"relics_obtained":[{"floor":9.0,"key":"Smiling Mask"}],"event_choices":[{"damage_healed":0,"gold_gain":0,"player_choice":"Entered Light","damage_taken":15,"max_hp_gain":0,"max_hp_loss":0,"event_name":"Shining Light","floor":13,"gold_loss":0,"cards_upgraded":["HollowMod:ShadowDash","HollowMod:SoulStrike"]},{"damage_healed":0,"gold_gain":0,"player_choice":"Obtained Relic","damage_taken":0,"relics_obtained":["Ornamental Fan"],"max_hp_gain":0,"max_hp_loss":0,"event_name":"Addict","floor":19,"gold_loss":85}],"is_beta":false,"boss_relics":[{"not_picked":["Empty Cage","SacredBark"],"picked":"SlaversCollar"}],"items_purged_floors":[14],"is_endless":false,"potions_floor_spawned":[2,3,4,12,18],"killed_by":"Chosen and Byrds","ascension_level":2}}