{"host":"yassvrowvc2yfwp2","time":1613697346,"event":{"mods":["2.2 Compatiblity","Act Like it!","BaseMod","Better Note","Curses Come First","Dota2Spire","Downfall","HololiveMod","Jorbs\u0027s Wanderer Trilogy","Minty Spire (QoL Compilation)","Prisma Mod","Rare Cards Sparkle","Reimu£®≤©¿ˆ¡È√Œ£©","Replay The Spire","Say the Spire","Spicy Shops","StSLib","The Bug Knight","The Cursed","The Servant 0.9.4"],"gold_per_floor":[119,119,119,131,141,169,169,230,230,259,317,317,342,342,342,469,469,488,488,119,130,130,187,187,215,215,280,306,341,401,433,433,529,529,572,644,644,354,388,420,449,145,145,178,34,98,127,162,162,192],"floor_reached":51,"language":"ZHS","playtime":1442,"items_purged":[],"score":1925,"play_id":"94a1530d-1b76-4cc1-bd07-26a725f37b5d","local_time":"20210219091546","daily_mods":["SealedDeck","Heirloom","Flight","DeadlyEvents","Elite Swarm"],"is_ascension_mode":true,"campfire_choices":[{"data":"SoulSculpture","floor":7,"key":"SMITH"},{"data":"Dilation","floor":12,"key":"SMITH"},{"data":"SoulSculpture","floor":15,"key":"SMITH"},{"data":"Dilation","floor":24,"key":"SMITH"},{"data":"SilverMatrix","floor":32,"key":"SMITH"},{"data":"Dilation","floor":49,"key":"SMITH"}],"circlet_count":0,"master_deck":["Rearm","Orbit+1","GearUp","Defy","BottledTime","Deadline","ShatteredReality+1","ShatteredReality+1","Alleviate","Sabotage","ShatteredReality+1","SoulSculpture+1","SoulSculpture+1","TheWorld+1","Dilation+1","Dilation+1","Dilation+1","FlawlessForm","SilverMatrix+1","Sunlight+1","Dilation+1"],"relics":["Uniform","Dota2Spire:Mjollnir","Dota2Spire:HandOfMidas","Dota2Spire:EyeOfSkadi","Replay:Accelerometer","champ:DeflectingBracers","Bag of Preparation","Dota2Spire:Dagon","PreservedInsect","Black Star","PureWhite:ReiMu","Dota2Spire:CrimsonGuard","Singing Bowl","Sundial","Meat on the Bone","Replay:Towering Pillar of Hats","Pocketwatch","Dota2Spire:OctarineCore","Slimebound:PreparedRelic","Torii","ReplayTheSpireMod:TigerMarble","Akabeko","Darkstone Periapt","Dota2Spire:LinkenSphere","Broom","Dota2Spire:DivineRapier","Ice Cream","Philosopher\u0027s Stone","Dota2Spire:AghanimScepter","Dota2Spire:AssaultCuirass","Guardian:PocketSentry","Guardian:BottledAnomaly","Ancient Tea Set","Blue Doll","Dota2Spire:ShadowBlade","Slimebound:StickyStick","Blood Vial","Replay:Bottled Eggs","Dota2Spire:PowerTreads","TheAbacus","Happy Flower","Blue Candle","Dota2Spire:Vanguard","Guide Book","Bag of Marbles","champ:DuelingGlove","RomanBracelet","Bird Faced Urn","Whetstone","Dota2Spire:Satanic"],"acts_visited":["Exordium","TheCity","TheBeyond"],"potions_floor_usage":[],"damage_taken":[{"damage":0,"enemies":"2 Louse","floor":1,"turns":1},{"damage":0,"enemies":"Cultist","floor":4,"turns":2},{"damage":0,"enemies":"Jaw Worm","floor":5,"turns":3},{"damage":0,"enemies":"Gremlin Nob","floor":6,"turns":2},{"damage":0,"enemies":"3 Sentries","floor":8,"turns":2},{"damage":0,"enemies":"Gremlin Nob","floor":10,"turns":2},{"damage":0,"enemies":"3 Sentries","floor":11,"turns":3},{"damage":0,"enemies":"HollowMod:MossKnight","floor":13,"turns":2},{"damage":0,"enemies":"Hexaghost","floor":16,"turns":4},{"damage":0,"enemies":"2 Thieves","floor":18,"turns":2},{"damage":0,"enemies":"Cultist and Chosen","floor":21,"turns":2},{"damage":0,"enemies":"Book of Stabbing","floor":23,"turns":2},{"damage":0,"enemies":"Gremlin Leader","floor":25,"turns":3},{"damage":0,"enemies":"HollowMod:Nosk","floor":27,"turns":3},{"damage":0,"enemies":"Replay:Snechameleon","floor":28,"turns":2},{"damage":0,"enemies":"Book of Stabbing","floor":29,"turns":2},{"damage":0,"enemies":"Replay:Snechameleon","floor":30,"turns":1},{"damage":0,"enemies":"Slavers","floor":31,"turns":1},{"damage":0,"enemies":"Champ","floor":33,"turns":3},{"damage":0,"enemies":"Orb Walker","floor":35,"turns":1},{"damage":0,"enemies":"R_Hoarder","floor":39,"turns":1},{"damage":0,"enemies":"Reptomancer","floor":40,"turns":1},{"damage":0,"enemies":"Giant Head","floor":41,"turns":1},{"damage":0,"enemies":"R_Hoarder","floor":44,"turns":1},{"damage":0,"enemies":"Reptomancer","floor":46,"turns":2},{"damage":0,"enemies":"Nemesis","floor":47,"turns":1},{"damage":0,"enemies":"Giant Head","floor":48,"turns":2},{"damage":0,"enemies":"Time Eater","floor":50,"turns":3}],"seed_played":"-2587381917608242047","potions_obtained":[{"floor":1,"key":"AttackPotion"},{"floor":4,"key":"DuplicationPotion"},{"floor":6,"key":"Ancient Potion"}],"is_trial":true,"path_per_floor":["M","?","?","M","M","E","R","E","T","E","E","R","E","?","R","B",null,"M","?","$","M","T","E","R","E","T","E","E","E","E","E","R","B",null,"M","T","?","$","E","E","E","$","T","E","$","E","E","E","R","B",null],"character_chosen":"THE_SERVANT","items_purchased":["PureWhite:ReiMu","Dota2Spire:AssaultCuirass","Guardian:PocketSentry","Guardian:BottledAnomaly","Dota2Spire:PowerTreads","TheAbacus","Guide Book"],"campfire_rested":0,"item_purchase_floors":[20,38,38,38,42,42,45],"current_hp_per_floor":[65,65,65,65,65,65,65,70,70,70,70,70,70,67,67,67,70,70,70,70,70,70,70,70,72,72,72,74,76,76,78,78,80,80,82,82,82,82,84,86,88,88,88,90,90,90,92,92,92,92],"gold":192,"neow_bonus":"","is_daily":false,"chose_seed":false,"campfire_upgraded":6,"win_rate":0.0,"timestamp":1613697346,"path_taken":["M","?","?","?","?","E","R","E","T","E","?","R","E","?","R","BOSS","M","?","$","M","?","E","R","E","T","E","E","?","E","E","R","BOSS","M","?","?","$","?","E","E","$","T","E","?","E","E","E","R","BOSS"],"items_purchased_type":["Relic","Relic","Relic","Relic","Relic","Relic","Relic"],"build_version":"2020-12-22","purchased_purges":0,"victory":true,"max_hp_per_floor":[65,65,65,65,65,65,65,70,70,70,70,70,70,70,70,70,70,70,70,70,70,70,70,70,72,72,72,74,76,76,78,78,80,80,82,82,82,82,84,86,88,88,88,90,90,90,92,92,92,92],"card_choices":[{"not_picked":["Moonlight","Deadline"],"picked":"Sabotage","floor":1},{"not_picked":["DoubleEdge","Ricochet","Rearm"],"picked":"SKIP","floor":4},{"not_picked":["Ricochet","WasteNot","Snipe"],"picked":"SKIP","floor":5},{"not_picked":["Solidify","Initiator"],"picked":"SoulSculpture","floor":6},{"not_picked":["Duplication","Initiator"],"picked":"SoulSculpture","floor":8},{"not_picked":["PendulumOfEternity","TrueSight"],"picked":"TheWorld","floor":10},{"not_picked":["Duplication","TrueSight"],"picked":"Dilation","floor":11},{"not_picked":["FloweringNight","ForgedInTime","KillingDoll"],"picked":"SKIP","floor":13},{"not_picked":["LightFlow","Initiator"],"picked":"Dilation","floor":16},{"not_picked":["Read+1","Spin","Rearm"],"picked":"SKIP","floor":18},{"not_picked":["Revamp+1","DoubleEdge+1","FastForward"],"picked":"SKIP","floor":21},{"not_picked":["MurderousAura","Sunlight"],"picked":"Dilation","floor":23},{"not_picked":["Solidify","FloweringNight","Deny"],"picked":"Singing Bowl","floor":25},{"not_picked":["SilverMatrix","Sunlight"],"picked":"FlawlessForm","floor":27},{"not_picked":["Solidify","Dilation","SilverMatrix"],"picked":"Singing Bowl","floor":28},{"not_picked":["Duplication","FloweringNight","FlawlessForm"],"picked":"Singing Bowl","floor":29},{"not_picked":["FlawlessForm","ForgedInTime"],"picked":"SilverMatrix","floor":30},{"not_picked":["Dilation","Duplication","MurderousAura"],"picked":"Singing Bowl","floor":31},{"not_picked":["Deny","LightFlow","ForgedInTime"],"picked":"Singing Bowl","floor":33},{"not_picked":["BottledTime","Moonlight+1","Revamp"],"picked":"Singing Bowl","floor":35},{"not_picked":["Duplication","Sunlight","PendulumOfEternity"],"picked":"Singing Bowl","floor":39},{"not_picked":["TheWorld","KillingDoll","Duplication"],"picked":"Singing Bowl","floor":40},{"not_picked":["KillingDoll","ForgedInTime","Deny"],"picked":"Singing Bowl","floor":41},{"not_picked":["Duplication","MurderousAura","Sunlight"],"picked":"Singing Bowl","floor":44},{"not_picked":["ForgedInTime","Dilation"],"picked":"Sunlight","floor":46},{"not_picked":["KillingDoll","FloweringNight","PendulumOfEternity"],"picked":"Singing Bowl","floor":47},{"not_picked":["SoulSculpture","Solidify"],"picked":"Dilation","floor":48}],"player_experience":2169074,"relics_obtained":[{"floor":6,"key":"Dota2Spire:HandOfMidas"},{"floor":8,"key":"Dota2Spire:EyeOfSkadi"},{"floor":9,"key":"Replay:Accelerometer"},{"floor":10,"key":"champ:DeflectingBracers"},{"floor":11,"key":"Bag of Preparation"},{"floor":13,"key":"Dota2Spire:Dagon"},{"floor":22,"key":"Dota2Spire:CrimsonGuard"},{"floor":23,"key":"Singing Bowl"},{"floor":23,"key":"Sundial"},{"floor":25,"key":"Meat on the Bone"},{"floor":25,"key":"Replay:Towering Pillar of Hats"},{"floor":26,"key":"Pocketwatch"},{"floor":27,"key":"Dota2Spire:OctarineCore"},{"floor":27,"key":"Slimebound:PreparedRelic"},{"floor":28,"key":"Torii"},{"floor":28,"key":"ReplayTheSpireMod:TigerMarble"},{"floor":29,"key":"Akabeko"},{"floor":29,"key":"Darkstone Periapt"},{"floor":30,"key":"Dota2Spire:LinkenSphere"},{"floor":30,"key":"Broom"},{"floor":31,"key":"Dota2Spire:DivineRapier"},{"floor":31,"key":"Ice Cream"},{"floor":36,"key":"Dota2Spire:AghanimScepter"},{"floor":39,"key":"Ancient Tea Set"},{"floor":39,"key":"Blue Doll"},{"floor":40,"key":"Dota2Spire:ShadowBlade"},{"floor":40,"key":"Slimebound:StickyStick"},{"floor":41,"key":"Blood Vial"},{"floor":41,"key":"Replay:Bottled Eggs"},{"floor":43,"key":"Happy Flower"},{"floor":44,"key":"Blue Candle"},{"floor":44,"key":"Dota2Spire:Vanguard"},{"floor":46,"key":"Bag of Marbles"},{"floor":46,"key":"champ:DuelingGlove"},{"floor":47,"key":"RomanBracelet"},{"floor":47,"key":"Bird Faced Urn"},{"floor":48,"key":"Whetstone"},{"floor":48,"key":"Dota2Spire:Satanic"}],"event_choices":[{"cards_removed":["Defy"],"damage_healed":0,"gold_gain":0,"player_choice":"Give","damage_taken":0,"max_hp_gain":0,"max_hp_loss":0,"event_name":"betterNote:BetterNote","floor":3,"gold_loss":0,"cards_obtained":["Strike_S"]},{"damage_healed":0,"gold_gain":0,"player_choice":"Success","damage_taken":3,"relics_obtained":["PreservedInsect"],"max_hp_gain":0,"max_hp_loss":0,"event_name":"Scrap Ooze","floor":14,"gold_loss":0},{"damage_healed":0,"gold_gain":0,"player_choice":"Ignored","damage_taken":0,"max_hp_gain":0,"max_hp_loss":0,"event_name":"Transmorgrifier","floor":37,"gold_loss":0}],"is_beta":false,"boss_relics":[{"not_picked":["Astrolabe","Busted Crown"],"picked":"Black Star"},{"not_picked":["SplendidAttire","Replay:Bronze Core"],"picked":"Philosopher\u0027s Stone"}],"items_purged_floors":[],"is_endless":false,"potions_floor_spawned":[1,4,6,23,25,28,31,33,35,40],"ascension_level":1}}