{"host":"82qk6ob05uum3zoi","time":1613697413,"event":{"mods":["BaseMod","BetterRewards","Minty Spire (QoL Compilation)","Reliquary","Shade Mod","StSLib","The Alterego","The Cursed","The Druid","The Servant 0.9.4"],"gold_per_floor":[111,111,136,155,135,135,188,213,238,238,270,295,338,338,338,478,478,506,503,530,530,530],"floor_reached":21,"language":"ENG","playtime":808,"items_purged":[],"score":222,"play_id":"067ed36a-ca35-45bb-8567-f9b776953a45","local_time":"20210219141653","is_ascension_mode":true,"campfire_choices":[{"floor":6,"key":"RECALL"},{"data":"Neutralize","floor":10,"key":"SMITH"},{"floor":15,"key":"REST"}],"circlet_count":0,"master_deck":["Strike_G","Strike_G","Strike_G","Strike_G","Strike_G","Defend_G","Defend_G","Defend_G","Defend_G","Defend_G","Survivor","Neutralize+1","Poisoned Stab","Poisoned Stab","Dash","Slice","Deflect","Backstab","Blur","Catalyst","Phantasmal Killer","Dash","Backflip+1","Slice"],"relics":["Ring of the Snake","Golden Idol","CeramicFish","Akabeko","SlaversCollar"],"acts_visited":["Exordium","TheCity"],"potions_floor_usage":[7,7,7,16,16,16,18],"damage_taken":[{"damage":4,"enemies":"Jaw Worm","floor":1,"turns":4},{"damage":1,"enemies":"Cultist","floor":3,"turns":4},{"damage":0,"enemies":"2 Louse","floor":4,"turns":2},{"damage":2,"enemies":"Gremlin Nob","floor":7,"turns":4},{"damage":4,"enemies":"Red Slaver","floor":8,"turns":4},{"damage":1,"enemies":"Looter","floor":11,"turns":2},{"damage":4,"enemies":"Blue Slaver","floor":12,"turns":3},{"damage":7,"enemies":"3 Sentries","floor":13,"turns":9},{"damage":5,"enemies":"Slime Boss","floor":16,"turns":6},{"damage":34,"enemies":"Shell Parasite","floor":18,"turns":7},{"damage":6,"enemies":"2 Thieves","floor":19,"turns":4},{"damage":29,"enemies":"Snake Plant","floor":20,"turns":5},{"damage":9,"enemies":"Shelled Parasite and Fungi","floor":21,"turns":1}],"seed_played":"-2215533828081903690","potions_obtained":[{"floor":3,"key":"PowerPotion"},{"floor":4,"key":"Strength Potion"},{"floor":5,"key":"Regen Potion"},{"floor":8,"key":"Poison Potion"},{"floor":14,"key":"AttackPotion"},{"floor":14,"key":"CunningPotion"},{"floor":16,"key":"PowerPotion"},{"floor":20,"key":"Strength Potion"}],"is_trial":false,"path_per_floor":["M","?","M","M","?","R","E","M","T","R","M","M","E","?","R","B",null,"M","M","M","M"],"character_chosen":"THE_SILENT","items_purchased":[],"campfire_rested":1,"item_purchase_floors":[],"current_hp_per_floor":[73,54,53,53,53,53,63,59,59,59,58,54,47,47,70,65,77,43,37,8,0,0],"gold":530,"neow_bonus":"TEN_PERCENT_HP_BONUS","is_daily":false,"chose_seed":false,"campfire_upgraded":1,"win_rate":0.0,"timestamp":1613697413,"path_taken":["M","?","M","M","?","R","E","M","T","R","?","M","E","?","R","BOSS","M","M","M","M"],"items_purchased_type":[],"build_version":"2020-12-22","purchased_purges":0,"victory":false,"max_hp_per_floor":[77,77,77,77,77,77,77,77,77,77,77,77,77,77,77,77,77,77,77,77,77,77],"card_choices":[{"not_picked":["Deflect","Concentrate"],"picked":"Poisoned Stab","floor":1},{"not_picked":["Prepared","Caltrops"],"picked":"Poisoned Stab","floor":3},{"not_picked":["Sucker Punch","Well Laid Plans"],"picked":"Dash","floor":4},{"not_picked":["Wraith Form v2","Riddle With Holes"],"picked":"Slice","floor":7},{"not_picked":["Dodge and Roll","Acrobatics"],"picked":"Deflect","floor":8},{"not_picked":["Outmaneuver","Eviscerate"],"picked":"Backstab","floor":11},{"not_picked":["Slice","Flying Knee"],"picked":"Blur","floor":12},{"not_picked":["Eviscerate","Dodge and Roll"],"picked":"Catalyst","floor":13},{"not_picked":["Wraith Form v2","Malaise"],"picked":"Phantasmal Killer","floor":16},{"not_picked":["Deflect","Bane"],"picked":"Dash","floor":18},{"not_picked":["Blade Dance+1","Caltrops"],"picked":"Backflip+1","floor":19},{"not_picked":["Escape Plan","Prepared"],"picked":"Slice","floor":20}],"player_experience":446062,"relics_obtained":[{"floor":7,"key":"CeramicFish"},{"floor":13,"key":"Akabeko"}],"event_choices":[{"damage_healed":0,"gold_gain":0,"player_choice":"Take Damage","damage_taken":19,"relics_obtained":["Golden Idol"],"max_hp_gain":0,"max_hp_loss":0,"event_name":"Golden Idol","floor":2,"gold_loss":0},{"damage_healed":0,"gold_gain":0,"player_choice":"Bought 1 Potion","damage_taken":0,"max_hp_gain":0,"max_hp_loss":0,"event_name":"The Woman in Blue","floor":5,"gold_loss":0},{"damage_healed":0,"gold_gain":0,"player_choice":"Got Potions","damage_taken":0,"max_hp_gain":0,"max_hp_loss":0,"event_name":"Lab","floor":14,"gold_loss":0}],"is_beta":false,"boss_relics":[{"not_picked":["reliquary:RedCape","reliquary:RustamsPendant"],"picked":"SlaversCollar"}],"items_purged_floors":[],"is_endless":false,"potions_floor_spawned":[3,4,8,16,20],"killed_by":"Shelled Parasite and Fungi","ascension_level":3}}