{"host":"gm50ke85n5jz306u","time":1613704662,"event":{"mods":["AchievementEnabler","AlwaysNeverKeys","Aspiration","BaseMod","Bestiary","Better Altar","Better Match","Better Note","Better Sensory Stone","Better Skull","Better Third Choice","Better Vampires","Better-Laid Plans","BetterRewards","Colored Powertips","Curses Come First","DNKmod","Decade(???)","Defuse TimeMaze Blight","Disable Question Mark Monsters","Displayed Cursed Tome","Downfall","Duelist Mod","Emptier Cage","Extra Virgin Snecko Oil","Filter the Spire","Friendly Minions","Gremlin Skip","Hermit","Hubris","Hyrulean Relics","Ironclad Rager","Jorbs\u0027s Wanderer Trilogy","KinomotoSakuraMod(????)","Koishi","Lobotomy","Marisa????????","Marked Mod","Minty Spire (QoL Compilation)","Permanent Neow","Poor People Problems","Quick Restart","Reimu??????","Relic Filter Mod","Relic Sorter","Remilia??????","Remove Card Discount Mod","Reorder Act Four","Replay The Spire","Shop Mod","StSLib","Synergy Search","Td1madao Mod","The Administrix","The Animator","The Blue Laboratory","The Bug Knight","The Construct","The Cursed","The Disciple","The Hierophant","The Necromancer","The Poker Player","The Runesmith","The Senshi","The Servant 0.9.4","Thieving Mod","Transform Curses","WarShipGirlsR/????R mod","Youmu??????"],"gold_per_floor":[1012,557,557,732,515,549,564,564,564,564,564,576,596,614,614,715,765,779,779,798,182,197,209,241,241,322,322,322,322,333,263,263,364,364,384,214,231,247,260,260,270,297,369,369,404,404,437,437,437,437,437,278,278,311,311],"floor_reached":56,"language":"ENG","playtime":5578,"items_purged":["rmod:basicallowance","Burn","Doubt","rmod:circuitoustactics","rmod:strick","rmod:strick","rmod:strick","rmod:maingunfire","rmod:defend","rmod:defend","rmod:defend","rmod:defend","rmod:wife+1","rmod:mineteam+1","rmod:unsinkable+1"],"score":1305,"play_id":"fea72592-bd1a-45d2-b3ab-ac317c5434c0","local_time":"20210219041742","is_ascension_mode":false,"campfire_choices":[{"data":"rmod:expedition","floor":8.0,"key":"SMITH"},{"data":"Blind","floor":10.0,"key":"SMITH"},{"data":"rmod:wife","floor":15.0,"key":"SMITH"},{"data":"rmod:expedition+1","floor":25.0,"key":"SMITH"},{"data":"rmod:expedition+2","floor":27.0,"key":"SMITH"},{"data":"rmod:expedition","floor":32.0,"key":"SMITH"},{"data":"rmod:expedition+1","floor":40.0,"key":"SMITH"},{"data":"rmod:secretscript","floor":44.0,"key":"SMITH"},{"data":"rmod:expedition+2","floor":46.0,"key":"SMITH"},{"floor":49.0,"key":"REST"},{"floor":53.0,"key":"REST"}],"circlet_count":0,"master_deck":["rmod:expedition+3","Blind+1","rmod:mineteam+1","rmod:circuitoustactics+1","rmod:robin+1","rmod:expeditionaryescort+1","rmod:heivgo+1","rmod:circuitoustactics+1","rmod:unsinkable+1","rmod:robin+1","rmod:unsinkable+1","rmod:expedition+3","rmod:secretscript+1","rmod:victimresponsibility+1","rmod:victimresponsibility+1"],"relics":["rmod:firstchargereward","Runesmith:AutoHammer","MerchantsRug","Blue Doll","MealTicket","PreservedInsect","ReplayFunnel","Tiny House","NlothsMask","ClockworkSouvenir","hubris:Spice","Meat on the Bone","Medical Kit","Bottled Lightning","Question Card","Orichalcum","Potion Belt","Mark of the Bloom","Replay:Rubber Ducky","theSenshi:SailorFukuRelic"],"acts_visited":["Exordium","TheCity","TheBeyond","TheEnding"],"potions_floor_usage":[54,54,54,55],"damage_taken":[{"damage":0.0,"enemies":"Jaw Worm","floor":1.0,"turns":4.0},{"damage":31.0,"enemies":"Gremlin Nob","floor":6.0,"turns":4.0},{"damage":2.0,"enemies":"2 Louse","floor":7.0,"turns":3.0},{"damage":0.0,"enemies":"Cultist","floor":12.0,"turns":4.0},{"damage":1.0,"enemies":"Blue Slaver","floor":13.0,"turns":4.0},{"damage":4.0,"enemies":"3 Louse","floor":14.0,"turns":10.0},{"damage":26.0,"enemies":"Fading Forest","floor":16.0,"turns":11.0},{"damage":26.0,"enemies":"Spheric Guardian","floor":18.0,"turns":7.0},{"damage":10.0,"enemies":"Shelled Parasite and Fungi","floor":20.0,"turns":6.0},{"damage":0.0,"enemies":"Snecko","floor":22.0,"turns":6.0},{"damage":0.0,"enemies":"Snake Plant","floor":23.0,"turns":7.0},{"damage":10.0,"enemies":"Book of Stabbing","floor":24.0,"turns":7.0},{"damage":1.0,"enemies":"Centurion and Healer","floor":30.0,"turns":6.0},{"damage":12.0,"enemies":"hubris:MusketHawk","floor":33.0,"turns":6.0},{"damage":7.0,"enemies":"3 Darklings","floor":35.0,"turns":6.0},{"damage":17.0,"enemies":"3 Shapes","floor":37.0,"turns":5.0},{"damage":0.0,"enemies":"Spire Growth","floor":38.0,"turns":6.0},{"damage":8.0,"enemies":"Maw","floor":39.0,"turns":5.0},{"damage":11.0,"enemies":"Transient","floor":41.0,"turns":5.0},{"damage":9.0,"enemies":"Giant Head","floor":42.0,"turns":5.0},{"damage":8.0,"enemies":"R_Hoarder","floor":45.0,"turns":7.0},{"damage":0.0,"enemies":"Giant Head","floor":47.0,"turns":5.0},{"damage":20.0,"enemies":"Donu and Deca","floor":50.0,"turns":7.0},{"damage":12,"enemies":"Shield and Spear","floor":54,"turns":4},{"damage":13,"enemies":"The Heart","floor":55,"turns":8}],"seed_played":"-5566150066641899476","potions_obtained":[{"floor":1.0,"key":"Block Potion"},{"floor":6.0,"key":"champ:CounterPotion"},{"floor":7.0,"key":"blueLaboratory:ExaltedPotion"},{"floor":16.0,"key":"Ancient Potion"},{"floor":24.0,"key":"ZuzhouPotion:ReiMu"},{"floor":33.0,"key":"blueLaboratory:LouseDecoction"},{"floor":41.0,"key":"blueLaboratory:FruitPreserves"},{"floor":47.0,"key":"LiquidBronze"},{"floor":54,"key":"Dexterity Potion"}],"is_trial":false,"path_per_floor":["M","$","?","?","$","E","M","R","T","R","?","M","M","M","R","B",null,"M","?","M","$","M","M","E","R","T","R","?","T","M","$","R","B",null,"M","$","M","M","M","R","M","E","T","R","E","R","E","?","R","B",null,"$","R","E","B",null],"character_chosen":"PRAEFECT","items_purchased":["rmod:expedition","PreservedInsect","Blind","MerchantsRug","rmod:mineteam","Blue Doll","ClockworkSouvenir","hubris:Spice","rmod:robin","rmod:mineteam","rmod:expedition","rmod:unsinkable","Medical Kit","Replay:Rubber Ducky"],"campfire_rested":2,"item_purchase_floors":[2,2,2,2,5,5,21,21,21,21,31,36,36,52],"current_hp_per_floor":[75,75,75,75,75,44,42,42,42,42,42,42,41,37,37,11,80,54,54,44,67,67,67,57,57,57,57,57,57,56,71,71,59,88,81,88,71,71,63,63,52,55,55,55,47,47,47,47,47,27,27,27,27,15,2],"gold":311,"neow_bonus":"THREE_CARDS","is_daily":false,"chose_seed":false,"campfire_upgraded":9,"win_rate":0.0,"timestamp":1613704662,"path_taken":["M","$","?","?","$","E","M","R","T","R","?","?","M","M","R","BOSS","M","?","M","$","M","M","E","R","T","R","?","?","?","$","R","BOSS","BOSS","M","$","M","M","M","R","M","E","T","R","E","R","E","?","R","BOSS","$","R","E","BOSS"],"items_purchased_type":["Card","Relic","Card","Relic","Card","Relic","Relic","Relic","Card","Card","Card","Card","Relic","Relic"],"build_version":"2020-12-22","purchased_purges":15,"victory":true,"max_hp_per_floor":[75,75,75,75,75,75,75,75,75,75,75,75,75,75,75,75,80,80,80,80,88,88,88,88,88,88,88,88,88,88,88,88,88,88,88,88,88,88,88,88,88,88,88,88,88,88,88,88,88,88,88,88,88,88,88],"card_choices":[{"not_picked":["rmod:intelligenceanalysis","rmod:luckystar"],"picked":"rmod:circuitoustactics","floor":0.0},{"not_picked":["rmod:spoils","rmod:maintain","rmod:luckystar"],"picked":"SKIP","floor":1.0},{"not_picked":["rmod:steelsupply","rmod:garrisonisland"],"picked":"rmod:circuitoustactics","floor":6.0},{"not_picked":["rmod:steelsupply","rmod:goodfighter"],"picked":"rmod:robin","floor":7.0},{"not_picked":["rmod:circuitoustactics","rmod:fletcherpendant","rmod:garrisonisland"],"picked":"SKIP","floor":12.0},{"not_picked":["rmod:salvage","rmod:firesupport","rmod:guardianhero"],"picked":"SKIP","floor":13.0},{"not_picked":["rmod:chargemoney","rmod:fuelsupply"],"picked":"rmod:wife","floor":14.0},{"not_picked":["rmod:supriseattacks","rmod:acesubmarine"],"picked":"rmod:expeditionaryescort","floor":16.0},{"not_picked":["rmod:generalist","rmod:supportescort"],"picked":"rmod:heivgo","floor":17.0},{"not_picked":["rmod:diamondstrike+1","rmod:guardianhero"],"picked":"rmod:circuitoustactics+1","floor":18.0},{"not_picked":["rmod:fletcherpendant+1","rmod:slowdown"],"picked":"rmod:unsinkable","floor":20.0},{"not_picked":["rmod:diamondstrike","rmod:intelligenceanalysis","rmod:fuelsupply"],"picked":"SKIP","floor":22.0},{"not_picked":["rmod:steelsupply","rmod:mineteam","rmod:fletcherpendant+1"],"picked":"SKIP","floor":23.0},{"not_picked":["rmod:fletcherpendant","rmod:circuitoustactics","rmod:punchline"],"picked":"SKIP","floor":24.0},{"not_picked":["rmod:firesupport+1","rmod:aluminumsupply"],"picked":"rmod:unsinkable","floor":30.0},{"not_picked":["rmod:abidefaith","rmod:fletcher"],"picked":"rmod:secretscript","floor":33.0},{"not_picked":["rmod:gendarmerie+1","rmod:supportescort"],"picked":"rmod:victimresponsibility","floor":35.0},{"not_picked":["rmod:fuelsupply","rmod:tearstotiara"],"picked":"rmod:victimresponsibility","floor":37.0},{"not_picked":["rmod:generalist+1","rmod:aluminumsupply","rmod:fletcherpendant"],"picked":"SKIP","floor":38.0},{"not_picked":["rmod:supportescort","rmod:luckystar","rmod:heivgo"],"picked":"SKIP","floor":39.0},{"not_picked":["rmod:supportescort","rmod:luckystar","rmod:heivgo"],"picked":"SKIP","floor":39.0},{"not_picked":["rmod:firesupport","rmod:luckystar+1","rmod:fuelsupply+1"],"picked":"SKIP","floor":41.0},{"not_picked":["rmod:desperatesituation","rmod:fuelsupply+1","rmod:lonelyqueen"],"picked":"SKIP","floor":42.0},{"not_picked":["rmod:circuitoustactics","rmod:bulid+1","rmod:diamondstrike","rmod:spoils"],"picked":"SKIP","floor":45.0},{"not_picked":["rmod:steelsupply","rmod:salvage+1","rmod:mineteam","rmod:wolves"],"picked":"SKIP","floor":47.0},{"not_picked":["rmod:seals","rmod:wife+1","rmod:luckystar","rmod:chargemoney+1"],"picked":"SKIP","floor":54}],"player_experience":284534,"relics_obtained":[{"floor":6.0,"key":"MealTicket"},{"floor":9.0,"key":"ReplayFunnel"},{"floor":24.0,"key":"Runesmith:AutoHammer"},{"floor":29.0,"key":"Meat on the Bone"},{"floor":42.0,"key":"Bottled Lightning"},{"floor":43.0,"key":"Question Card"},{"floor":45.0,"key":"Orichalcum"},{"floor":47.0,"key":"Potion Belt"},{"floor":54,"key":"theSenshi:SailorFukuRelic"}],"event_choices":[{"damage_healed":75.0,"max_hp_gain":0.0,"max_hp_loss":75.0,"gold_gain":0.0,"event_name":"betterThird:BetterShining","player_choice":"Embrace Burn","floor":3.0,"gold_loss":0.0,"damage_taken":0.0},{"damage_healed":0.0,"max_hp_gain":0.0,"max_hp_loss":0.0,"gold_gain":175.0,"event_name":"betterThird:BetterSerpent","player_choice":"AGREE","floor":4.0,"gold_loss":0.0,"damage_taken":557.0},{"cards_removed":["rmod:strick"],"damage_healed":0.0,"max_hp_gain":0.0,"max_hp_loss":0.0,"gold_gain":0.0,"event_name":"Bonfire Elementals","player_choice":"Offered Basic","floor":11.0,"gold_loss":0.0,"damage_taken":0.0},{"damage_healed":0.0,"max_hp_gain":0.0,"max_hp_loss":0.0,"gold_gain":0.0,"event_name":"FaceTrader","player_choice":"Trade","floor":19.0,"gold_loss":0.0,"damage_taken":0.0,"relics_obtained":["NlothsMask"]},{"damage_healed":0.0,"max_hp_gain":0.0,"max_hp_loss":0.0,"gold_gain":0.0,"event_name":"betterNote:BetterNote","player_choice":"Ignored","floor":28.0,"gold_loss":0.0,"damage_taken":0.0,"cards_obtained":["Apotheosis"]},{"damage_healed":0.0,"max_hp_gain":0.0,"max_hp_loss":0.0,"gold_gain":0.0,"event_name":"MindBloom","player_choice":"Upgrade","floor":48.0,"gold_loss":0.0,"damage_taken":0.0,"cards_upgraded":["rmod:mineteam","rmod:circuitoustactics","rmod:expeditionaryescort","rmod:heivgo","rmod:unsinkable","rmod:robin","rmod:mineteam","rmod:unsinkable","rmod:victimresponsibility","rmod:unsinkable","rmod:victimresponsibility"],"relics_obtained":["Mark of the Bloom"]}],"is_beta":false,"boss_relics":[{"not_picked":["Snecko Eye","aspiration:WatcherSkillbook"],"picked":"Tiny House"},{"not_picked":["Honey Jar","hubris:CrackedHourglass","Coffee Dripper"]}],"items_purged_floors":[2,5,5,21,21,21,21,21,31,36,36,36,36,52,52],"is_endless":false,"potions_floor_spawned":[1,6,7,16,18,24,33,38,41,47,54],"ascension_level":0}}