{"host":"816bteb5gqmgsfcc","time":1613774233,"event":{"mods":["BaseMod","Minty Spire (QoL Compilation)"],"gold_per_floor":[117,117,130,157,176,176,205,205,283,293,311,311,325,325,325,428,428,441,456,191,191,191,191,223,240,264,289,309,309,309,7,7,102,102,120,120,39,39,50,97,97,97,97,97,97],"floor_reached":44,"language":"ENG","playtime":2127,"items_purged":["Defend_B","Strike_B"],"score":469,"play_id":"f6a06a16-5d95-42a6-90ba-a0efac3a5c1f","local_time":"20210219163713","is_ascension_mode":false,"campfire_choices":[{"data":"Gash","floor":6,"key":"SMITH"},{"data":"Beam Cell","floor":8,"key":"SMITH"},{"floor":15,"key":"REST"},{"floor":29,"key":"REST"},{"data":"Gash","floor":32,"key":"SMITH"},{"floor":41,"key":"REST"}],"circlet_count":0,"master_deck":["Strike_B","Strike_B","Defend_B","Defend_B","Gash+1","Beam Cell+1","Rip and Tear","All For One","Steam","Go for the Eyes","Gash+1","BootSequence+1","Reboot+1","Machine Learning","Go for the Eyes+1","Madness","Madness","FTL","Beam Cell+1"],"relics":["Cracked Core","Ginger","Orichalcum","Oddly Smooth Stone","Bottled Flame","Incense Burner","SlaversCollar","Medical Kit","Nunchaku","Lantern","WingedGreaves","Nilry\u0027s Codex","Blood Vial","Empty Cage","Emotion Chip","Darkstone Periapt"],"acts_visited":["Exordium","TheCity","TheBeyond"],"potions_floor_usage":[18,19,33,33,40,44],"damage_taken":[{"damage":1,"enemies":"Jaw Worm","floor":1,"turns":3},{"damage":1,"enemies":"Cultist","floor":3,"turns":3},{"damage":0,"enemies":"Small Slimes","floor":5,"turns":2},{"damage":32,"enemies":"3 Sentries","floor":7,"turns":6},{"damage":4,"enemies":"Looter","floor":10,"turns":2},{"damage":0,"enemies":"Large Slime","floor":11,"turns":3},{"damage":9,"enemies":"Exordium Thugs","floor":13,"turns":3},{"damage":32,"enemies":"Hexaghost","floor":16,"turns":9},{"damage":0,"enemies":"Spheric Guardian","floor":18,"turns":3},{"damage":8,"enemies":"2 Thieves","floor":19,"turns":3},{"damage":9,"enemies":"Book of Stabbing","floor":24,"turns":4},{"damage":17,"enemies":"3 Cultists","floor":25,"turns":5},{"damage":35,"enemies":"Slavers","floor":27,"turns":8},{"damage":6,"enemies":"Centurion and Healer","floor":28,"turns":4},{"damage":36,"enemies":"Collector","floor":33,"turns":7},{"damage":12,"enemies":"3 Darklings","floor":35,"turns":4},{"damage":18,"enemies":"3 Shapes","floor":39,"turns":5},{"damage":9,"enemies":"2 Orb Walkers","floor":40,"turns":4},{"damage":64,"enemies":"Reptomancer","floor":44,"turns":3}],"seed_played":"-847917253121189417","potions_obtained":[{"floor":1,"key":"FearPotion"},{"floor":3,"key":"FairyPotion"},{"floor":10,"key":"GamblersBrew"},{"floor":11,"key":"Energy Potion"},{"floor":18,"key":"Fire Potion"},{"floor":33,"key":"DuplicationPotion"},{"floor":35,"key":"ColorlessPotion"}],"is_trial":false,"path_per_floor":["M","?","M","T","M","R","E","R","T","M","M","?","M","?","R","B",null,"M","M","$","?","?","?","E","M","T","E","M","R","?","$","R","B",null,"M","?","$","?","M","?","R","?","T","E"],"character_chosen":"DEFECT","items_purchased":["Go for the Eyes","Medical Kit","Blood Vial","BlessingOfTheForge","FTL"],"campfire_rested":3,"item_purchase_floors":[20,20,31,31,37],"current_hp_per_floor":[81,81,80,80,80,80,48,48,48,44,44,37,28,28,52,20,82,82,74,74,74,74,74,65,48,48,13,7,31,15,15,15,6,82,70,60,60,60,44,37,61,61,61,0,0],"gold":97,"neow_bonus":"TEN_PERCENT_HP_BONUS","is_daily":false,"chose_seed":false,"campfire_upgraded":3,"win_rate":0.0,"timestamp":1613774233,"path_taken":["M","?","?","?","M","R","E","R","T","M","M","?","M","?","R","BOSS","M","M","$","?","?","?","E","M","T","E","?","R","?","$","R","BOSS","M","?","$","?","?","?","R","?","T","E"],"items_purchased_type":["Card","Relic","Relic","Potion","Card"],"build_version":"2020-12-22","purchased_purges":2,"victory":false,"max_hp_per_floor":[82,82,82,82,82,82,82,82,82,82,82,82,82,82,82,82,82,82,82,82,82,82,82,82,82,82,82,82,82,82,82,82,82,82,82,82,82,82,82,82,82,82,82,82,82],"card_choices":[{"not_picked":["Tempest","Darkness"],"picked":"Gash","floor":1},{"not_picked":["Sweeping Beam","Genetic Algorithm"],"picked":"Beam Cell","floor":3},{"not_picked":["Cold Snap","Barrage"],"picked":"Rip and Tear","floor":5},{"not_picked":["Barrage","Capacitor","Self Repair"],"picked":"SKIP","floor":7},{"not_picked":["Barrage","Conserve Battery","Capacitor"],"picked":"SKIP","floor":10},{"not_picked":["Hologram","Chaos","Leap"],"picked":"SKIP","floor":11},{"not_picked":["Barrage","Sunder","Sweeping Beam"],"picked":"SKIP","floor":13},{"not_picked":["Machine Learning","Electrodynamics"],"picked":"All For One","floor":16},{"not_picked":["Ball Lightning","Glacier"],"picked":"Steam","floor":18},{"not_picked":["Sweeping Beam+1","Steam","Compile Driver+1"],"picked":"SKIP","floor":19},{"not_picked":["Beam Cell","Hologram","Streamline"],"picked":"SKIP","floor":24},{"not_picked":["Go for the Eyes","Rebound"],"picked":"BootSequence+1","floor":25},{"not_picked":["Turbo","Defragment"],"picked":"Reboot","floor":27},{"not_picked":["Recycle","Streamline","Reprogram"],"picked":"SKIP","floor":28},{"not_picked":["Meteor Strike","Multi-Cast"],"picked":"Machine Learning","floor":33},{"not_picked":["Ball Lightning","Compile Driver"],"picked":"Go for the Eyes+1","floor":35},{"not_picked":["Go for the Eyes+1","Genetic Algorithm"],"picked":"Beam Cell+1","floor":39}],"player_experience":89696,"relics_obtained":[{"floor":4,"key":"Orichalcum"},{"floor":7,"key":"Oddly Smooth Stone"},{"floor":9,"key":"Bottled Flame"},{"floor":24,"key":"Nunchaku"},{"floor":26,"key":"Lantern"},{"floor":27,"key":"WingedGreaves"},{"floor":30,"key":"Nilry\u0027s Codex"},{"floor":40,"key":"Emotion Chip"},{"floor":43,"key":"Darkstone Periapt"}],"event_choices":[{"damage_healed":0,"gold_gain":0,"player_choice":"Gave Potion","damage_taken":0,"relics_obtained":["Ginger"],"max_hp_gain":0,"max_hp_loss":0,"event_name":"WeMeetAgain","floor":2,"gold_loss":0},{"damage_healed":0,"gold_gain":0,"player_choice":"Success","damage_taken":7,"relics_obtained":["Incense Burner"],"max_hp_gain":0,"max_hp_loss":0,"event_name":"Scrap Ooze","floor":12,"gold_loss":0},{"damage_healed":0,"gold_gain":0,"player_choice":"Ignored","damage_taken":0,"max_hp_gain":0,"max_hp_loss":0,"event_name":"Liars Game","floor":14,"gold_loss":0},{"damage_healed":0,"gold_gain":0,"player_choice":"Ignored","damage_taken":0,"max_hp_gain":0,"max_hp_loss":0,"event_name":"Ghosts","floor":21,"gold_loss":0},{"cards_removed":["Defend_B"],"damage_healed":0,"gold_gain":0,"player_choice":"Elegance","damage_taken":0,"max_hp_gain":0,"max_hp_loss":0,"event_name":"Back to Basics","floor":22,"gold_loss":0},{"damage_healed":0,"gold_gain":0,"player_choice":"Read","damage_taken":0,"max_hp_gain":0,"max_hp_loss":0,"event_name":"The Library","floor":23,"gold_loss":0,"cards_obtained":["Gash"]},{"damage_healed":0,"gold_gain":0,"player_choice":"Obtained Book","damage_taken":16,"max_hp_gain":0,"max_hp_loss":0,"event_name":"Cursed Tome","floor":30,"gold_loss":0},{"damage_healed":0,"gold_gain":0,"player_choice":"Embrace Madness","damage_taken":10,"max_hp_gain":0,"max_hp_loss":0,"event_name":"Winding Halls","floor":36,"gold_loss":0,"cards_obtained":["Madness","Madness"]},{"damage_healed":0,"gold_gain":0,"player_choice":"Forge","damage_taken":0,"max_hp_gain":0,"max_hp_loss":0,"event_name":"Accursed Blacksmith","floor":38,"gold_loss":0,"cards_upgraded":["Reboot"]},{"damage_healed":0,"gold_gain":0,"player_choice":"Fight","damage_taken":0,"max_hp_gain":0,"max_hp_loss":0,"event_name":"Mysterious Sphere","floor":40,"gold_loss":0},{"cards_removed":["Strike_B"],"damage_healed":0,"gold_gain":0,"player_choice":"Removed Attack","damage_taken":0,"max_hp_gain":0,"max_hp_loss":0,"event_name":"Falling","floor":42,"gold_loss":0}],"is_beta":false,"boss_relics":[{"not_picked":["Runic Dome","Astrolabe"],"picked":"SlaversCollar"},{"not_picked":["Runic Pyramid","Busted Crown"],"picked":"Empty Cage"}],"items_purged_floors":[20,31],"is_endless":false,"potions_floor_spawned":[1,3,10,11,18,33,35],"killed_by":"Reptomancer","ascension_level":0}}