{"host":"ibtxpp7hbhk6t4eo","time":1613703617,"event":{"mods":["Act Like it!","BaseMod","Gensokyo","Minty Spire (QoL Compilation)","MostiFishMod","Reimu£®≤©¿ˆ¡È√Œ£©","Relic Filter Mod","StSLib","The Cursed"],"gold_per_floor":[119,137,137,153,153,179,204,232,259,259,259,114,126,160,160,256,256,269,269,318,318,318,336,336,356,379,398,428,428,444,461,461,566,566,584,909,909,909,928,953,967,877,877,877,877,895,457,471,471,471,471,471,502,502],"floor_reached":56,"language":"ZHS","playtime":3149,"items_purged":["Pain","Dash","Defend_Lin:ReiMu","Defend_Lin:ReiMu"],"score":1577,"play_id":"e51da102-7437-4f4e-b834-b06557f28399","local_time":"20210219110017","is_ascension_mode":false,"campfire_choices":[{"data":"Gathering:ReiMu","floor":10,"key":"SMITH"},{"data":"SafetyPray:ReiMu","floor":15,"key":"SMITH"},{"data":"OctopathBindingBorder2:ReiMu","floor":24,"key":"SMITH"},{"floor":32,"key":"RECALL"},{"floor":49,"key":"REST"},{"data":"PrayRite:ReiMu","floor":52,"key":"SMITH"}],"circlet_count":0,"master_deck":["Strike_Lin:ReiMu","Strike_Lin:ReiMu","Strike_Lin:ReiMu","Strike_Lin:ReiMu","NB:ReiMu","Stagnation:ReiMu+1","Amulet:ReiMu","OrbThrow:ReiMu","Gathering:ReiMu+1","PrayRite:ReiMu","SafetyPray:ReiMu+1","OctopathBindingBorder2:ReiMu+1","SafetyPray:ReiMu","Jack Of All Trades","Panache","SafetyPray:ReiMu+1","CareerPray:ReiMu+1","PrayRite:ReiMu+1","AirStrike:ReiMu","Gensokyo:FourOfAKind","Gensokyo:FourOfAKind","Gensokyo:FourOfAKind","Gensokyo:FourOfAKind","Swift Strike+1","Sadistic Nature","FantasyMoon:ReiMu+1","FineLineFantasy:ReiMu+1","OctopathBindingBorder2:ReiMu","FantasyMoon:ReiMu","Meditation:ReiMu","OrbThrow:ReiMu","KamiRite:ReiMu+1","ForcedLanding:ReiMu+1","OctopathBindingBorder2:ReiMu","OctopathBindingBorder2:ReiMu+1","Gensokyo:CustomPotion","AlertArray:ReiMu"],"relics":["FlyPower:ReiMu","DaveBox","NeowsBlessing","RhineCircuit","SynthV:TestCard","Gensokyo:LunaticRedEyes","Gensokyo:OccultBall","Mastiff:ReiMu","Incense Burner","Tea:ReiMu","Toy Ornithopter","Gensokyo:PortableGap","DiscerningMonocle","CrazyTorch:ReiMu","Salt:ReiMu","Lantern","PatriotShield","OrangePellets","Akabeko","War Paint","SynthV:C4","Oddly Smooth Stone","Lee\u0027s Waffle","Question Card","Dream Catcher","JellyFishMachine","TentaclePot:ReiMu","Bottled Flame","Gremlin Horn","Matryoshka","Mummified Hand","Prayer Wheel","Shuriken","Technique","BirthdayGift-Tetrahedron","Medical Kit","Bottled Tornado"],"acts_visited":["Exordium","Gensokyo:Gensokyo","Gensokyo:Gensokyoer","TheEnding"],"potions_floor_usage":[7,41,55,55,55],"damage_taken":[{"damage":0,"enemies":"Gensokyo:Gryphon","floor":1,"turns":1},{"damage":0,"enemies":"Gensokyo:2_Kodama","floor":2,"turns":2},{"damage":1,"enemies":"Gensokyo:Python","floor":4,"turns":1},{"damage":9,"enemies":"Gensokyo:Aya","floor":6,"turns":8},{"damage":37,"enemies":"Gensokyo:Mamizou","floor":7,"turns":12},{"damage":2,"enemies":"Gensokyo:Mamizou","floor":8,"turns":4},{"damage":0,"enemies":"Gensokyo:LivingMonolith","floor":13,"turns":4},{"damage":0,"enemies":"Gensokyo:Aya","floor":14,"turns":5},{"damage":3,"enemies":"Gensokyo:Kokoro","floor":16,"turns":10},{"damage":0,"enemies":"Gensokyo:Chomper","floor":18,"turns":1},{"damage":0,"enemies":"Gensokyo:3_Dogs","floor":23,"turns":4},{"damage":0,"enemies":"Gensokyo:3_Gloops","floor":25,"turns":2},{"damage":0,"enemies":"Gensokyo:Mirror_and_Dog","floor":27,"turns":1},{"damage":0,"enemies":"Gensokyo:Reisen","floor":28,"turns":3},{"damage":0,"enemies":"Gensokyo:Slime_Group","floor":30,"turns":5},{"damage":0,"enemies":"Gensokyo:Chomper_and_Gloop","floor":31,"turns":3},{"damage":26,"enemies":"Gensokyo:Eternal_Rivals","floor":33,"turns":5},{"damage":0,"enemies":"Gensokyo:AncientGuardian","floor":35,"turns":1},{"damage":24,"enemies":"Gensokyo:3_Boulders","floor":36,"turns":2},{"damage":0,"enemies":"Gensokyo:AtlasGolem","floor":39,"turns":2},{"damage":0,"enemies":"Gensokyo:Marisa","floor":40,"turns":2},{"damage":0,"enemies":"Gensokyo:Marisa","floor":41,"turns":3},{"damage":0,"enemies":"Gensokyo:3_Boulders","floor":46,"turns":2},{"damage":0,"enemies":"Gensokyo:SeedOfUnknown","floor":48,"turns":1},{"damage":4,"enemies":"Gensokyo:Shinki","floor":50,"turns":3},{"damage":0,"enemies":"Shield and Spear","floor":54,"turns":1},{"damage":13,"enemies":"The Heart","floor":55,"turns":3}],"seed_played":"-9034156945124399631","potions_obtained":[{"floor":6,"key":"EssenceOfSteel"},{"floor":8,"key":"Energy Potion"},{"floor":13,"key":"BlessingOfTheForge"},{"floor":46,"key":"Regen Potion"}],"is_trial":false,"path_per_floor":["M","M","?","M","?","E","?","E","T","R","?","$","M","E","R","B",null,"M","?","T","?","$","M","R","M","T","M","E","$","M","M","R","B",null,"M","M","$","?","M","E","R","?","T","?","?","M","COS","M","R","B",null,"R","E","B",null],"character_chosen":"REIMU","items_purchased":["DiscerningMonocle","CrazyTorch:ReiMu","Salt:ReiMu","OctopathBindingBorder2:ReiMu","SafetyPray:ReiMu","Jack Of All Trades","Panache","OrangePellets","Akabeko","War Paint","Regen Potion","Swift Strike","Sadistic Nature","Lee\u0027s Waffle","Question Card","Dream Catcher","TentaclePot:ReiMu","Bottled Flame","Gremlin Horn"],"campfire_rested":1,"item_purchase_floors":[12,12,12,12,12,12,12,22,22,22,22,22,22,29,29,29,37,37,37],"current_hp_per_floor":[65,65,65,64,64,55,18,16,16,16,16,16,16,16,16,14,59,59,59,59,42,42,42,42,42,42,42,42,49,49,49,49,23,49,49,25,25,25,25,25,30,30,30,21,21,21,21,21,35,31,49,46,46,44],"gold":502,"neow_bonus":"THREE_ENEMY_KILL","is_daily":false,"chose_seed":false,"campfire_upgraded":4,"win_rate":0.0,"timestamp":1613703617,"path_taken":["M","M","?","?","?","E","?","E","T","R","?","$","?","E","R","BOSS","M","?","?","?","$","?","R","M","T","M","E","$","M","?","R","BOSS","M","M","$","?","?","E","R","?","T","?","?","?","COS","M","R","BOSS","R","E","BOSS"],"items_purchased_type":["Relic","Relic","Relic","Card","Card","Card","Card","Relic","Relic","Relic","Potion","Card","Card","Relic","Relic","Relic","Relic","Relic","Relic"],"build_version":"2020-12-22","purchased_purges":4,"victory":true,"max_hp_per_floor":[65,65,65,65,65,65,65,65,65,65,59,59,59,59,59,59,59,59,59,59,42,42,42,42,42,42,42,42,49,49,49,49,49,49,49,49,49,49,49,49,49,49,49,49,49,49,49,49,49,49,49,46,46,46],"card_choices":[{"not_picked":["TightArray:ReiMu","Enchanting:ReiMu"],"picked":"Amulet:ReiMu","floor":1},{"not_picked":["SpiritualOutbreak2:ReiMu","MikOfLucky:ReiMu","Crusade:ReiMu","PhosphorusFlame:ReiMu"],"picked":"OrbThrow:ReiMu","floor":2},{"not_picked":["BarrageOfMoneybags:ReiMu","CareerPray:ReiMu","Conquer:ReiMu","OrbThrow:ReiMu"],"picked":"PrayRite:ReiMu","floor":4},{"not_picked":["PhosphorusFlame:ReiMu","RainPray2:ReiMu","SpringWay:ReiMu","LovePray:ReiMu"],"picked":"Gathering:ReiMu","floor":6},{"not_picked":["UniversalSpiritual:ReiMu","CareerPray:ReiMu","SubcavityInstant:ReiMu","SubAcupoint:ReiMu"],"picked":"PrayRite:ReiMu","floor":7},{"not_picked":["Gathering:ReiMu","PassingAway:ReiMu","Revelation:ReiMu","AirStrike:ReiMu"],"picked":"SafetyPray:ReiMu","floor":8},{"not_picked":["Meditation:ReiMu","Conquer:ReiMu","AlertArray:ReiMu","Enchanting:ReiMu"],"picked":"SafetyPray:ReiMu","floor":13},{"not_picked":["OrbThrow:ReiMu","HakureiPhantom:ReiMu","SubcavityInstant:ReiMu","ManaGlint:ReiMu"],"picked":"CareerPray:ReiMu","floor":14},{"not_picked":["CardOfSanctity:ReiMu","YinYang:ReiMu","Dreaming:ReiMu","SubcavityFantasy:ReiMu"],"picked":"PrayRite:ReiMu","floor":16},{"not_picked":["SpreadBorder2:ReiMu+1","Conquer:ReiMu","FantasyBorder:ReiMu","AirManeuver:ReiMu+1"],"picked":"AirStrike:ReiMu","floor":18},{"not_picked":["WonderfulDomain:ReiMu+1","BarrageOfMoneybags:ReiMu","OrbThrow:ReiMu","SpringWay:ReiMu"],"picked":"FantasyMoon:ReiMu+1","floor":23},{"not_picked":["AirStrike:ReiMu","BarrageOfMoneybags:ReiMu","Enchanting:ReiMu","ForcedLanding:ReiMu+1"],"picked":"FineLineFantasy:ReiMu+1","floor":25},{"not_picked":["NineCharacters:ReiMu","OrbThrow:ReiMu","TightArray:ReiMu","RainPray2:ReiMu"],"picked":"OctopathBindingBorder2:ReiMu","floor":27},{"not_picked":["Shading:ReiMu","SubcavityInstant:ReiMu","PayForSelf:ReiMu","DoubleButterfly:ReiMu+1"],"picked":"FantasyMoon:ReiMu","floor":28},{"not_picked":["WonderfulDomain:ReiMu+1","Amulet:ReiMu","CareerPray:ReiMu","RunawayExorcism:ReiMu","Enchanting:ReiMu"],"picked":"Meditation:ReiMu","floor":30},{"not_picked":["AlertArray:ReiMu","Intuition:ReiMu","EmergencyTakeOff:ReiMu","SpiritualOutbreak2:ReiMu","ManaGlint:ReiMu"],"picked":"OrbThrow:ReiMu","floor":31},{"not_picked":["Dreaming:ReiMu","YinYang:ReiMu","CleanRite:ReiMu","CardOfSanctity:ReiMu","Free:ReiMu"],"picked":"KamiRite:ReiMu","floor":33},{"not_picked":["PayForSelf:ReiMu","SpreadBorder2:ReiMu+1","UniversalSpiritual:ReiMu","WonderfulDomain:ReiMu","RainPray2:ReiMu","AlertArray:ReiMu+1"],"picked":"SKIP","floor":35},{"not_picked":["OctopathBindingBorder2:ReiMu+1","Amulet:ReiMu+1","RainPray2:ReiMu+1","DoubleButterfly:ReiMu+1","Meditation:ReiMu+1"],"picked":"ForcedLanding:ReiMu+1","floor":36},{"not_picked":["SubAcupoint:ReiMu+1","Authority:ReiMu","AlertArray:ReiMu","SpreadBorder2:ReiMu+1","MountainWay:ReiMu","EmergencyTakeOff:ReiMu"],"picked":"SKIP","floor":39},{"not_picked":["Dreaming:ReiMu","SubAcupoint:ReiMu","Conquer:ReiMu","PayForSelf:ReiMu","FoulBorder2:ReiMu+1"],"picked":"OctopathBindingBorder2:ReiMu","floor":40},{"not_picked":["RainPray2:ReiMu","EmergencyTakeOff:ReiMu","SafetyPray:ReiMu+1","CareerPray:ReiMu","DoubleButterfly:ReiMu+1"],"picked":"OctopathBindingBorder2:ReiMu+1","floor":41},{"not_picked":["WonderfulDomain:ReiMu+1","Conquer:ReiMu","Amulet:ReiMu","ShadowOfCrow2:ReiMu+1","AirStrike:ReiMu+1"],"picked":"AlertArray:ReiMu","floor":46},{"not_picked":["RainPray2:ReiMu","Amulet:ReiMu+1","AirStrike:ReiMu","Conquer:ReiMu","SpringWay:ReiMu+1","SpreadBorder2:ReiMu+1"],"picked":"SKIP","floor":46},{"not_picked":["ManaGlint:ReiMu","SpreadBorder2:ReiMu+1","OctopathSalyBorderN:ReiMu","SubAcupoint:ReiMu+1","WonderfulDomain:ReiMu","CareerPray:ReiMu+1"],"picked":"SKIP","floor":48},{"not_picked":["MikOfLucky:ReiMu","Enchanting:ReiMu","EmergencyTakeOff:ReiMu","AirManeuver:ReiMu+1","SpreadBorder2:ReiMu","RainPray2:ReiMu+1"],"picked":"SKIP","floor":48},{"not_picked":["WonderfulDomain:ReiMu+1","Amulet:ReiMu","Dreaming:ReiMu","Conquer:ReiMu+1","SpiritualOutbreak2:ReiMu+1","SafetyPray:ReiMu+1"],"picked":"SKIP","floor":54}],"player_experience":42068,"relics_obtained":[{"floor":1,"key":"SynthV:TestCard"},{"floor":6,"key":"Mastiff:ReiMu"},{"floor":7,"key":"Incense Burner"},{"floor":8,"key":"Tea:ReiMu"},{"floor":9,"key":"Toy Ornithopter"},{"floor":13,"key":"Gensokyo:OccultBall"},{"floor":14,"key":"Lantern"},{"floor":16,"key":"Gensokyo:OccultBall"},{"floor":18,"key":"Gensokyo:OccultBall"},{"floor":26,"key":"SynthV:C4"},{"floor":28,"key":"Oddly Smooth Stone"},{"floor":33,"key":"Gensokyo:OccultBall"},{"floor":35,"key":"Gensokyo:OccultBall"},{"floor":39,"key":"Gensokyo:OccultBall"},{"floor":40,"key":"Matryoshka"},{"floor":41,"key":"Gensokyo:OccultBall"},{"floor":43,"key":"Mummified Hand"},{"floor":43,"key":"Prayer Wheel"},{"floor":54,"key":"Bottled Tornado"}],"event_choices":[],"is_beta":false,"boss_relics":[{"not_picked":["Black Star","Fusion Hammer"],"picked":"PatriotShield"},{"not_picked":["GuanYuAspect","Calling Bell"],"picked":"JellyFishMachine"}],"items_purged_floors":[12,22,29,37],"is_endless":false,"potions_floor_spawned":[6,8,13,23,30,33,40,46,48],"ascension_level":0}}