{"host":"dmtlrev5pkc1867p","time":1613702112,"event":{"mods":["AchievementEnabler","BaseMod","Colored Map","Colored Powertips","Downfall","Hermit","Highlight Path","Hubris","Infinite Spire","Marisa¡]Ãú«B¡@Å]²z¨F¡^","Minty Spire (QoL Compilation)","Permanent Neow","Quick Restart","Rare Cards Sparkle","Relic Sorter","Relic Stats","Replay The Spire","Shop Mod","StSLib","SuperFastMode","The Construct","The Cursed","The Mystic","The Necromancer","The Poker Player","The Runesmith","The Servant 0.9.4"],"gold_per_floor":[361,361,379,379,392,392,405,405,405,405,425,390,465,497,497,593,593,611,611,611,611,631,631,661,661,661,661,684,707,253,278,278,382,382,404,424,439,454,454,454,78,78,132,132,144,163,196,196,196,196,196,196,50,80,80,80],"floor_reached":55,"language":"ZHS","playtime":1807,"items_purged":["ReplayTheSpireMod:Splinters","Sickly","hubris:Greed"],"score":1016,"play_id":"54003896-b1a5-41f5-b060-018564ceed16","local_time":"20210219103512","is_ascension_mode":true,"campfire_choices":[{"floor":6.0,"key":"RECALL"},{"data":"Armaments","floor":8.0,"key":"SMITH"},{"data":"Bash","floor":10.0,"key":"SMITH"},{"floor":15.0,"key":"REST"},{"floor":23.0,"key":"REST"},{"floor":25.0,"key":"REST"},{"floor":27.0,"key":"REST"},{"data":"Demon Form","floor":32.0,"key":"SMITH"},{"floor":40.0,"key":"REST"},{"floor":42.0,"key":"REST"},{"floor":44.0,"key":"REST"},{"floor":49.0,"key":"REST"},{"floor":52.0,"key":"REST"}],"circlet_count":0,"master_deck":["Strike_R","Strike_R","Strike_R","Strike_R","Strike_R","Defend_R","Defend_R","Defend_R","Defend_R","Bash+1","Cleave+1","Armaments+1","Headbutt","Pommel Strike","ReplayTheSpireMod:Muscle Training","Pot Of Greed","Pot Of Greed","Carnage","Demon Form+1","Inflame","Heavy Blade+1","Whirlwind","Berserk+1","Flame Barrier+1","Spot Weakness","Good Instincts","Immolate+1","Inflame+1","Rampage+1","ReplayTheSpireMod:Stacked","Metallicize+1"],"relics":["Burning Blood","hubris:Icosahedron","infinitespire:Lucky Rock","Grinning Jar","Replay:Ancient Bell","infinitespire:Satchel","Singing Bowl","hubris:Spice","ChewingGum","hubris:CrystalStatue","Golden Egg","hubris:TenFootPole","hubris:TerracottaHorce","Regal Pillow","Bronze Scales","Unceasing Top","White Beast Statue"],"acts_visited":["Exordium","TheCity","TheBeyond","TheEnding"],"potions_floor_usage":[54],"damage_taken":[{"damage":6.0,"enemies":"2 Louse","floor":1.0,"turns":3.0},{"damage":1.0,"enemies":"Cultist","floor":3.0,"turns":3.0},{"damage":5.0,"enemies":"Small Slimes","floor":5.0,"turns":3.0},{"damage":13.0,"enemies":"Blue Slaver","floor":7.0,"turns":2.0},{"damage":12.0,"enemies":"Looter","floor":11.0,"turns":3.0},{"damage":32.0,"enemies":"Lagavulin","floor":14.0,"turns":6.0},{"damage":46.0,"enemies":"Hexaghost","floor":16.0,"turns":8.0},{"damage":33.0,"enemies":"Chosen","floor":18.0,"turns":5.0},{"damage":13.0,"enemies":"3 Byrds","floor":22.0,"turns":4.0},{"damage":37.0,"enemies":"Gremlin Leader","floor":24.0,"turns":6.0},{"damage":14.0,"enemies":"Centurion and Healer","floor":29.0,"turns":3.0},{"damage":18.0,"enemies":"Snecko","floor":31.0,"turns":3.0},{"damage":79.0,"enemies":"Champ","floor":33.0,"turns":9.0},{"damage":20.0,"enemies":"3 Darklings","floor":35.0,"turns":2.0},{"damage":19.0,"enemies":"3 Shapes","floor":36.0,"turns":4.0},{"damage":40.0,"enemies":"Writhing Mass","floor":37.0,"turns":4.0},{"damage":5.0,"enemies":"Transient","floor":38.0,"turns":5.0},{"damage":14.0,"enemies":"Spire Growth","floor":45.0,"turns":3.0},{"damage":35.0,"enemies":"Maw","floor":46.0,"turns":6.0},{"damage":24.0,"enemies":"Nemesis","floor":47.0,"turns":5.0},{"damage":66.0,"enemies":"Time Eater","floor":50.0,"turns":7.0},{"damage":52,"enemies":"Shield and Spear","floor":54,"turns":6},{"damage":67,"enemies":"The Heart","floor":55,"turns":2}],"seed_played":"-2991269604857565365","potions_obtained":[{"floor":3.0,"key":"BloodPotion"},{"floor":7.0,"key":"Flashbang"},{"floor":14.0,"key":"Strength Potion"},{"floor":16.0,"key":"GamblersBrew"},{"floor":18.0,"key":"Dexterity Potion"},{"floor":24.0,"key":"EntropicBrew"},{"floor":36.0,"key":"Fire Potion"},{"floor":38.0,"key":"DuplicationPotion"},{"floor":54,"key":"Energy Potion"}],"is_trial":false,"path_per_floor":["M","?","M","?","M","R","M","R","T","R","M","?","?","E","R","B",null,"M","?","?","AVR","M","R","E","R","T","R","T","M","$","M","R","B",null,"M","M","M","M","?","R","$","R","T","R","M","M","E","AVR","R","B",null,"R","$","E","B"],"character_chosen":"IRONCLAD","items_purchased":["hubris:Spice","Venom Potion","Immolate","Inflame","Rampage","Metallicize","Guardian:BlockOnCardUsePotion"],"campfire_rested":9,"item_purchase_floors":[30,30,41,41,41,53,53],"current_hp_per_floor":[72,72,72,72,72,72,65,65,65,65,59,72,61,35,56,30,76,51,51,51,51,46,73,42,69,69,90,90,82,90,80,80,7,77,63,50,18,21,21,52,52,83,83,104,98,69,51,51,95,35,82,98,98,54,0,0],"gold":80,"neow_bonus":"TWO_FIFTY_GOLD","is_daily":false,"chose_seed":false,"campfire_upgraded":3,"win_rate":0.0,"timestamp":1613702112,"path_taken":["M","?","?","?","M","R","M","R","T","R","M","?","?","E","R","BOSS","BOSS","M","?","?","AVR","?","R","E","R","T","R","?","?","?","M","R","BOSS","M","M","M","M","?","R","$","R","T","R","M","?","E","AVR","R","BOSS","R","$","E","BOSS"],"items_purchased_type":["Relic","Potion","Card","Card","Card","Card","Potion"],"build_version":"2020-12-22","purchased_purges":3,"victory":false,"max_hp_per_floor":[72,72,72,72,72,72,72,72,72,72,72,72,72,72,72,72,86,88,88,88,88,90,90,90,90,90,90,90,90,98,100,100,100,100,100,100,102,104,104,104,104,104,104,104,106,106,98,98,98,98,98,98,98,100,100,100],"relic_stats":{"Regal Pillow":15,"Singing Bowl":20,"counters":[23,102],"Bronze Scales":[60],"obtain_stats":[{"Golden Egg":26,"Regal Pillow":43,"hubris:CrystalStatue":24,"Singing Bowl":17,"Replay:Ancient Bell":17,"infinitespire:Lucky Rock":4,"Burning Blood":0,"White Beast Statue":54,"hubris:TerracottaHorce":34,"hubris:Icosahedron":19,"hubris:Spice":17,"Bronze Scales":47,"infinitespire:Satchel":17,"ChewingGum":21,"hubris:TenFootPole":28,"Grinning Jar":14,"Unceasing Top":48},{"Golden Egg":10,"Regal Pillow":17,"hubris:CrystalStatue":10,"Singing Bowl":7,"Replay:Ancient Bell":7,"infinitespire:Lucky Rock":2,"Burning Blood":0,"White Beast Statue":22,"hubris:TerracottaHorce":13,"hubris:Icosahedron":8,"hubris:Spice":7,"Bronze Scales":20,"infinitespire:Satchel":7,"ChewingGum":8,"hubris:TenFootPole":10,"Grinning Jar":6,"Unceasing Top":20},{"Golden Egg":43,"Regal Pillow":73,"hubris:CrystalStatue":43,"Singing Bowl":28,"Replay:Ancient Bell":28,"infinitespire:Lucky Rock":6,"Burning Blood":0,"White Beast Statue":100,"hubris:TerracottaHorce":58,"hubris:Icosahedron":33,"hubris:Spice":28,"Bronze Scales":87,"infinitespire:Satchel":28,"ChewingGum":33,"hubris:TenFootPole":43,"Grinning Jar":20,"Unceasing Top":87}],"Burning Blood":126,"Unceasing Top":[1]},"card_choices":[{"not_picked":["Replay:Undeath\u0027s Touch","Thunderclap"],"picked":"Cleave","floor":1.0},{"not_picked":["Flex","Clash"],"picked":"Armaments","floor":3.0},{"not_picked":["Sever Soul","Pommel Strike"],"picked":"Headbutt","floor":5.0},{"not_picked":["Armaments","Life Link"],"picked":"Pommel Strike","floor":7.0},{"not_picked":["ReplayReversal","Wild Strike"],"picked":"ReplayTheSpireMod:Muscle Training","floor":11.0},{"not_picked":["Warcry","Heavy Blade"],"picked":"Carnage","floor":14.0},{"not_picked":["Exhume","Juggernaut"],"picked":"Demon Form","floor":16.0},{"not_picked":["ReplayTheSpireMod:Splinters","Sickly","downfall:Bewildered"],"picked":"Singing Bowl","floor":17.0},{"not_picked":["ReplayTheSpireMod:Splinters","hubris:Compulsion","ReplayTheSpireMod:IOU"],"picked":"Singing Bowl","floor":17.0},{"not_picked":["Delirium","hubris:Greed","Hallucinations"],"picked":"Singing Bowl","floor":17.0},{"not_picked":["Havoc","Pommel Strike","hubris:SharpeningStone+1"],"picked":"Singing Bowl","floor":18.0},{"not_picked":["Combust+1","Headbutt","True Grit"],"picked":"Singing Bowl","floor":22.0},{"not_picked":["Headbutt","Dropkick+1"],"picked":"Heavy Blade+1","floor":24.0},{"not_picked":["Brutality","Sword Boomerang"],"picked":"Whirlwind","floor":29.0},{"not_picked":["Run Through","Twin Strike","Infernal Blade"],"picked":"Singing Bowl","floor":31.0},{"not_picked":["Reaper","Exhume"],"picked":"Berserk","floor":33.0},{"not_picked":["Cleave","Sword Boomerang+1"],"picked":"Flame Barrier+1","floor":35.0},{"not_picked":["ReplayReversal","Pummel"],"picked":"Spot Weakness","floor":36.0},{"not_picked":["True Grit+1","Armaments","Sword Boomerang+1"],"picked":"Singing Bowl","floor":37.0},{"not_picked":["Abandon","Flex","Headbutt"],"picked":"Singing Bowl","floor":38.0},{"not_picked":["True Grit+1","Iron Wave","Feel No Pain"],"picked":"Singing Bowl","floor":45.0},{"not_picked":["ReplayTheSpireMod:LeadingStrike+1","Hemokinesis"],"picked":"ReplayTheSpireMod:Stacked","floor":46.0},{"not_picked":["hubris:CleavingFinish","ReplayReversal"],"picked":"hubris:SpiceAddiction","floor":47.0},{"not_picked":["Anger","Iron Wave","ReplayTheSpireMod:Strike From Hell"],"picked":"Singing Bowl","floor":54}],"player_experience":723977,"relics_obtained":[{"floor":4.0,"key":"infinitespire:Lucky Rock"},{"floor":14.0,"key":"Grinning Jar"},{"floor":24.0,"key":"hubris:CrystalStatue"},{"floor":26.0,"key":"Golden Egg"},{"floor":28.0,"key":"hubris:TenFootPole"},{"floor":43.0,"key":"Regal Pillow"},{"floor":47.0,"key":"Bronze Scales"},{"floor":54,"key":"White Beast Statue"}],"event_choices":[{"damage_healed":0.0,"max_hp_gain":0.0,"max_hp_loss":0.0,"gold_gain":0.0,"event_name":"Accursed Blacksmith","player_choice":"Forge","floor":2.0,"gold_loss":0.0,"damage_taken":0.0,"cards_upgraded":["Cleave"]},{"damage_healed":18.0,"max_hp_gain":0.0,"max_hp_loss":0.0,"gold_gain":0.0,"event_name":"The Cleric","player_choice":"Healed","floor":12.0,"gold_loss":35.0,"damage_taken":0.0},{"damage_healed":0.0,"max_hp_gain":0.0,"max_hp_loss":0.0,"gold_gain":75.0,"event_name":"World of Goop","player_choice":"Gather Gold","floor":13.0,"gold_loss":0.0,"damage_taken":11.0},{"damage_healed":0.0,"max_hp_gain":0.0,"max_hp_loss":0.0,"gold_gain":0.0,"event_name":"The Library","player_choice":"Read","floor":20.0,"gold_loss":0.0,"damage_taken":0.0,"cards_obtained":["Inflame"]},{"damage_healed":0.0,"max_hp_gain":0.0,"max_hp_loss":0.0,"gold_gain":0.0,"cards_transformed":["Pot Of Greed"],"event_name":"Transmorgrifier","player_choice":"Transformed","floor":39.0,"gold_loss":0.0,"damage_taken":0.0,"cards_obtained":["Good Instincts"]}],"is_beta":false,"boss_relics":[{"not_picked":["Runic Dome","ReplayTheSpireMod:DimensionalGlitch"],"picked":"Replay:Ancient Bell"},{"not_picked":["hubris:SlimyHat","Lantern"],"picked":"infinitespire:Satchel"},{"not_picked":["Onion Ring","hubris:Metronome"],"picked":"Singing Bowl"},{"not_picked":["Du-Vu Doll","hubris:Teleporter"],"picked":"hubris:Spice"},{"not_picked":["Fusion Hammer","Ooze Armor"],"picked":"hubris:TerracottaHorce"}],"items_purged_floors":[21,30,41],"is_endless":false,"potions_floor_spawned":[3,7,14,16,18,24,36,38,54],"killed_by":"The Heart","ascension_level":8}}