{"host":"tetk82fuf8thwxol","time":1613751450,"event":{"mods":["AchievementEnabler","BaseMod","BetterRewards","Downfall","GifTheSpireLib","Hermit","Minty Spire (QoL Compilation)","Permanent Neow","Quick Restart","Replay The Spire","Shop Mod","Spicy Shops","StSLib"],"gold_per_floor":[10012,9704,9714,9539,9556,9556,9556,9582,9651,9685,9704,9704,9704,9738,9738,9842,9842,9854,9954,9972,9498,9518,9545,9560,9590,9617,9634,9646,9352,9352,9171,9171,9270,9270,9281,9281,8403,8403,8422,8455,8467,8499,8499,8023,8023,8036,8066,8080,8080,8080,8080,8080,7633,7664,7666],"floor_reached":56,"language":"ENG","playtime":2595,"items_purged":["Strike_B","Strike_B","Strike_B","Defend_B","Strike_B","Defend_B","Crystallizer+1"],"score":2577,"play_id":"177fafeb-90da-4d40-a915-7c53b7792380","local_time":"20210219101730","is_ascension_mode":true,"campfire_choices":[{"data":"Static Discharge","floor":6,"key":"SMITH"},{"data":"Dualcast","floor":6,"key":"SMITH"},{"data":"Storm","floor":12,"key":"SMITH"},{"data":"Ball Lightning","floor":12,"key":"SMITH"},{"floor":15,"key":"RECALL"},{"floor":32,"key":"REST"}],"circlet_count":0,"master_deck":["AscendersBane","Defend_B+1","Defend_B+1","Zap+1","Dualcast+1","Static Discharge+1","Storm+1","Capacitor+1","Ball Lightning+1","Ball Lightning+1","Storm+1","Loop+1","Defragment+1","Capacitor+1","BasicCrystalCard+1","Static Discharge+1","Amplify+1","Defragment+1","Defragment+1","Biased Cognition+1","Tempest+1","Loop+1","Electrodynamics+1","Defragment+1"],"relics":["Cracked Core","ReplayTheSpireMod:TigerMarble","Meat on the Bone","Frozen Egg 2","TungstenRod","Replay:Baseball","Calipers","Raider\u0027s Mask","Runic Capacitor","Replay:Arrowhead","Toxic Egg 2","Unceasing Top","Bird Faced Urn","Gremlin Horn","Solar Panel","Membership Card","Omamori","Replay:Rubber Ducky","Anchor","White Beast Statue","Medical Kit","Boot","Blood Vial","Vajra","Iron Hammer","Centennial Puzzle","StrikeDummy","Fusion Hammer","Replay:Bottled Steam","Guide Book","HornCleat","InkBottle","MealTicket","Replay:Wax Seal","FossilizedHelix","Whetstone","Strawberry","Geode","Oddly Smooth Stone","Coffee Dripper","The Courier","War Paint","Replay:Ringing Soul","Ice Cream","Lantern","PreservedInsect","Eternal Feather","Potion Belt","Replay:Mystery Machine","Singing Bowl","Question Card","ReplayFunnel","Blue Candle","Gambling Chip","Replay:Towering Pillar of Hats","DataDisk","Bronze Scales","Happy Flower","Pen Nib","Gremlin Food","Pantograph","Replay:Bandana","Snack Pack","Torii"],"acts_visited":["Exordium","TheCity","TheBeyond","TheEnding"],"potions_floor_usage":[8,39,47,50,54,54,55],"damage_taken":[{"damage":0,"enemies":"2 Louse","floor":1,"turns":2},{"damage":0,"enemies":"Jaw Worm","floor":3,"turns":2},{"damage":0,"enemies":"Small Slimes","floor":5,"turns":2},{"damage":0,"enemies":"3 Sentries","floor":8,"turns":3},{"damage":6,"enemies":"Lagavulin","floor":10,"turns":3},{"damage":0,"enemies":"Red Slaver","floor":11,"turns":2},{"damage":0,"enemies":"Gremlin Nob","floor":14,"turns":2},{"damage":0,"enemies":"Fading Forest","floor":16,"turns":11},{"damage":3,"enemies":"2 Thieves","floor":18,"turns":2},{"damage":8,"enemies":"3 Byrds","floor":20,"turns":3},{"damage":0,"enemies":"Snake Plant","floor":22,"turns":2},{"damage":5,"enemies":"Gremlin Leader","floor":23,"turns":2},{"damage":0,"enemies":"Centurion and Healer","floor":24,"turns":3},{"damage":0,"enemies":"Book of Stabbing","floor":25,"turns":2},{"damage":0,"enemies":"Shelled Parasite and Fungi","floor":27,"turns":2},{"damage":0,"enemies":"Cultist and Chosen","floor":28,"turns":1},{"damage":0,"enemies":"Champ","floor":33,"turns":4},{"damage":0,"enemies":"3 Shapes","floor":35,"turns":1},{"damage":0,"enemies":"Orb Walker","floor":39,"turns":1},{"damage":0,"enemies":"Reptomancer","floor":40,"turns":2},{"damage":0,"enemies":"Spire Growth","floor":41,"turns":2},{"damage":0,"enemies":"R_Hoarder","floor":42,"turns":2},{"damage":0,"enemies":"Writhing Mass","floor":46,"turns":2},{"damage":0,"enemies":"Nemesis","floor":47,"turns":3},{"damage":0,"enemies":"Transient","floor":48,"turns":5},{"damage":0,"enemies":"Donu and Deca","floor":50,"turns":2},{"damage":0,"enemies":"Shield and Spear","floor":54,"turns":2},{"damage":66,"enemies":"The Heart","floor":55,"turns":3}],"seed_played":"-600300986129675783","potions_obtained":[{"floor":1,"key":"champ:CounterPotion"},{"floor":3,"key":"SkillPotion"},{"floor":5,"key":"PowerPotion"},{"floor":8,"key":"Regen Potion"},{"floor":23,"key":"PowerPotion"},{"floor":41,"key":"Explosive Potion"},{"floor":42,"key":"Strength Potion"},{"floor":46,"key":"champ:CounterPotion"},{"floor":47,"key":"Weak Potion"},{"floor":48,"key":"Explosive Potion"}],"is_trial":false,"path_per_floor":["M","$","M","$","M","R","?","E","T","E","M","R","?","E","R","B",null,"M","?","M","$","M","E","M","E","T","M","M","$","?","$","R","B",null,"M","T","$","?","M","E","M","E","T","$","?","M","E","M","R","B",null,"R","$","E","B",null],"character_chosen":"DEFECT","items_purchased":["ReplayTheSpireMod:TigerMarble","Meat on the Bone","Static Discharge","Storm","Frozen Egg 2","TungstenRod","Replay:Baseball","Calipers","Raider\u0027s Mask","Runic Capacitor","Replay:Arrowhead","Capacitor+1","Ball Lightning","Storm+1","Toxic Egg 2","Unceasing Top","Bird Faced Urn","Loop+1","Defragment+1","Gremlin Horn","Solar Panel","Membership Card","Crystallizer+1","Omamori","Replay:Rubber Ducky","Anchor","Capacitor+1","White Beast Statue","Medical Kit","Static Discharge+1","Boot","Blood Vial","Defragment+1","Replay:Bottled Steam","Guide Book","HornCleat","FossilizedHelix","Whetstone","Strawberry","Geode","Oddly Smooth Stone","Defragment+1","War Paint","Replay:Ringing Soul","Ice Cream","Lantern","PreservedInsect","Eternal Feather","Potion Belt","Replay:Mystery Machine","Singing Bowl","Question Card","ReplayFunnel","Replay:Towering Pillar of Hats","DataDisk","Electrodynamics+1","Happy Flower","Pen Nib","Gremlin Food","Pantograph","Replay:Bandana","Snack Pack"],"campfire_rested":1,"item_purchase_floors":[0,0,0,0,0,0,0,0,0,0,0,0,0,0,0,0,0,0,0,0,0,0,0,0,2,2,2,2,2,4,4,4,21,21,21,21,29,29,29,31,31,31,37,37,37,37,37,37,37,37,37,37,37,44,44,44,53,53,53,53,53,53],"current_hp_per_floor":[75,75,75,75,75,75,75,75,75,75,75,75,80,80,80,80,80,80,80,80,80,80,80,80,80,80,80,80,87,87,87,87,87,87,87,87,87,87,89,92,94,97,97,100,102,104,107,109,104,104,104,104,104,106,68],"gold":7666,"neow_bonus":"","is_daily":false,"chose_seed":false,"campfire_upgraded":4,"win_rate":0.0,"timestamp":1613751450,"path_taken":["M","$","M","$","M","R","?","E","T","E","M","R","?","E","R","BOSS","M","?","?","$","M","E","?","E","T","M","M","$","?","$","R","BOSS","M","?","$","?","M","E","M","E","T","$","?","M","E","M","R","BOSS","R","$","E","BOSS"],"items_purchased_type":["Relic","Relic","Card","Card","Relic","Relic","Relic","Relic","Relic","Relic","Relic","Card","Card","Card","Relic","Relic","Relic","Card","Card","Relic","Relic","Relic","Card","Relic","Relic","Relic","Card","Relic","Relic","Card","Relic","Relic","Card","Relic","Relic","Relic","Relic","Relic","Relic","Relic","Relic","Card","Relic","Relic","Relic","Relic","Relic","Relic","Relic","Relic","Relic","Relic","Relic","Relic","Relic","Card","Relic","Relic","Relic","Relic","Relic","Relic"],"build_version":"2020-12-22","purchased_purges":7,"victory":true,"max_hp_per_floor":[75,75,75,75,75,75,75,75,75,75,75,75,80,80,80,80,80,80,80,80,80,80,80,80,80,80,80,80,87,87,87,87,87,87,87,87,87,87,89,92,94,97,97,100,102,104,107,109,104,104,104,104,104,106,106],"card_choices":[{"not_picked":["Conserve Battery+1","Hologram+1","Sweeping Beam"],"picked":"SKIP","floor":1},{"not_picked":["Stack+1","Leap+1"],"picked":"BasicCrystalCard+1","floor":3},{"not_picked":["Genetic Algorithm+1","All For One","Stack+1"],"picked":"SKIP","floor":5},{"not_picked":["Compile Driver","Genetic Algorithm+1","Coolheaded+1"],"picked":"SKIP","floor":8},{"not_picked":["Capacitor+1","ReplayTheSpireMod:GoodbyeWorld+1","Leap+1"],"picked":"SKIP","floor":10},{"not_picked":["ReplayTheSpireMod:System Scan+1","Coolheaded+1","Turbo+1"],"picked":"SKIP","floor":11},{"not_picked":["Hologram+1","Skim+1","Leap+1"],"picked":"SKIP","floor":14},{"not_picked":["Thunder Strike","Core Surge"],"picked":"Amplify+1","floor":16},{"not_picked":["Steam+1","Streamline","Coolheaded+1"],"picked":"SKIP","floor":18},{"not_picked":["BasicCrystalCard+1","Coolheaded+1","Cold Snap"],"picked":"SKIP","floor":20},{"not_picked":["FTL","Coolheaded+1","Conserve Battery+1"],"picked":"SKIP","floor":22},{"not_picked":["Time Bomb+1","Rebound+1","Conserve Battery+1"],"picked":"SKIP","floor":23},{"not_picked":["Steam+1","Redo+1","FTL"],"picked":"SKIP","floor":24},{"not_picked":["Turbo+1","Reinforced Body+1","Amplify+1"],"picked":"SKIP","floor":25},{"not_picked":["Chaos+1","ReplaySort+1","Glacier+1"],"picked":"SKIP","floor":27},{"not_picked":["Panic Button+1","Conserve Battery+1","Streamline"],"picked":"SKIP","floor":28},{"not_picked":["Amplify+1","ReplayTheSpireMod:Omega Cannon"],"picked":"Biased Cognition+1","floor":33},{"not_picked":["Leap+1","Rebound+1","BootSequence+1"],"picked":"SKIP","floor":35},{"not_picked":["Conserve Battery+1","Rip and Tear","Panic Button+1","Ball Lightning"],"picked":"Singing Bowl","floor":39},{"not_picked":["Cold Snap","Time Bomb+1","Darkness+1"],"picked":"Tempest+1","floor":40},{"not_picked":["Aggregate+1","Cold Snap","ReplayTheSpireMod:System Scan+1","Barrage"],"picked":"Singing Bowl","floor":41},{"not_picked":["Barrage","Compile Driver+1","Ball Lightning"],"picked":"Loop+1","floor":42},{"not_picked":["ReplayTheSpireMod:Uncanny Aura+1","Swift Strike","Transmutation+1","Specialist+1"],"picked":"Singing Bowl","floor":45},{"not_picked":["BasicCrystalCard+1","Undo+1","Sweeping Beam","Stack+1"],"picked":"Singing Bowl","floor":46},{"not_picked":["BasicCrystalCard+1","Tempest+1","Cold Snap"],"picked":"Defragment+1","floor":47},{"not_picked":["Buffer+1","Redo+1","Leap+1","Aggregate+1"],"picked":"Singing Bowl","floor":48},{"not_picked":["FIFO Queue+1","Coolheaded+1","Cold Snap","Rebound+1"],"picked":"Singing Bowl","floor":54}],"player_experience":208361,"relics_obtained":[{"floor":8,"key":"Vajra"},{"floor":9,"key":"Iron Hammer"},{"floor":10,"key":"Centennial Puzzle"},{"floor":14,"key":"StrikeDummy"},{"floor":23,"key":"InkBottle"},{"floor":25,"key":"MealTicket"},{"floor":26,"key":"Replay:Wax Seal"},{"floor":36,"key":"The Courier"},{"floor":40,"key":"Blue Candle"},{"floor":42,"key":"Gambling Chip"},{"floor":47,"key":"Bronze Scales"},{"floor":54,"key":"Torii"}],"event_choices":[{"damage_healed":0,"gold_gain":0,"player_choice":"Donut","damage_taken":0,"max_hp_gain":5,"max_hp_loss":0,"event_name":"Big Fish","floor":13,"gold_loss":0},{"damage_healed":0,"gold_gain":100,"player_choice":"Pray","damage_taken":0,"max_hp_gain":0,"max_hp_loss":0,"event_name":"Golden Shrine","floor":19,"gold_loss":0},{"damage_healed":0,"gold_gain":0,"player_choice":"Got Potions","damage_taken":0,"max_hp_gain":0,"max_hp_loss":0,"event_name":"Lab","floor":30,"gold_loss":0},{"damage_healed":0,"gold_gain":0,"player_choice":"Memory 1","damage_taken":0,"max_hp_gain":0,"max_hp_loss":0,"event_name":"SensoryStone","floor":45,"gold_loss":0},{"damage_healed":0,"gold_gain":0,"player_choice":"Max HP","damage_taken":0,"max_hp_gain":0,"max_hp_loss":5,"event_name":"Winding Halls","floor":49,"gold_loss":0}],"is_beta":false,"boss_relics":[{"not_picked":["bronze:MakeshiftBattery","Pandora\u0027s Box"],"picked":"Fusion Hammer"},{"not_picked":["ChewingGum","Tiny House"],"picked":"Coffee Dripper"}],"items_purged_floors":[0,0,0,0,21,21,44],"is_endless":false,"potions_floor_spawned":[1,3,5,8,10,11,14,16,18,20,22,23,24,25,27,28,33,35,39,40,41,42,46,47,48,54],"ascension_level":12}}