{"host":"0xnlke9dn7m72v1t","time":1613744390,"event":{"mods":["AchievementEnabler","BaseMod","BetterRewards","Colored Map","Colored Powertips","Minty Spire (QoL Compilation)","Quick Restart","StSLib","SuperFastMode","Together in Spire"],"gold_per_floor":[144,144,189,189,234,279,324,369,394,394,94,94,184,184,184,484,484,529,574,673,718,78,168,213,213,213,303,303,403,403,448,448,748,748,793,793,793,943,988,988,1033,1132,1132,1186,1186,1186],"floor_reached":45,"language":"DEU","playtime":2536,"items_purged":[],"score":685,"play_id":"de370a6c-8a97-46db-94eb-22d7ab7780a3","local_time":"20210219151950","daily_mods":["Insanity","Blue Cards","Midas"],"is_ascension_mode":false,"campfire_choices":[{"floor":12,"key":"REST"},{"floor":15,"key":"REST"},{"floor":25,"key":"REST"},{"floor":30,"key":"REST"},{"floor":32,"key":"REST"},{"floor":40,"key":"REST"}],"circlet_count":0,"master_deck":["Uppercut","Rebound","Aggregate+1","Streamline","Melter","Rebound","Hologram","Twin Strike","Evolve","Headbutt","Coolheaded","Ball Lightning","Streamline","Go for the Eyes","Warcry","Redo","True Grit","Skim","White Noise","Flex","Disarm","Sweeping Beam","Searing Blow","Gash","Battle Trance","Anger","Compile Driver","Undo","Stack","Stack","Steam","Pummel","Aggregate","Rage","Rampage","Sweeping Beam","Reprogram","Gash","Ball Lightning","Hologram+1","Blood for Blood","Heavy Blade","Warcry","Shrug It Off","Anger","Havoc","Rage","Combust","Inflame","Rebound","Ball Lightning","Rainbow","Defragment","Decay","Barricade","Leap+1","Sweeping Beam+1","Sadistic Nature","Hyperbeam","Entrench+1","Sweeping Beam+1","Stack+1","Exhume","Havoc+1","Flash of Steel","Dramatic Entrance","Enlightenment","Madness","Madness","Streamline+1","Storm+1","Limit Break","Barrage+1"],"relics":["Black Blood","Ancient Tea Set","WarpedTongs","Lee\u0027s Waffle","Regal Pillow","Mummified Hand","Sling","Bag of Marbles","Juzu Bracelet","Lantern","Potion Belt","Pen Nib","Nilry\u0027s Codex","SacredBark","StoneCalendar","CeramicFish","War Paint"],"acts_visited":["Exordium","TheCity","TheBeyond"],"potions_floor_usage":[42,42,42,42,42,42,44,44,44,44,45],"damage_taken":[{"damage":0,"enemies":"Small Slimes","floor":1,"turns":1},{"damage":14,"enemies":"2 Louse","floor":3,"turns":2},{"damage":0,"enemies":"Cultist","floor":5,"turns":3},{"damage":6,"enemies":"2 Fungi Beasts","floor":6,"turns":3},{"damage":13,"enemies":"Exordium Thugs","floor":7,"turns":3},{"damage":5,"enemies":"3 Louse","floor":8,"turns":4},{"damage":8,"enemies":"Lagavulin","floor":13,"turns":4},{"damage":0,"enemies":"Slime Boss","floor":16,"turns":9},{"damage":24,"enemies":"Shell Parasite","floor":18,"turns":5},{"damage":12,"enemies":"Chosen","floor":19,"turns":4},{"damage":21,"enemies":"Snake Plant","floor":21,"turns":7},{"damage":48,"enemies":"Book of Stabbing","floor":23,"turns":5},{"damage":0,"enemies":"Centurion and Healer","floor":24,"turns":1},{"damage":0,"enemies":"Slavers","floor":27,"turns":1},{"damage":15,"enemies":"Cultist and Chosen","floor":31,"turns":5},{"damage":66,"enemies":"Automaton","floor":33,"turns":12},{"damage":9,"enemies":"3 Shapes","floor":35,"turns":1},{"damage":22,"enemies":"Mind Bloom Boss Battle","floor":38,"turns":9},{"damage":16,"enemies":"3 Darklings","floor":39,"turns":4},{"damage":54,"enemies":"Writhing Mass","floor":41,"turns":5},{"damage":37,"enemies":"Giant Head","floor":42,"turns":6},{"damage":23,"enemies":"Transient","floor":44,"turns":5},{"damage":20,"enemies":"Spire Growth","floor":45,"turns":2}],"seed_played":"778547550210687013","potions_obtained":[{"floor":1,"key":"SpeedPotion"},{"floor":6,"key":"Ancient Potion"},{"floor":16,"key":"SteroidPotion"},{"floor":18,"key":"Swift Potion"},{"floor":21,"key":"AttackPotion"},{"floor":27,"key":"LiquidMemories"},{"floor":33,"key":"EntropicBrew"},{"floor":42,"key":"Swift Potion"},{"floor":44,"key":"Fire Potion"}],"is_trial":false,"path_per_floor":["M","?","M","?","M","M","M","M","T","?","$","R","E","?","R","B",null,"M","M","?","M","$","E","M","R","T","E","?","?","R","M","R","B",null,"M","?","?","?","M","R","M","E","T","M","M"],"character_chosen":"IRONCLAD","items_purchased":["Lee\u0027s Waffle","Regal Pillow","Sling","Bag of Marbles","Juzu Bracelet","Sadistic Nature"],"campfire_rested":6,"item_purchase_floors":[11,11,22,22,22,22],"current_hp_per_floor":[80,85,77,85,85,85,78,79,79,79,92,92,90,90,92,92,92,80,80,80,71,71,35,47,89,89,92,76,76,92,89,92,38,92,92,82,70,60,56,92,50,25,25,14,0,0],"gold":1186,"neow_bonus":"","is_daily":true,"chose_seed":false,"campfire_upgraded":0,"win_rate":0.0,"timestamp":1613744390,"path_taken":["M","?","M","?","M","M","M","?","T","?","?","R","E","?","R","BOSS","M","?","?","M","$","E","M","R","T","E","?","?","R","M","R","BOSS","M","?","?","?","M","R","M","E","T","M","M"],"items_purchased_type":["Relic","Relic","Relic","Relic","Relic","Card"],"build_version":"2020-12-22","purchased_purges":0,"victory":false,"max_hp_per_floor":[80,85,85,85,85,85,85,85,85,85,92,92,92,92,92,92,92,92,92,92,92,92,92,92,92,92,92,92,92,92,92,92,92,92,92,92,92,92,92,92,92,92,92,92,92,92],"card_choices":[{"not_picked":["Consume","Reprogram"],"picked":"Undo","floor":1},{"not_picked":["Beam Cell","Cold Snap","Power Through"],"picked":"SKIP","floor":3},{"not_picked":["Pommel Strike","Body Slam"],"picked":"Ball Lightning","floor":5},{"not_picked":["Auto Shields","Armaments"],"picked":"Rainbow","floor":6},{"not_picked":["Sweeping Beam","Rebound","Shrug It Off"],"picked":"SKIP","floor":7},{"not_picked":["Leap","Hologram","Clash"],"picked":"SKIP","floor":8},{"not_picked":["Ghostly Armor","Compile Driver"],"picked":"Defragment","floor":13},{"not_picked":["Echo Form","Berserk"],"picked":"Barricade","floor":16},{"not_picked":["Compile Driver","Sweeping Beam"],"picked":"Leap+1","floor":18},{"not_picked":["Perfected Strike","Rupture","Clash"],"picked":"SKIP","floor":19},{"not_picked":["Stack","Heavy Blade"],"picked":"Sweeping Beam+1","floor":21},{"not_picked":["BootSequence","Turbo"],"picked":"Hyperbeam","floor":23},{"not_picked":["Blood for Blood","Ball Lightning"],"picked":"Entrench+1","floor":24},{"not_picked":["Armaments","Pummel"],"picked":"Sweeping Beam+1","floor":27},{"not_picked":["Hologram","Rupture"],"picked":"Stack+1","floor":31},{"not_picked":["Impervious","Seek"],"picked":"Exhume","floor":33},{"not_picked":["True Grit+1","Thunderclap+1"],"picked":"Havoc+1","floor":35},{"not_picked":["Purity","Impatience"],"picked":"Flash of Steel","floor":36},{"not_picked":["Impatience","Dark Shackles"],"picked":"Dramatic Entrance","floor":36},{"not_picked":["PanicButton","Blind"],"picked":"Enlightenment","floor":36},{"not_picked":["Body Slam","Gash"],"picked":"Streamline+1","floor":38},{"not_picked":["Second Wind","Power Through"],"picked":"Storm+1","floor":39},{"not_picked":["Shockwave","True Grit","Iron Wave"],"picked":"SKIP","floor":41},{"not_picked":["Pommel Strike+1","Heavy Blade"],"picked":"Limit Break","floor":42},{"not_picked":["Streamline","Wild Strike+1"],"picked":"Barrage+1","floor":44}],"player_experience":29938,"relics_obtained":[{"floor":9,"key":"Ancient Tea Set"},{"floor":13,"key":"Mummified Hand"},{"floor":23,"key":"Lantern"},{"floor":26,"key":"Potion Belt"},{"floor":27,"key":"Pen Nib"},{"floor":28,"key":"Nilry\u0027s Codex"},{"floor":38,"key":"StoneCalendar"},{"floor":42,"key":"CeramicFish"},{"floor":43,"key":"War Paint"}],"event_choices":[{"damage_healed":0,"gold_gain":0,"player_choice":"Donut","damage_taken":0,"max_hp_gain":5,"max_hp_loss":0,"event_name":"Big Fish","floor":2,"gold_loss":0},{"cards_removed":["Undo"],"damage_healed":8,"gold_gain":0,"player_choice":"Offered Uncommon","damage_taken":0,"max_hp_gain":0,"max_hp_loss":0,"event_name":"Bonfire Elementals","floor":4,"gold_loss":0},{"damage_healed":0,"gold_gain":0,"player_choice":"Rummage","damage_taken":0,"relics_obtained":["WarpedTongs"],"max_hp_gain":0,"max_hp_loss":0,"event_name":"Accursed Blacksmith","floor":10,"gold_loss":0,"cards_obtained":["Pain"]},{"damage_healed":0,"gold_gain":0,"cards_transformed":["Pain"],"player_choice":"Transformed","damage_taken":0,"max_hp_gain":0,"max_hp_loss":0,"event_name":"Transmorgrifier","floor":14,"gold_loss":0,"cards_obtained":["Decay"]},{"damage_healed":0,"gold_gain":99,"player_choice":"Stole From Cult","damage_taken":0,"max_hp_gain":0,"max_hp_loss":0,"event_name":"Nest","floor":20,"gold_loss":0},{"damage_healed":0,"gold_gain":0,"player_choice":"Obtained Book","damage_taken":16,"max_hp_gain":0,"max_hp_loss":0,"event_name":"Cursed Tome","floor":28,"gold_loss":0},{"damage_healed":0,"gold_gain":100,"player_choice":"Pray","damage_taken":0,"max_hp_gain":0,"max_hp_loss":0,"event_name":"Golden Shrine","floor":29,"gold_loss":0},{"damage_healed":0,"gold_gain":0,"player_choice":"Memory 3","damage_taken":10,"max_hp_gain":0,"max_hp_loss":0,"event_name":"SensoryStone","floor":36,"gold_loss":0},{"damage_healed":0,"gold_gain":0,"player_choice":"Embrace Madness","damage_taken":12,"max_hp_gain":0,"max_hp_loss":0,"event_name":"Winding Halls","floor":37,"gold_loss":0,"cards_obtained":["Madness","Madness"]},{"damage_healed":0,"gold_gain":0,"player_choice":"Fight","damage_taken":0,"max_hp_gain":0,"max_hp_loss":0,"event_name":"MindBloom","floor":38,"gold_loss":0}],"is_beta":false,"boss_relics":[{"not_picked":["Mark of Pain","Tiny House"],"picked":"Black Blood"},{"not_picked":["Philosopher\u0027s Stone","Runic Dome"],"picked":"SacredBark"}],"items_purged_floors":[],"is_endless":false,"potions_floor_spawned":[1,6,16,18,21,23,27,33,35,39,42,44],"killed_by":"Spire Growth","ascension_level":0}}