{"host":"ut3q8wc68upnfjmc","time":1613756241,"event":{"mods":["BaseMod","Colored Map","Colored Powertips","Downfall","Minty Spire (QoL Compilation)","StSLib","Unceasing Turn Reminder"],"gold_per_floor":[213,213,226,246,256,256,286,286,286,302,329,329,342,361,361,361,361],"floor_reached":16,"language":"ENG","playtime":748,"items_purged":[],"score":114,"play_id":"6116375e-4962-4709-ac5f-1bf0b4e6acca","local_time":"20210219113721","is_ascension_mode":false,"campfire_choices":[{"data":"Eruption","floor":6,"key":"SMITH"},{"data":"WindmillStrike","floor":8,"key":"SMITH"},{"data":"SignatureMove","floor":12,"key":"SMITH"},{"floor":15,"key":"REST"}],"circlet_count":0,"master_deck":["Strike_P","Strike_P","Strike_P","Strike_P","Defend_P","Defend_P","Defend_P","Defend_P","Eruption+1","Vigilance","WindmillStrike+1","Halt","FollowUp","TalkToTheHand","WaveOfTheHand","SignatureMove+1","Consecrate","Collect","Swivel"],"relics":["PureWater","Strawberry","Bottled Lightning","Question Card"],"acts_visited":["Exordium"],"potions_floor_usage":[4,5,7],"damage_taken":[{"damage":9,"enemies":"Jaw Worm","floor":1,"turns":2},{"damage":0,"enemies":"Cultist","floor":3,"turns":2},{"damage":0,"enemies":"2 Louse","floor":4,"turns":1},{"damage":0,"enemies":"Blue Slaver","floor":5,"turns":2},{"damage":6,"enemies":"3 Sentries","floor":7,"turns":4},{"damage":8,"enemies":"Lots of Slimes","floor":10,"turns":4},{"damage":22,"enemies":"Gremlin Nob","floor":11,"turns":3},{"damage":0,"enemies":"Exordium Wildlife","floor":13,"turns":2},{"damage":5,"enemies":"Blue Slaver","floor":14,"turns":4},{"damage":47,"enemies":"The Guardian","floor":16,"turns":10}],"seed_played":"6627127080759363418","potions_obtained":[{"floor":3,"key":"BottledMiracle"},{"floor":4,"key":"Dexterity Potion"},{"floor":5,"key":"Block Potion"}],"is_trial":false,"path_per_floor":["M","?","M","M","M","R","E","R","T","M","E","R","M","M","R","B"],"character_chosen":"WATCHER","items_purchased":[],"campfire_rested":1,"item_purchase_floors":[],"current_hp_per_floor":[63,56,56,56,56,56,57,57,57,49,27,27,27,22,45,0,0],"gold":361,"neow_bonus":"HUNDRED_GOLD","is_daily":false,"chose_seed":false,"campfire_upgraded":3,"win_rate":0.0,"timestamp":1613756241,"path_taken":["M","?","?","M","M","R","E","R","T","M","E","R","M","?","R","BOSS"],"items_purchased_type":[],"build_version":"2020-12-22","purchased_purges":0,"victory":false,"max_hp_per_floor":[72,72,72,72,72,72,79,79,79,79,79,79,79,79,79,79,79],"card_choices":[{"not_picked":["ClearTheMind","Evaluate"],"picked":"WindmillStrike","floor":1},{"not_picked":["Protect","FlyingSleeves"],"picked":"Halt","floor":3},{"not_picked":["ClearTheMind","EmptyBody"],"picked":"FollowUp","floor":4},{"not_picked":["ClearTheMind","SashWhip"],"picked":"TalkToTheHand","floor":5},{"not_picked":["CutThroughFate","WreathOfFlame"],"picked":"WaveOfTheHand","floor":7},{"not_picked":["FlyingSleeves","SashWhip"],"picked":"SignatureMove","floor":10},{"not_picked":["CrushJoints","Wallop"],"picked":"Consecrate","floor":11},{"not_picked":["EmptyFist","Evaluate","CarveReality"],"picked":"Collect","floor":13},{"not_picked":["ConjureBlade","JustLucky","Fasting2"],"picked":"Swivel","floor":14}],"player_experience":54604,"relics_obtained":[{"floor":7,"key":"Strawberry"},{"floor":9,"key":"Bottled Lightning"},{"floor":11,"key":"Question Card"}],"event_choices":[{"damage_healed":0,"gold_gain":0,"player_choice":"Damaged","damage_taken":7,"max_hp_gain":0,"max_hp_loss":0,"event_name":"Wheel of Change","floor":2,"gold_loss":0}],"is_beta":false,"boss_relics":[],"items_purged_floors":[],"is_endless":false,"potions_floor_spawned":[3,4,5],"killed_by":"The Guardian","ascension_level":0}}