{"host":"4i5my69dv6e41930","time":1613713067,"event":{"mods":["AchievementEnabler","BaseMod","Minty Spire (QoL Compilation)","Relic Stats"],"gold_per_floor":[115,127,144,144,144,144,109,109,132,182,211,211,56,105,105,210,210,244,272,63,72,94,94,144,144,144,189,48,86,104,104,104,190,190,219,238,238,253,272,272,314,314,314,344,394,413,435,452,452,452,452,452],"floor_reached":51,"language":"ENG","playtime":5198,"items_purged":["Strike_G","Strike_G"],"score":1696,"play_id":"b673ff49-e10a-4259-a3c8-edd82e5b6cc4","local_time":"20210219003747","is_ascension_mode":true,"campfire_choices":[{"data":"Blade Dance","floor":6.0,"key":"SMITH"},{"data":"Neutralize","floor":8.0,"key":"SMITH"},{"data":"Finisher","floor":12.0,"key":"SMITH"},{"data":"Crippling Poison","floor":15.0,"key":"SMITH"},{"data":"Catalyst","floor":23,"key":"SMITH"},{"data":"Crippling Poison","floor":25,"key":"SMITH"},{"data":"Footwork","floor":32,"key":"SMITH"},{"data":"Well Laid Plans","floor":40,"key":"SMITH"},{"data":"Burst","floor":42,"key":"SMITH"},{"floor":49,"key":"RECALL"}],"circlet_count":0,"master_deck":["AscendersBane","Defend_G","Defend_G","Defend_G","Defend_G","Defend_G","Survivor","Neutralize+1","Blade Dance+1","Adrenaline","Escape Plan","Finisher+1","Well Laid Plans+1","Crippling Poison+1","Deadly Poison","Malaise","Backflip","Catalyst+1","Backflip","Backstab","Crippling Poison+1","Footwork+1","Backflip","PiercingWail","Blade Dance","Envenom","After Image","Cloak And Dagger","PiercingWail","Burst+1","Caltrops+1","Acrobatics"],"relics":["Ring of the Snake","Bloody Idol","CeramicFish","Eternal Feather","Akabeko","SlaversCollar","Mummified Hand","The Courier","Regal Pillow","Sozu","Gremlin Horn","Meat on the Bone","Frozen Egg 2"],"acts_visited":["Exordium","TheCity","TheBeyond"],"potions_floor_usage":[27,33,41,51],"damage_taken":[{"damage":6.0,"enemies":"Small Slimes","floor":1.0,"turns":4.0},{"damage":2.0,"enemies":"Jaw Worm","floor":2.0,"turns":8.0},{"damage":0.0,"enemies":"2 Louse","floor":3.0,"turns":3.0},{"damage":20.0,"enemies":"Gremlin Nob","floor":10.0,"turns":4.0},{"damage":5.0,"enemies":"Red Slaver","floor":11.0,"turns":5.0},{"damage":0.0,"enemies":"Lagavulin","floor":14.0,"turns":4.0},{"damage":0.0,"enemies":"Slime Boss","floor":16.0,"turns":3.0},{"damage":9.0,"enemies":"Chosen","floor":18.0,"turns":7.0},{"damage":10,"enemies":"Spheric Guardian","floor":19,"turns":5},{"damage":1,"enemies":"Snecko","floor":22,"turns":4},{"damage":11,"enemies":"Book of Stabbing","floor":24,"turns":6},{"damage":18,"enemies":"Slavers","floor":27,"turns":5},{"damage":8,"enemies":"Book of Stabbing","floor":29,"turns":7},{"damage":29,"enemies":"Collector","floor":33,"turns":7},{"damage":0,"enemies":"3 Darklings","floor":35,"turns":8},{"damage":0,"enemies":"Orb Walker","floor":36,"turns":3},{"damage":8,"enemies":"3 Darklings","floor":38,"turns":7},{"damage":0,"enemies":"Sphere and 2 Shapes","floor":39,"turns":5},{"damage":0,"enemies":"Giant Head","floor":41,"turns":6},{"damage":9,"enemies":"Reptomancer","floor":44,"turns":8},{"damage":20,"enemies":"4 Shapes","floor":46,"turns":5},{"damage":1,"enemies":"Maw","floor":47,"turns":5},{"damage":18,"enemies":"Jaw Worm Horde","floor":48,"turns":5},{"damage":7,"enemies":"Donu and Deca","floor":50,"turns":12},{"damage":58,"enemies":"Time Eater","floor":51,"turns":14}],"seed_played":"-2163422194318241824","potions_obtained":[{"floor":0.0,"key":"DuplicationPotion"},{"floor":0.0,"key":"BlessingOfTheForge"},{"floor":10.0,"key":"FearPotion"},{"floor":11.0,"key":"CunningPotion"},{"floor":14.0,"key":"Fire Potion"},{"floor":18.0,"key":"GhostInAJar"},{"floor":24,"key":"PowerPotion"},{"floor":27,"key":"BlessingOfTheForge"},{"floor":33,"key":"LiquidMemories"}],"is_trial":false,"path_per_floor":["M","M","M","?","?","R","?","R","T","E","M","R","$","E","R","B",null,"M","M","$","?","M","R","E","R","T","E","$","E","?","?","R","B",null,"M","M","?","M","M","R","E","R","T","E","?","M","M","M","R","B","B"],"character_chosen":"THE_SILENT","items_purchased":["Well Laid Plans","Crippling Poison","Catalyst","SkillPotion","Backflip","PiercingWail"],"campfire_rested":0,"item_purchase_floors":[13,13,20,20,28,28],"current_hp_per_floor":[53,51,51,44,44,44,59,59,59,39,34,43,43,43,52,52,58,49,39,39,39,38,50,39,54,54,36,36,28,28,28,43,24,51,60,60,60,57,60,60,60,60,60,56,60,50,59,46,60,53,0,0],"gold":452,"neow_bonus":"THREE_SMALL_POTIONS","is_daily":false,"chose_seed":false,"campfire_upgraded":9,"win_rate":0.0,"timestamp":1613713067,"path_taken":["M","M","M","?","?","R","?","R","T","E","M","R","?","E","R","BOSS","M","M","$","?","?","R","E","R","T","E","$","E","?","?","R","BOSS","M","M","?","M","M","R","E","R","T","E","?","M","M","?","R","BOSS","BOSS"],"items_purchased_type":["Card","Card","Card","Potion","Card","Card"],"build_version":"2020-12-22","purchased_purges":2,"victory":false,"max_hp_per_floor":[66,66,66,66,60,60,60,60,60,60,60,60,60,60,60,60,60,60,60,60,60,60,60,60,60,60,60,60,60,60,60,60,60,60,60,60,60,60,60,60,60,60,60,60,60,60,60,60,60,60,60,60],"relic_stats":{"Sozu":2,"Regal Pillow":0,"Gremlin Horn":[15,15],"counters":[25,150],"Mummified Hand":[57],"Bloody Idol":61,"CeramicFish":207,"Eternal Feather":74,"obtain_stats":[{"Regal Pillow":29,"Gremlin Horn":41,"Golden Idol":5,"CeramicFish":9,"Eternal Feather":10,"The Courier":27,"Frozen Egg 2":44,"Akabeko":14,"Sozu":34,"SlaversCollar":17,"Mummified Hand":24,"Bloody Idol":31,"Ring of the Snake":0,"Meat on the Bone":43},{"Regal Pillow":13,"Gremlin Horn":19,"Golden Idol":3,"CeramicFish":3,"Eternal Feather":4,"The Courier":12,"Frozen Egg 2":20,"Akabeko":6,"Sozu":14,"SlaversCollar":7,"Mummified Hand":11,"Bloody Idol":13,"Ring of the Snake":0,"Meat on the Bone":19},{"Regal Pillow":65,"Gremlin Horn":101,"Golden Idol":15,"CeramicFish":15,"Eternal Feather":19,"The Courier":58,"Frozen Egg 2":109,"Akabeko":28,"Sozu":72,"SlaversCollar":31,"Mummified Hand":53,"Bloody Idol":65,"Ring of the Snake":0,"Meat on the Bone":101}],"Ring of the Snake":[50],"Meat on the Bone":0},"card_choices":[{"not_picked":["Deflect","Underhanded Strike","Dodge and Roll"],"picked":"SKIP","floor":1.0},{"not_picked":["Infinite Blades","Cloak And Dagger"],"picked":"Blade Dance","floor":2.0},{"not_picked":["Blur","Prepared"],"picked":"Adrenaline","floor":3.0},{"not_picked":["Outmaneuver","PiercingWail"],"picked":"Escape Plan","floor":10.0},{"not_picked":["PiercingWail","Outmaneuver"],"picked":"Finisher","floor":11.0},{"not_picked":["Dodge and Roll","Acrobatics"],"picked":"Deadly Poison","floor":14.0},{"not_picked":["Tools of the Trade","Adrenaline"],"picked":"Malaise","floor":16.0},{"not_picked":["Deadly Poison","Dagger Spray"],"picked":"Backflip","floor":18.0},{"not_picked":["Tactician","Sucker Punch"],"picked":"Dash","floor":19},{"not_picked":["Outmaneuver","Setup+1"],"picked":"Backstab","floor":22},{"not_picked":["Dagger Throw","Deflect"],"picked":"Crippling Poison","floor":24},{"not_picked":["Predator","Bane"],"picked":"Footwork","floor":27},{"not_picked":["Unload","Dagger Throw","Skewer"],"picked":"SKIP","floor":29},{"not_picked":["Envenom","Venomology"],"picked":"After Image","floor":33},{"not_picked":["Poisoned Stab","Flechettes+1"],"picked":"Cloak And Dagger","floor":35},{"not_picked":["Deadly Poison","Prepared"],"picked":"PiercingWail","floor":36},{"not_picked":["Poisoned Stab+1","Setup","Deadly Poison+1"],"picked":"SKIP","floor":38},{"not_picked":["Dodge and Roll","Outmaneuver+1","Flechettes"],"picked":"SKIP","floor":39},{"not_picked":["Crippling Poison+1","Distraction+1"],"picked":"Burst","floor":41},{"not_picked":["Expertise+1","Predator","Underhanded Strike"],"picked":"SKIP","floor":44},{"not_picked":["Distraction","Finisher"],"picked":"Caltrops+1","floor":46},{"not_picked":["Blade Dance","Deadly Poison"],"picked":"Acrobatics","floor":47},{"not_picked":["Underhanded Strike","Poisoned Stab","Riddle With Holes"],"picked":"SKIP","floor":48}],"player_experience":58757,"relics_obtained":[{"floor":9.0,"key":"CeramicFish"},{"floor":10.0,"key":"Eternal Feather"},{"floor":14.0,"key":"Akabeko"},{"floor":24,"key":"Mummified Hand"},{"floor":27,"key":"The Courier"},{"floor":29,"key":"Regal Pillow"},{"floor":41,"key":"Gremlin Horn"},{"floor":43,"key":"Meat on the Bone"},{"floor":44,"key":"Frozen Egg 2"}],"event_choices":[{"cards_removed":["Strike_G"],"damage_healed":0.0,"max_hp_gain":0.0,"max_hp_loss":0.0,"gold_gain":0.0,"event_name":"Golden Wing","player_choice":"Card Removal","floor":4.0,"gold_loss":0.0,"damage_taken":7.0},{"damage_healed":0.0,"max_hp_gain":0.0,"max_hp_loss":6.0,"gold_gain":0.0,"event_name":"Golden Idol","player_choice":"Lose Max HP","floor":5.0,"gold_loss":0.0,"damage_taken":0.0,"relics_obtained":["Golden Idol"]},{"damage_healed":15.0,"max_hp_gain":0.0,"max_hp_loss":0.0,"gold_gain":0.0,"event_name":"The Cleric","player_choice":"Healed","floor":7.0,"gold_loss":35.0,"damage_taken":0.0},{"damage_healed":0,"gold_gain":0,"player_choice":"1 cards matched","damage_taken":0,"max_hp_gain":0,"max_hp_loss":0,"event_name":"Match and Keep!","floor":21,"gold_loss":0,"cards_obtained":["Backflip"]},{"damage_healed":0,"gold_gain":0,"cards_transformed":["Strike_G","Strike_G"],"player_choice":"Became Test Subject","damage_taken":0,"max_hp_gain":0,"max_hp_loss":0,"event_name":"Drug Dealer","floor":30,"gold_loss":0,"cards_obtained":["Blade Dance","Envenom"]},{"damage_healed":0,"gold_gain":0,"player_choice":"Gave Idol","damage_taken":0,"relics_obtained":["Bloody Idol"],"max_hp_gain":0,"max_hp_loss":0,"event_name":"Forgotten Altar","floor":31,"relics_lost":["Golden Idol"],"gold_loss":0},{"cards_removed":["Dash"],"damage_healed":0,"gold_gain":0,"player_choice":"Removed Attack","damage_taken":0,"max_hp_gain":0,"max_hp_loss":0,"event_name":"Falling","floor":37,"gold_loss":0},{"damage_healed":0,"gold_gain":50,"player_choice":"Pray","damage_taken":0,"max_hp_gain":0,"max_hp_loss":0,"event_name":"Golden Shrine","floor":45,"gold_loss":0}],"is_beta":false,"boss_relics":[{"not_picked":["Tiny House","Philosopher\u0027s Stone"],"picked":"SlaversCollar"},{"not_picked":["Black Star","Calling Bell"],"picked":"Sozu"}],"items_purged_floors":[20,28],"is_endless":false,"potions_floor_spawned":[2,10,11,14,18,24,27,33,38,46,47],"killed_by":"Time Eater","ascension_level":20}}