{"host":"Sylvester","time":1613703517,"event":{"mods":["AchievementEnabler","BaseMod","Filter the Spire","Lobotomy","Minty Spire (QoL Compilation)","Replay The Spire","StSLib"],"gold_per_floor":[116,126,141,178,13,45,62,62,62],"floor_reached":8,"language":"ENG","playtime":300,"items_purged":[],"score":116,"play_id":"7e182f31-cf88-4846-a500-a10d1ab3af65","local_time":"20210218185837","is_ascension_mode":true,"campfire_choices":[],"circlet_count":0,"master_deck":["AscendersBane","Strike_R","Strike_R","Strike_R","Strike_R","Strike_R","Defend_R","Defend_R","Defend_R","Defend_R","Bash","ReplayTheSpireMod:Stacked","Uppercut","Anger","Cleave","Massacre","Clash"],"relics":["Runic Cube","ReplayTheSpireMod:Lightbulb","Red Skull","Sundial"],"acts_visited":["Exordium"],"potions_floor_usage":[6,7,8],"damage_taken":[{"damage":11,"enemies":"Small Slimes","floor":1,"turns":3},{"damage":2,"enemies":"Jaw Worm","floor":2,"turns":4},{"damage":1,"enemies":"Cultist","floor":3,"turns":3},{"damage":15,"enemies":"3 Sentries","floor":6,"turns":6},{"damage":0,"enemies":"Large Slime","floor":7,"turns":1},{"damage":20,"enemies":"Lagavulin","floor":8,"turns":2}],"seed_played":"-923750198851107497","potions_obtained":[{"floor":4,"key":"LiquidMemories"},{"floor":4,"key":"Toxic Potion"},{"floor":6,"key":"SteroidPotion"}],"is_trial":false,"path_per_floor":["M","M","M","?","$","E","M","E"],"character_chosen":"IRONCLAD","items_purchased":["Red Skull"],"campfire_rested":0,"item_purchase_floors":[5],"current_hp_per_floor":[57,55,54,24,24,9,9,0,0],"gold":62,"neow_bonus":"BOSS_RELIC","is_daily":false,"chose_seed":false,"campfire_upgraded":0,"win_rate":0.0,"timestamp":1613703517,"path_taken":["M","M","M","?","?","E","M","E"],"items_purchased_type":["Relic"],"build_version":"2020-11-17","purchased_purges":0,"victory":false,"max_hp_per_floor":[75,75,75,75,75,75,75,75,75],"card_choices":[{"not_picked":["Clothesline","Havoc"],"picked":"ReplayTheSpireMod:Stacked","floor":1},{"not_picked":["Metallicize","ReplayTheSpireMod:Strike From Hell"],"picked":"Uppercut","floor":2},{"not_picked":["ReplayTheSpireMod:Strike From Hell","Warcry"],"picked":"Anger","floor":3},{"not_picked":["Headbutt","Body Slam"],"picked":"Cleave","floor":4},{"not_picked":["Barricade","Sentinel"],"picked":"Massacre","floor":6},{"not_picked":["Havoc","Pommel Strike"],"picked":"Clash","floor":7}],"player_experience":280376,"relics_obtained":[{"floor":4,"key":"ReplayTheSpireMod:Lightbulb"},{"floor":6,"key":"Sundial"}],"event_choices":[],"is_beta":true,"boss_relics":[],"items_purged_floors":[],"is_endless":false,"potions_floor_spawned":[6],"killed_by":"Lagavulin","ascension_level":20}}