{"host":"dxw0slwvk2p0izr3","time":1613752781,"event":{"mods":["BaseMod","Downfall","Minty Spire (QoL Compilation)","Replay The Spire","Shop Mod","StSLib"],"gold_per_floor":[109,109,109,127,127,127,157,157,235,235,267,267,286,299,299,299,299,333,333,356,356,383,383,431,461,461,493,535,577,589,589],"floor_reached":30,"language":"ZHS","playtime":1177,"items_purged":[],"score":351,"play_id":"116ffd71-49af-4beb-ac8e-b77ffbe6c1fd","local_time":"20210220003941","is_ascension_mode":true,"campfire_choices":[{"data":"FlurryOfBlows","floor":6.0,"key":"SMITH"},{"data":"1","floor":8.0,"key":"LIFT"},{"data":"Study","floor":10.0,"key":"SMITH"},{"data":"2","floor":12.0,"key":"LIFT"},{"data":"3","floor":15.0,"key":"LIFT"},{"data":"Alpha","floor":23.0,"key":"SMITH"}],"circlet_count":0,"master_deck":["Strike_P","Strike_P+1","Strike_P+1","Strike_P","Defend_P+1","Defend_P+1","Defend_P+1","Eruption+1","Vigilance+1","Replay:BluntJabs","FlurryOfBlows+1","Study+1","LessonLearned","Crescendo","Consecrate+1","CurseOfTheBell","Tantrum","Necronomicurse","Replay:Hum","Alpha+1","JustLucky","Wireheading","ClearTheMind+1","Consecrate","Protect+1"],"relics":["PureWater","NeowsBlessing","Girya","Garlic","White Beast Statue","Calling Bell","Replay:Bandana","HornCleat","TungstenRod","Necronomicon","Question Card","ReplayTheSpireMod:TigerMarble"],"acts_visited":["Exordium","TheCity"],"potions_floor_usage":[24,29,30],"damage_taken":[{"damage":0.0,"enemies":"2 Louse","floor":1.0,"turns":1.0},{"damage":0.0,"enemies":"Cultist","floor":4.0,"turns":1.0},{"damage":0.0,"enemies":"Gremlin Nob","floor":7.0,"turns":1.0},{"damage":7.0,"enemies":"3 Sentries","floor":11.0,"turns":5.0},{"damage":7.0,"enemies":"Small Slimes","floor":13.0,"turns":3.0},{"damage":0.0,"enemies":"Exordium Wildlife","floor":14.0,"turns":1.0},{"damage":41.0,"enemies":"Hexaghost","floor":16.0,"turns":6.0},{"damage":5.0,"enemies":"3 Byrds","floor":18.0,"turns":4.0},{"damage":0.0,"enemies":"Spheric Guardian","floor":20.0,"turns":2.0},{"damage":0.0,"enemies":"Snake Plant","floor":22.0,"turns":2.0},{"damage":8,"enemies":"Gremlin Leader","floor":24,"turns":5},{"damage":12,"enemies":"Centurion and Healer","floor":25,"turns":3},{"damage":0,"enemies":"Snecko","floor":27,"turns":3},{"damage":35,"enemies":"Slavers","floor":28,"turns":4},{"damage":0,"enemies":"3 Cultists","floor":29,"turns":3},{"damage":19,"enemies":"Replay:Snechameleon","floor":30,"turns":3}],"seed_played":"-736782044512054903","potions_obtained":[{"floor":13.0,"key":"Fruit Juice"},{"floor":14.0,"key":"SkillPotion"},{"floor":18.0,"key":"BottledMiracle"},{"floor":20.0,"key":"bronze:BurnAndBuffPotion"},{"floor":22.0,"key":"Explosive Potion"},{"floor":24,"key":"Weak Potion"},{"floor":27,"key":"CultistPotion"},{"floor":29,"key":"Fire Potion"}],"is_trial":false,"path_per_floor":["M","?","?","M","?","R","E","R","T","R","E","R","M","M","R","B",null,"M","?","M","?","M","R","E","M","T","M","E","M","E"],"character_chosen":"WATCHER","items_purchased":[],"campfire_rested":0,"item_purchase_floors":[],"current_hp_per_floor":[72,72,72,72,72,72,72,72,72,72,65,65,63,63,63,22,77,72,60,60,60,60,60,52,40,40,40,5,5,0,0],"gold":589,"neow_bonus":"THREE_ENEMY_KILL","is_daily":false,"chose_seed":false,"campfire_upgraded":3,"win_rate":0.0,"timestamp":1613752781,"path_taken":["M","?","?","?","?","R","E","R","T","R","E","R","M","M","R","BOSS","M","?","M","?","M","R","E","?","T","M","E","M","E"],"items_purchased_type":[],"build_version":"2020-12-22","purchased_purges":0,"victory":false,"max_hp_per_floor":[72,72,72,72,72,72,72,72,72,72,72,72,77,77,77,77,77,77,77,77,77,77,77,77,77,77,77,77,77,77,77],"card_choices":[{"not_picked":["Protect","DeceiveReality"],"picked":"Replay:BluntJabs","floor":1.0},{"not_picked":["Replay:Hum","Prostrate"],"picked":"FlurryOfBlows","floor":4.0},{"not_picked":["CutThroughFate","ClearTheMind"],"picked":"Study","floor":7.0},{"not_picked":["Blasphemy","FlyingSleeves"],"picked":"LessonLearned","floor":11.0},{"not_picked":["ThirdEye","CarveReality"],"picked":"Crescendo","floor":13.0},{"not_picked":["FollowUp","Replay:DivineShield"],"picked":"Consecrate","floor":14.0},{"not_picked":["FlyingSleeves","Replay:DivineShield+1"],"picked":"Tantrum","floor":18.0},{"not_picked":["DeceiveReality+1","Halt+1"],"picked":"Replay:Hum","floor":20.0},{"not_picked":["JustLucky","EmptyFist","EmptyBody"],"picked":"SKIP","floor":22.0},{"not_picked":["Protect","EmptyMind+1"],"picked":"JustLucky","floor":24},{"not_picked":["SignatureMove+1","FollowUp","Protect"],"picked":"Wireheading","floor":25},{"not_picked":["WreathOfFlame","ForeignInfluence","SashWhip"],"picked":"ClearTheMind+1","floor":27},{"not_picked":["Wish","Conclude+1","Swivel"],"picked":"Consecrate","floor":28},{"not_picked":["ClearTheMind","Pray","FlyingSleeves"],"picked":"Protect+1","floor":29}],"player_experience":80487,"relics_obtained":[{"floor":7.0,"key":"Girya"},{"floor":9.0,"key":"Garlic"},{"floor":11.0,"key":"White Beast Statue"},{"floor":17.0,"key":"Replay:Bandana"},{"floor":17.0,"key":"HornCleat"},{"floor":17.0,"key":"TungstenRod"},{"floor":19.0,"key":"Necronomicon"},{"floor":24,"key":"Question Card"},{"floor":28,"key":"ReplayTheSpireMod:TigerMarble"}],"event_choices":[{"cards_removed":["Defend_P"],"damage_healed":0.0,"max_hp_gain":0.0,"max_hp_loss":0.0,"gold_gain":0.0,"event_name":"Living Wall","player_choice":"Forget","floor":2.0,"gold_loss":0.0,"damage_taken":0.0},{"damage_healed":0.0,"max_hp_gain":0.0,"max_hp_loss":0.0,"gold_gain":0.0,"event_name":"Wheel of Change","player_choice":"Full Heal","floor":3.0,"gold_loss":0.0,"damage_taken":0.0},{"damage_healed":0.0,"max_hp_gain":0.0,"max_hp_loss":0.0,"gold_gain":0.0,"event_name":"Accursed Blacksmith","player_choice":"Forge","floor":5.0,"gold_loss":0.0,"damage_taken":0.0,"cards_upgraded":["Eruption"]},{"damage_healed":0.0,"max_hp_gain":0.0,"max_hp_loss":0.0,"gold_gain":0.0,"event_name":"Cursed Tome","player_choice":"Obtained Book","floor":19.0,"gold_loss":0.0,"damage_taken":16.0},{"damage_healed":0.0,"max_hp_gain":0.0,"max_hp_loss":0.0,"gold_gain":0.0,"event_name":"Match and Keep!","player_choice":"1 cards matched","floor":21.0,"gold_loss":0.0,"damage_taken":0.0,"cards_obtained":["Alpha"]}],"is_beta":false,"boss_relics":[{"not_picked":["Coffee Dripper","Runic Pyramid"],"picked":"Calling Bell"}],"items_purged_floors":[],"is_endless":false,"potions_floor_spawned":[13,14,16,18,20,22,24,25,27,28,29],"killed_by":"Replay:Snechameleon","ascension_level":3}}