{"host":"hemqwg9ve6welna9","time":1613721518,"event":{"mods":["2.2 Compatiblity","AchievementEnabler","BaseMod","Beaked The Cultist","Bestiary","Better Match","Better Note","Better Third Choice","BetterRewards","Conspire","Curses Come First","Dio Mod","Downfall","Gremlin Mod","Hermit","Highlight Path","Hubris","Melee Mod","Minty Spire (QoL Compilation)","Permanent Neow","Potionbrewer","Quick Restart","Rare Cards Sparkle","Relic Stats","Reliquary","Robot Space Explorer","SOS???????","Shop Mod","StSLib","SuperFastMode","Td1madao Mod","The Bug Knight","The Cursed","The Disciple","The Forsaken","The Hierophant","The Jungle","The Marked","The Runesmith","The Senshi","The Servant 0.9.4","The Wild Card","TheBandit","TheVacant","everything is the same but u backflip on backflip"],"gold_per_floor":[154,154,172,122,122,122,183,36,36,61,134,134,205,205,205,269,269],"floor_reached":16,"language":"ENG","playtime":1046,"items_purged":["Injury"],"score":100,"play_id":"98e2de26-2cc0-49c5-a9a1-b08600825e5f","local_time":"20210219015838","is_ascension_mode":false,"campfire_choices":[{"data":"Redorb","floor":6.0,"key":"SMITH"},{"floor":12.0,"key":"REST"},{"floor":15.0,"key":"REST"}],"circlet_count":0,"master_deck":["Attack_a","Attack_a","Attack_b","Shoot","Shoot","Provocation+1","Defend_Dante","Defend_Dante","Defend_Dante","Defend_Dante","Redorb+1","Gunslinger","Lucifer","Doubleshoot","conspire:SpireCoStock","Pandora","LucifercomboA","Whiteorb","Greenorb","SSScard","LucifercomboC","BeastUppercut","Millionstab","Chargeshoot","Pandora","LucifercomboD","Royalguard"],"relics":["SSS","Combocheck","Golden Idol","reliquary:PurpleTingedLeaf","potionbrewer:BoosterPack"],"acts_visited":["Exordium"],"potions_floor_usage":[16,16],"damage_taken":[{"damage":2.0,"enemies":"Jaw Worm","floor":1.0,"turns":6.0},{"damage":0.0,"enemies":"Cultist","floor":3.0,"turns":3.0},{"damage":0.0,"enemies":"2 Louse","floor":7.0,"turns":3.0},{"damage":14.0,"enemies":"Large Slime","floor":10.0,"turns":4.0},{"damage":58.0,"enemies":"Gremlin Nob","floor":11.0,"turns":5.0},{"damage":32.0,"enemies":"Exordium Wildlife","floor":13.0,"turns":4.0},{"damage":59,"enemies":"Slime Boss","floor":16,"turns":8}],"seed_played":"6934291548731039035","potions_obtained":[{"floor":1.0,"key":"Explosive Potion"},{"floor":2.0,"key":"FairyPotion"},{"floor":2.0,"key":"potionbrewer:BlacksmithPotion"},{"floor":2.0,"key":"potionbrewer:FreezingPotion"},{"floor":7.0,"key":"LiquidMemories"},{"floor":11.0,"key":"LiquidBronze"},{"floor":13.0,"key":"Swift Potion"}],"is_trial":false,"path_per_floor":["M","?","M","?","?","R","M","$","T","M","E","R","M","$","R","B"],"character_chosen":"DANTE","items_purchased":["Gunslinger","LucifercomboA","Whiteorb","potionbrewer:BoosterPack"],"campfire_rested":2,"item_purchase_floors":[0,8,8,14],"current_hp_per_floor":[78,78,78,78,78,78,78,78,78,64,15,39,12,2,26,0,0],"gold":269,"neow_bonus":"","is_daily":false,"chose_seed":false,"campfire_upgraded":1,"win_rate":0.0,"timestamp":1613721518,"path_taken":["M","?","?","?","?","R","M","$","T","M","E","R","M","?","R","BOSS"],"items_purchased_type":["Card","Card","Card","Relic"],"build_version":"2020-12-22","purchased_purges":1,"victory":false,"max_hp_per_floor":[80,80,80,80,80,80,80,80,80,80,80,80,80,80,80,80,80],"relic_stats":{"counters":[24,96],"Golden Idol":22,"obtain_stats":[{"Lantern":7,"reliquary:Aerogel":4,"Golden Idol":5,"Oddly Smooth Stone":26,"hubris:MysteriousPyramids":9,"Combocheck":0,"sneckomod:BabySnecko":24,"SsserpentHead":30,"SSS":0,"potionbrewer:BoosterPack":14,"reliquary:CitrusReamer":0,"Ornamental Fan":9,"betterThird:SlimedRelic":7,"theSenshi:SailorFukuRelic":31,"FossilizedHelix":5,"bronze:MakeshiftBattery":17,"TungstenRod":28,"reliquary:PurpleTingedLeaf":11},{"Lantern":4,"reliquary:Aerogel":16,"Golden Idol":19,"Oddly Smooth Stone":11,"hubris:MysteriousPyramids":16,"Combocheck":0,"sneckomod:BabySnecko":11,"SsserpentHead":13,"SSS":0,"potionbrewer:BoosterPack":23,"reliquary:CitrusReamer":14,"Ornamental Fan":4,"betterThird:SlimedRelic":16,"theSenshi:SailorFukuRelic":13,"FossilizedHelix":3,"bronze:MakeshiftBattery":7,"TungstenRod":12,"reliquary:PurpleTingedLeaf":22},{"Lantern":15,"reliquary:Aerogel":57,"Golden Idol":72,"Oddly Smooth Stone":38,"hubris:MysteriousPyramids":57,"Combocheck":0,"sneckomod:BabySnecko":38,"SsserpentHead":43,"SSS":0,"potionbrewer:BoosterPack":88,"reliquary:CitrusReamer":49,"Ornamental Fan":15,"betterThird:SlimedRelic":57,"theSenshi:SailorFukuRelic":43,"FossilizedHelix":12,"bronze:MakeshiftBattery":25,"TungstenRod":41,"reliquary:PurpleTingedLeaf":84}]},"card_choices":[{"not_picked":["Millionkick","Weaponchange"],"picked":"Lucifer","floor":1.0},{"not_picked":["GilgameshcomboA","LucifercomboD"],"picked":"Doubleshoot","floor":3.0},{"not_picked":["Millionstab","LucifercomboC"],"picked":"Pandora","floor":7.0},{"not_picked":["Gilgamesh","Gunstinger"],"picked":"Greenorb","floor":10.0},{"not_picked":["Doubleshoot","Gunstinger"],"picked":"SSScard","floor":11.0},{"not_picked":["SSScard","Weaponupgrade"],"picked":"LucifercomboC","floor":13.0}],"player_experience":15693,"relics_obtained":[{"floor":11.0,"key":"reliquary:PurpleTingedLeaf"}],"event_choices":[{"damage_healed":0.0,"max_hp_gain":0.0,"max_hp_loss":0.0,"gold_gain":0.0,"event_name":"Lab","player_choice":"Got Potions","floor":2.0,"gold_loss":0.0,"damage_taken":0.0},{"damage_healed":0.0,"max_hp_gain":0.0,"max_hp_loss":0.0,"gold_gain":0.0,"event_name":"conspire:Investor","player_choice":"Invest 1","floor":4.0,"gold_loss":0.0,"damage_taken":0.0},{"damage_healed":0.0,"max_hp_gain":0.0,"max_hp_loss":0.0,"gold_gain":0.0,"event_name":"Golden Idol","player_choice":"Take Wound","floor":5.0,"gold_loss":0.0,"damage_taken":0.0,"relics_obtained":["Golden Idol"],"cards_obtained":["Injury"]}],"is_beta":false,"boss_relics":[],"items_purged_floors":[8],"is_endless":false,"potions_floor_spawned":[1,7,11,13],"killed_by":"Slime Boss","ascension_level":0}}