{"host":"og6lam4kt3nibbw0","time":1613758801,"event":{"mods":["AchievementEnabler","BaseMod","Colored Map","DeckTracker","Highlight Path","Keyboard Shortcuts","Minty Spire (QoL Compilation)","Permanent Neow","Quick Restart","StSLib","SuperFastMode"],"gold_per_floor":[111,36,36,36,54,54,86,86,164,164,177,227,243,255,255,333,383,383,383,397,416,273,273,304,229,301,301,96,121,121,140,140,217,217,231,247,247,258,258,258,108,108,132,163,163,183,201,220,220,220,220,220,220,45,75,75,75],"floor_reached":56,"language":"KOR","playtime":3187,"items_purged":["Defend_G","Strike_G","Strike_G","Defend_G","Strike_G"],"score":2080,"play_id":"c013860c-9dbe-4b6e-9bb0-5317a33ab4ee","local_time":"20210220032001","is_ascension_mode":true,"campfire_choices":[{"data":"Catalyst","floor":6.0,"key":"SMITH"},{"data":"Deadly Poison","floor":8.0,"key":"SMITH"},{"data":"Acrobatics","floor":10.0,"key":"SMITH"},{"data":"Neutralize","floor":15.0,"key":"SMITH"},{"data":"Wraith Form v2","floor":23.0,"key":"SMITH"},{"data":"Noxious Fumes","floor":30.0,"key":"SMITH"},{"floor":32.0,"key":"REST"},{"floor":40.0,"key":"REST"},{"floor":42.0,"key":"RECALL"},{"floor":49.0,"key":"REST"},{"floor":53.0,"key":"REST"}],"circlet_count":0,"master_deck":["AscendersBane","Strike_G","Defend_G+1","Defend_G","Survivor","Neutralize+1","Deadly Poison+1","Catalyst+1","Acrobatics+1","Burst+1","Tactician+1","Backflip+1","Wraith Form v2+1","Blur+1","RitualDagger","Noxious Fumes+1","Acrobatics+1","Reflex+1","PiercingWail+1","Venomology+1","Blur+1","Escape Plan+1","Noxious Fumes+1","Madness+1","Madness+1","Crippling Poison+1","Panacea+1","Bouncing Flask+1","Calculated Gamble+1","Malaise+1"],"relics":["Ring of the Snake","NeowsBlessing","MealTicket","Toxic Egg 2","Tiny House","Prayer Wheel","Mercury Hourglass","Fusion Hammer","Boot","Gremlin Horn","Letter Opener"],"acts_visited":["Exordium","TheCity","TheBeyond","TheEnding"],"potions_floor_usage":[56,56],"damage_taken":[{"damage":0.0,"enemies":"Cultist","floor":1.0,"turns":1.0},{"damage":0.0,"enemies":"2 Louse","floor":5.0,"turns":1.0},{"damage":0.0,"enemies":"Gremlin Nob","floor":7.0,"turns":1.0},{"damage":4.0,"enemies":"Small Slimes","floor":11.0,"turns":4.0},{"damage":6.0,"enemies":"2 Fungi Beasts","floor":13.0,"turns":4.0},{"damage":6.0,"enemies":"Looter","floor":14.0,"turns":3.0},{"damage":0.0,"enemies":"The Guardian","floor":16.0,"turns":2.0},{"damage":0.0,"enemies":"2 Thieves","floor":18.0,"turns":1.0},{"damage":11.0,"enemies":"Spheric Guardian","floor":20.0,"turns":5.0},{"damage":6.0,"enemies":"Snake Plant","floor":21.0,"turns":5.0},{"damage":13.0,"enemies":"Book of Stabbing","floor":24.0,"turns":5.0},{"damage":29.0,"enemies":"Slavers","floor":29.0,"turns":8.0},{"damage":0.0,"enemies":"Sentry and Sphere","floor":31.0,"turns":4.0},{"damage":22.0,"enemies":"Collector","floor":33.0,"turns":5.0},{"damage":0.0,"enemies":"3 Darklings","floor":35.0,"turns":7.0},{"damage":1.0,"enemies":"3 Shapes","floor":36.0,"turns":8.0},{"damage":22.0,"enemies":"Jaw Worm Horde","floor":38.0,"turns":4.0},{"damage":30.0,"enemies":"Nemesis","floor":44.0,"turns":11.0},{"damage":0.0,"enemies":"3 Darklings","floor":46.0,"turns":4.0},{"damage":15.0,"enemies":"Sphere and 2 Shapes","floor":47.0,"turns":5.0},{"damage":8.0,"enemies":"Transient","floor":48.0,"turns":6.0},{"damage":0.0,"enemies":"Awakened One","floor":50.0,"turns":11.0},{"damage":22.0,"enemies":"Donu and Deca","floor":51.0,"turns":9.0},{"damage":40,"enemies":"Shield and Spear","floor":55,"turns":6},{"damage":58,"enemies":"The Heart","floor":56,"turns":8}],"seed_played":"8029404053345954376","potions_obtained":[{"floor":7.0,"key":"Energy Potion"},{"floor":11.0,"key":"PowerPotion"},{"floor":17.0,"key":"SmokeBomb"},{"floor":20.0,"key":"Energy Potion"},{"floor":29.0,"key":"PowerPotion"},{"floor":36.0,"key":"DuplicationPotion"},{"floor":44.0,"key":"SpeedPotion"},{"floor":47.0,"key":"AttackPotion"}],"is_trial":false,"path_per_floor":["M","$","?","?","M","R","E","R","T","R","M","?","M","M","R","B",null,"M","?","M","M","$","R","E","?","T","?","$","E","R","M","R","B",null,"M","M","?","M","?","R","$","R","T","E","?","M","M","M","R","B","B",null,"R","$","E","B"],"character_chosen":"THE_SILENT","items_purchased":["Noxious Fumes","Reflex+1"],"campfire_rested":4,"item_purchase_floors":[22,28],"current_hp_per_floor":[59,59,64,57,57,57,57,57,57,57,53,53,47,41,41,41,69,69,63,52,46,61,61,48,48,48,48,63,34,34,34,56,34,66,66,65,51,29,29,51,66,66,66,36,36,36,21,13,35,35,13,60,76,76,36,0,0],"gold":75,"neow_bonus":"THREE_ENEMY_KILL","is_daily":false,"chose_seed":false,"campfire_upgraded":6,"win_rate":0.0,"timestamp":1613758801,"path_taken":["M","?","?","?","M","R","E","R","T","R","M","?","?","M","M","R","BOSS","M","?","M","M","$","R","E","?","T","?","$","E","R","M","R","BOSS","M","M","?","M","?","R","?","R","T","E","?","M","?","M","R","BOSS","BOSS","R","$","E","BOSS"],"items_purchased_type":["Card","Card"],"build_version":"2020-12-22","purchased_purges":5,"victory":false,"max_hp_per_floor":[66,66,71,71,71,71,71,71,71,71,71,71,71,71,71,71,76,76,76,76,76,76,76,76,76,76,76,76,76,76,76,76,76,76,76,76,76,76,76,76,76,76,76,76,76,76,76,76,76,76,76,76,76,76,76,76,76],"card_choices":[{"not_picked":["Dodge and Roll","Expertise"],"picked":"Deadly Poison","floor":1.0},{"not_picked":["Heel Hook","Dodge and Roll"],"picked":"Catalyst","floor":5.0},{"not_picked":["Dagger Throw","Blade Dance"],"picked":"Acrobatics","floor":7.0},{"not_picked":["Poisoned Stab","Eviscerate"],"picked":"Burst+1","floor":11.0},{"not_picked":["Slice","Masterful Stab"],"picked":"Tactician+1","floor":13.0},{"not_picked":["Dash","Acrobatics+1"],"picked":"Backflip+1","floor":14.0},{"not_picked":["Phantasmal Killer+1","After Image"],"picked":"Wraith Form v2","floor":16.0},{"not_picked":["Poisoned Stab","Dagger Throw"],"picked":"Blur+1","floor":17.0},{"not_picked":["Dagger Spray","Backflip+1","Endless Agony"],"picked":"SKIP","floor":20.0},{"not_picked":["Dagger Throw","Predator","Masterful Stab"],"picked":"SKIP","floor":21.0},{"not_picked":["Quick Slash","Night Terror+1"],"picked":"Acrobatics+1","floor":24.0},{"not_picked":["Leg Sweep+1","Bane+1","Malaise+1"],"picked":"SKIP","floor":29.0},{"not_picked":["Backstab","Dash"],"picked":"PiercingWail+1","floor":31.0},{"not_picked":["Slice","Quick Slash","Flying Knee"],"picked":"SKIP","floor":31.0},{"not_picked":["Phantasmal Killer+1","Storm of Steel+1"],"picked":"Venomology+1","floor":33.0},{"not_picked":["Calculated Gamble+1","Accuracy"],"picked":"Blur+1","floor":35.0},{"not_picked":["Choke","Dodge and Roll+1"],"picked":"Escape Plan+1","floor":35.0},{"not_picked":["Predator","Poisoned Stab"],"picked":"Noxious Fumes+1","floor":36.0},{"not_picked":["Flying Knee","Outmaneuver+1","Sucker Punch"],"picked":"SKIP","floor":36.0},{"not_picked":["Backflip+1","Dagger Spray"],"picked":"Crippling Poison+1","floor":38.0},{"not_picked":["Well Laid Plans","Deflect+1","Outmaneuver+1"],"picked":"SKIP","floor":38.0},{"not_picked":["Dagger Throw+1","Burst+1","Heel Hook"],"picked":"SKIP","floor":44.0},{"not_picked":["Apotheosis+1","Metamorphosis+1"],"picked":"Panacea+1","floor":45.0},{"not_picked":["Blade Dance+1","Outmaneuver+1"],"picked":"Bouncing Flask+1","floor":46.0},{"not_picked":["All Out Attack","Slice","Cloak And Dagger+1"],"picked":"SKIP","floor":46.0},{"not_picked":["Night Terror+1","Deadly Poison+1"],"picked":"Calculated Gamble+1","floor":47.0},{"not_picked":["Acrobatics+1","Backflip+1","Sucker Punch"],"picked":"SKIP","floor":47.0},{"not_picked":["Heel Hook","Cloak And Dagger+1","Poisoned Stab"],"picked":"SKIP","floor":48.0},{"not_picked":["Heel Hook","Escape Plan+1","Predator+1"],"picked":"SKIP","floor":48.0},{"not_picked":["Predator","Noxious Fumes"],"picked":"Malaise+1","floor":55}],"player_experience":975356,"relics_obtained":[{"floor":7.0,"key":"MealTicket"},{"floor":9.0,"key":"Toxic Egg 2"},{"floor":24.0,"key":"Prayer Wheel"},{"floor":29.0,"key":"Mercury Hourglass"},{"floor":43.0,"key":"Boot"},{"floor":44.0,"key":"Gremlin Horn"},{"floor":55,"key":"Letter Opener"}],"event_choices":[{"damage_healed":0.0,"max_hp_gain":5.0,"max_hp_loss":0.0,"gold_gain":0.0,"event_name":"Big Fish","player_choice":"Donut","floor":3.0,"gold_loss":0.0,"damage_taken":0.0},{"cards_removed":["Strike_G"],"damage_healed":0.0,"max_hp_gain":0.0,"max_hp_loss":0.0,"gold_gain":0.0,"event_name":"Golden Wing","player_choice":"Card Removal","floor":4.0,"gold_loss":0.0,"damage_taken":7.0},{"damage_healed":0.0,"max_hp_gain":0.0,"max_hp_loss":0.0,"gold_gain":50.0,"event_name":"Golden Shrine","player_choice":"Pray","floor":12.0,"gold_loss":0.0,"damage_taken":0.0},{"damage_healed":0.0,"max_hp_gain":0.0,"max_hp_loss":0.0,"gold_gain":0.0,"event_name":"Nest","player_choice":"Joined the Cult","floor":19.0,"gold_loss":0.0,"damage_taken":6.0,"cards_obtained":["RitualDagger"]},{"cards_removed":["Defend_G"],"damage_healed":0.0,"max_hp_gain":0.0,"max_hp_loss":0.0,"gold_gain":0.0,"event_name":"Beggar","player_choice":"Gave Gold","floor":25.0,"gold_loss":75.0,"damage_taken":0.0},{"damage_healed":0.0,"max_hp_gain":0.0,"max_hp_loss":0.0,"gold_gain":0.0,"event_name":"Cursed Tome","player_choice":"Ignored","floor":27.0,"gold_loss":0.0,"damage_taken":0.0},{"damage_healed":0.0,"max_hp_gain":0.0,"max_hp_loss":0.0,"gold_gain":0.0,"event_name":"Winding Halls","player_choice":"Embrace Madness","floor":37.0,"gold_loss":0.0,"damage_taken":14.0,"cards_obtained":["Madness","Madness"]},{"damage_healed":0.0,"max_hp_gain":0.0,"max_hp_loss":0.0,"gold_gain":0.0,"event_name":"Tomb of Lord Red Mask","player_choice":"Ignored","floor":39.0,"gold_loss":0.0,"damage_taken":0.0},{"damage_healed":0.0,"max_hp_gain":0.0,"max_hp_loss":0.0,"gold_gain":0.0,"event_name":"SensoryStone","player_choice":"Memory 1","floor":45.0,"gold_loss":0.0,"damage_taken":0.0}],"is_beta":false,"boss_relics":[{"not_picked":["Cursed Key","WristBlade"],"picked":"Tiny House"},{"not_picked":["Runic Pyramid","SlaversCollar"],"picked":"Fusion Hammer"}],"items_purged_floors":[2,22,28,41,54],"is_endless":false,"potions_floor_spawned":[7,11,20,29,31,33,36,44,47],"killed_by":"The Heart","ascension_level":20}}