{"host":"dr01x95rw3kaiuk5","time":1613734379,"event":{"mods":["ATMod(阿瑾Mod)","Act Like it!","Arknights","BaseMod","Colored Powertips","Conspire","Energized Spire","Friendly Minions","Gensokyo","GifTheSpireLib","Minty Spire (QoL Compilation)","MostiFishMod","Reliquary","Remilia（蕾米莉亚）","Replay The Spire","Shop Mod","Spicy Shops","StSLib","TestMod","UnlockEverythingMod","[IsaacMod]以撒尖塔","【遗物卡牌】REMEMod"],"gold_per_floor":[10,10,10,26,26,70,145,70,70,90,90,115,130,161,161,255,255,280,299,299,33,33,33,82,123,192,192,211,136,150,150,150,246,246,269,269,287,287,-1399,-1366,-1366,-1323,-1323,-1323,-1323,-1323,-1281,-1265,-1265,-1260,-1222],"floor_reached":52,"language":"ZHS","playtime":4103,"items_purged":["Defend_R","Defend_R","Defend_R"],"score":1997,"play_id":"8b6e46e8-cad9-42d4-9773-7019f10920d6","local_time":"20210219193259","is_ascension_mode":true,"campfire_choices":[{"data":"MostiFishMod:RacingGame","floor":11,"key":"SMITH"},{"data":"ReplayTheSpireMod:Muscle Training","floor":15,"key":"SMITH"},{"data":"MostiFishMod:RacingGame","floor":23,"key":"SMITH"},{"data":"REME_ACTH","floor":27,"key":"SMITH"},{"data":"MostiFishMod:DarkDeal","floor":32,"key":"SMITH"},{"data":"REME_ACTH","floor":41,"key":"SMITH"},{"data":"MostiFishMod:KnuckleDown","floor":45,"key":"SMITH"},{"floor":49,"key":"REST"}],"circlet_count":0,"master_deck":["AscendersBane","Strike_R","Strike_R","Strike_R","Strike_R","Strike_R","Defend_R","Bash","AT_KingSlayer","BloodyBrimstone","MostiFishMod:RainCloud+1","Heavy Blade+1","Cleave","MostiFishMod:RacingGame+1","ReplayTheSpireMod:Muscle Training+1","REME_ACTH+1","MostiFishMod:RacingGame+1","AT_Dispersion+1","Warcry+1","MostiFishMod:DarkDeal+1","Defend_R","REME_ACTH+1","conspire:Banana","Secret Technique","MostiFishMod:KnuckleDown+1","Flex+1","Thunderclap+1"],"relics":["Burning Blood","testmod-TestBox","HushsDoor","AT_ATBox","REME_ComplimentaryCards","ShadowXiaoBlade","BookofShadows","testmod-IWantAll","SynthV:TestCard","Golden Idol","Whetstone","Frozen Egg 2","testmod-AssaultLearning","Ring of Chaos","DaveBox","ChiXiaoBlade","Medical Kit","MutagenicStrength","conspire:GlowingRock","SatanicBible","Runic Pyramid","REME_PuzzleBoxRelic","SynthV:MejaisSoulstealer","testmod-TheFather","Ancient Tea Set","Toxic Egg 2"],"acts_visited":["Exordium","TheCity","TheBeyond"],"potions_floor_usage":[16],"damage_taken":[{"damage":7.0,"enemies":"Jaw Worm","floor":1.0,"turns":2.0},{"damage":0.0,"enemies":"Small Slimes","floor":4.0,"turns":2.0},{"damage":15.0,"enemies":"3 Sentries","floor":6.0,"turns":4.0},{"damage":6.0,"enemies":"2 Louse","floor":10.0,"turns":2.0},{"damage":0,"enemies":"2 Fungi Beasts","floor":12,"turns":2},{"damage":0,"enemies":"Blue Slaver","floor":13,"turns":1},{"damage":0,"enemies":"Lagavulin","floor":14,"turns":2},{"damage":1,"enemies":"Slime Boss","floor":16,"turns":3},{"damage":0,"enemies":"Spheric Guardian","floor":18,"turns":1},{"damage":1,"enemies":"Shell Parasite","floor":19,"turns":1},{"damage":20,"enemies":"Gremlin Leader","floor":25,"turns":2},{"damage":0,"enemies":"3 Cultists","floor":28,"turns":2},{"damage":2,"enemies":"Cultist and Chosen","floor":30,"turns":2},{"damage":2,"enemies":"Collector","floor":33,"turns":1},{"damage":2,"enemies":"Orb Walker","floor":35,"turns":1},{"damage":23,"enemies":"3 Shapes","floor":37,"turns":1},{"damage":0,"enemies":"Reptomancer","floor":40,"turns":1},{"damage":12,"enemies":"Nemesis","floor":42,"turns":1},{"damage":0,"enemies":"3 Darklings","floor":47,"turns":1},{"damage":12,"enemies":"Jaw Worm Horde","floor":48,"turns":1},{"damage":12,"enemies":"conspire:OrnateMirror","floor":50,"turns":1},{"damage":2,"enemies":"Donu and Deca","floor":51,"turns":1}],"seed_played":"-8624970376338263853","potions_obtained":[{"floor":10,"key":"Block Potion"},{"floor":13,"key":"Reflective Coating"},{"floor":14,"key":"FearPotion"},{"floor":25,"key":"Milkshake"},{"floor":37,"key":"Death Potion"},{"floor":48,"key":"Energy Potion"}],"is_trial":false,"path_per_floor":["M","?","?","M","$","E","?","$","T","M","R","M","M","E","R","B",null,"M","M","?","$","?","R","T","E","T","R","M","?","M","$","R","B",null,"M","?","M","?","$","E","R","E","T","?","R","?","M","M","R","B","B",null],"character_chosen":"IRONCLAD","items_purchased":["AT_Dispersion+1","Medical Kit","REME_PuzzleBoxRelic","SynthV:MejaisSoulstealer"],"campfire_rested":1,"item_purchase_floors":[17,21,39,39],"current_hp_per_floor":[67,63,37,43,43,34,23,23,23,23,23,29,35,41,41,46,65,71,71,71,71,71,71,71,57,57,57,63,63,67,67,67,71,71,71,61,44,44,44,50,50,45,45,45,45,45,52,47,68,63,67],"gold":-1222,"neow_bonus":"THREE_RARE_CARDS","is_daily":false,"chose_seed":false,"campfire_upgraded":7,"win_rate":0.0,"timestamp":1613734379,"path_taken":["M","?","?","M","$","E","?","?","T","?","R","?","M","E","R","BOSS","M","M","?","$","?","R","?","E","T","R","?","?","?","?","R","BOSS","M","?","M","?","$","E","R","E","T","?","R","?","M","M","R","BOSS","BOSS"],"items_purchased_type":["Card","Relic","Relic","Relic"],"build_version":"2020-12-22","purchased_purges":3,"victory":true,"max_hp_per_floor":[75,75,75,75,75,75,75,75,75,75,75,75,75,75,75,75,71,71,71,71,71,71,71,71,71,71,71,71,71,71,71,71,71,71,71,71,71,67,67,67,67,68,68,68,68,68,69,70,70,71,71],"card_choices":[{"not_picked":[],"picked":"BloodyBrimstone","floor":0.0},{"not_picked":["Brutality","Feed"],"picked":"MostiFishMod:RainCloud","floor":0.0},{"not_picked":["Replay:Undeath\u0027s Touch","Bomb"],"picked":"Heavy Blade","floor":1.0},{"not_picked":["AT_DrawKnifeCut","Hemokinesis","Combust","conspire:ExplosiveBarrier"],"picked":"Cleave","floor":4.0},{"not_picked":["Clothesline","AT_DrawKnifeCut","REME_FearOfPain","Havoc"],"picked":"MostiFishMod:RacingGame","floor":6.0},{"not_picked":["AT_DiedThrough","Flame Barrier","Heavy Blade","Cleave","ReplayTheSpireMod:Strike From Hell"],"picked":"SKIP","floor":10},{"not_picked":["Flame Barrier","REME_SingleHolding","Bloodletting","Pommel Strike","Run Through"],"picked":"SKIP","floor":12},{"not_picked":["ReplayTheSpireMod:Strike From Hell","ReplayTheSpireMod:Stacked","Flame Barrier","REME_FearOfPain+1","ReplayTheSpireMod:LeadingStrike"],"picked":"SKIP","floor":13},{"not_picked":["conspire:Charge","ReplayTheSpireMod:Limb From Limb","REME_FearOfPain+1","Whirlwind"],"picked":"ReplayTheSpireMod:Muscle Training","floor":14},{"not_picked":["Barricade+1","MostiFishMod:RacingGame","REME_Fury","MostiFishMod:WingOfPhoenix+1"],"picked":"REME_ACTH","floor":16},{"not_picked":["Barricade+1","REME_ACTH","REME_Fury","MostiFishMod:WingOfPhoenix+1"],"picked":"MostiFishMod:RacingGame","floor":16},{"not_picked":["Shrug It Off","True Grit","Body Slam","Wild Strike"],"picked":"Warcry+1","floor":18},{"not_picked":["AT_ManFootWork","Pommel Strike","conspire:Charge","Whirlwind","Replay:Undeath\u0027s Touch"],"picked":"SKIP","floor":19},{"not_picked":["ReplayTheSpireMod:Strike From Hell","Barricade+1","Havoc","Body Slam","AT_ManFootWork"],"picked":"SKIP","floor":25},{"not_picked":["Wild Strike","Run Through","Burning Pact","Thunderclap"],"picked":"MostiFishMod:DarkDeal","floor":28},{"not_picked":["Wild Strike","AT_IchimonjiDouble","Burning Pact+1","Blood for Blood","Whirlwind"],"picked":"SKIP","floor":30},{"not_picked":["Replay:Many Hands","Eclipse","Reaper","Barricade+1"],"picked":"REME_ACTH","floor":33},{"not_picked":["Reckless Charge+1","Warcry","Run Through","Defy Death","Shrug It Off"],"picked":"SKIP","floor":35},{"not_picked":["Replay:Sssssssssstrike","Blind","PanicButton","ReplayTheSpireMod:Trickstab"],"picked":"conspire:Banana","floor":36},{"not_picked":["testmod-Mystery","ReplayTheSpireMod:Uncanny Aura","testmod-BloodBlade+1","Mayhem+1"],"picked":"Secret Technique","floor":36},{"not_picked":["Wild Strike","Shrug It Off+1","Flex+1","Sentinel+1","Pommel Strike"],"picked":"SKIP","floor":37},{"not_picked":["AT_ManFootWork","Perfected Strike+1","Twin Strike","conspire:Charge","Replay:Undeath\u0027s Touch"],"picked":"SKIP","floor":40},{"not_picked":["Flame Barrier+1","Sword Boomerang+1","Replay:Undeath\u0027s Touch+1","Massacre"],"picked":"MostiFishMod:KnuckleDown","floor":42},{"not_picked":["Havoc+1","Clothesline","True Grit+1","REME_FearOfPain+1"],"picked":"Flex+1","floor":47},{"not_picked":["Clothesline","Havoc+1","AT_BodySlamDance+1","AT_ShrugMaster+1"],"picked":"Thunderclap+1","floor":48}],"player_experience":214696,"relics_obtained":[{"floor":1.0,"key":"SynthV:TestCard"},{"floor":6.0,"key":"Whetstone"},{"floor":9.0,"key":"Frozen Egg 2"},{"floor":14,"key":"testmod-AssaultLearning"},{"floor":25,"key":"conspire:GlowingRock"},{"floor":26,"key":"SatanicBible"},{"floor":40,"key":"testmod-TheFather"},{"floor":42,"key":"Ancient Tea Set"},{"floor":43,"key":"Toxic Egg 2"}],"event_choices":[{"damage_healed":0.0,"max_hp_gain":0.0,"max_hp_loss":0.0,"gold_gain":0.0,"event_name":"conspire:Investor","player_choice":"Leave","floor":2.0,"gold_loss":0.0,"damage_taken":0.0},{"damage_healed":0.0,"max_hp_gain":0.0,"max_hp_loss":0.0,"gold_gain":0.0,"event_name":"Golden Idol","player_choice":"Take Damage","floor":3.0,"gold_loss":0.0,"damage_taken":26.0,"relics_obtained":["Golden Idol"]},{"damage_healed":0.0,"max_hp_gain":0.0,"max_hp_loss":0.0,"gold_gain":75.0,"event_name":"World of Goop","player_choice":"Gather Gold","floor":7.0,"gold_loss":0.0,"damage_taken":11.0},{"damage_healed":0,"gold_gain":0,"player_choice":"Swap Relic","damage_taken":0,"relics_obtained":["DaveBox"],"max_hp_gain":0,"max_hp_loss":0,"event_name":"给自己的盒子","floor":20,"relics_lost":["DaveBox"],"gold_loss":0},{"damage_healed":0,"gold_gain":0,"player_choice":"Inject Mutagens","damage_taken":0,"relics_obtained":["MutagenicStrength"],"max_hp_gain":0,"max_hp_loss":0,"event_name":"Drug Dealer","floor":22,"gold_loss":0},{"damage_healed":0,"gold_gain":0,"player_choice":"Memory 3","damage_taken":10,"max_hp_gain":0,"max_hp_loss":0,"event_name":"SensoryStone","floor":36,"gold_loss":0},{"damage_healed":0,"gold_gain":0,"player_choice":"Max HP","damage_taken":0,"max_hp_gain":0,"max_hp_loss":4,"event_name":"Winding Halls","floor":38,"gold_loss":0}],"is_beta":false,"boss_relics":[{"not_picked":["Kintsugi","Velvet Choker"],"picked":"Ring of Chaos"},{"not_picked":[]},{"not_picked":["energizedSpire:StickyHand","Honey Jar"],"picked":"Runic Pyramid"},{"not_picked":[]}],"items_purged_floors":[8,21,39],"is_endless":false,"potions_floor_spawned":[10,13,14,25,30,33,37,47,48],"ascension_level":20}}