{"host":"4rvakrj1idbgia3f","time":1613726740,"event":{"mods":["BaseMod","Colored Map","Colored Powertips","DeckTracker","Highlight Path","Minty Spire (QoL Compilation)","Random Character Button","StSLib"],"gold_per_floor":[127,127,146,165,90,90,125,125,125,168,168,11,11,30,30,118,118,146,61,61,81,81,81,131,131,131],"floor_reached":25,"language":"JPN","playtime":811,"items_purged":[],"score":414,"play_id":"a3f85d90-33c3-4b33-9390-1ecdd00dc8df","local_time":"20210219182540","is_ascension_mode":true,"campfire_choices":[{"data":"Dagger Spray","floor":6,"key":"SMITH"},{"data":"Poisoned Stab","floor":8,"key":"SMITH"},{"floor":13,"key":"REST"},{"data":"After Image","floor":15,"key":"SMITH"},{"data":"Bullet Time","floor":23,"key":"SMITH"}],"circlet_count":0,"master_deck":["AscendersBane","Strike_G","Strike_G","Strike_G","Strike_G","Strike_G","Defend_G","Defend_G","Defend_G","Defend_G","Survivor","Neutralize","Skewer+1","Poisoned Stab+1","Dagger Spray+1","Outmaneuver","After Image+1","Storm of Steel","Acrobatics","Bullet Time+1"],"relics":["Ring of the Snake","Kunai","Omamori","Ornamental Fan","Happy Flower","HoveringKite","Paper Crane","Nloth\u0027s Gift","Gremlin Horn"],"acts_visited":["Exordium","TheCity"],"potions_floor_usage":[7,14,18,25],"damage_taken":[{"damage":1,"enemies":"Small Slimes","floor":1,"turns":4},{"damage":0,"enemies":"2 Louse","floor":3,"turns":3},{"damage":4,"enemies":"Jaw Worm","floor":4,"turns":4},{"damage":31,"enemies":"Lagavulin","floor":7,"turns":8},{"damage":6,"enemies":"Gremlin Nob","floor":10,"turns":3},{"damage":0,"enemies":"2 Fungi Beasts","floor":14,"turns":2},{"damage":34,"enemies":"The Guardian","floor":16,"turns":15},{"damage":8,"enemies":"3 Byrds","floor":18,"turns":2},{"damage":0,"enemies":"Shell Parasite","floor":21,"turns":9},{"damage":48,"enemies":"Book of Stabbing","floor":25,"turns":5}],"seed_played":"7119515536025064620","potions_obtained":[{"floor":1,"key":"Poison Potion"},{"floor":10,"key":"Swift Potion"},{"floor":16,"key":"LiquidBronze"},{"floor":18,"key":"Poison Potion"}],"is_trial":false,"path_per_floor":["M","?","M","M","?","R","E","R","T","E","?","$","R","M","R","B",null,"M","?","?","M","T","R","?","E"],"character_chosen":"THE_SILENT","items_purchased":["Happy Flower"],"campfire_rested":1,"item_purchase_floors":[12],"current_hp_per_floor":[58,58,58,54,54,54,23,23,23,17,17,17,36,36,36,2,50,42,42,42,42,42,42,42,0,0],"gold":131,"neow_bonus":"RANDOM_COMMON_RELIC","is_daily":false,"chose_seed":false,"campfire_upgraded":4,"win_rate":0.0,"timestamp":1613726740,"path_taken":["M","?","M","M","?","R","E","R","T","E","?","?","R","M","R","BOSS","M","?","?","?","?","R","?","E"],"items_purchased_type":["Relic"],"build_version":"2020-12-22","purchased_purges":0,"victory":false,"max_hp_per_floor":[66,66,66,66,66,66,66,66,66,66,66,66,66,66,66,66,66,66,66,66,66,66,66,66,66,66],"card_choices":[{"not_picked":["Underhanded Strike","PiercingWail"],"picked":"Skewer","floor":1},{"not_picked":["Slice","Outmaneuver"],"picked":"Poisoned Stab","floor":3},{"not_picked":["Dash","Tactician"],"picked":"Dagger Spray","floor":4},{"not_picked":["Dagger Throw","Slice"],"picked":"Outmaneuver","floor":7},{"not_picked":["Prepared","Caltrops"],"picked":"After Image","floor":10},{"not_picked":["Calculated Gamble","Masterful Stab","Bane"],"picked":"SKIP","floor":14},{"not_picked":["Die Die Die","Corpse Explosion"],"picked":"Storm of Steel","floor":16},{"not_picked":["Dodge and Roll","Dagger Throw"],"picked":"Acrobatics","floor":18},{"not_picked":["Endless Agony","Outmaneuver"],"picked":"Bullet Time","floor":21}],"player_experience":2415753,"relics_obtained":[{"floor":7,"key":"Kunai"},{"floor":9,"key":"Omamori"},{"floor":10,"key":"Ornamental Fan"},{"floor":22,"key":"Gremlin Horn"}],"event_choices":[{"damage_healed":0,"gold_gain":0,"player_choice":"Grow","damage_taken":0,"max_hp_gain":0,"max_hp_loss":0,"event_name":"Living Wall","floor":2,"gold_loss":0,"cards_upgraded":["Skewer"]},{"cards_removed":["Defend_G"],"damage_healed":0,"gold_gain":0,"player_choice":"Card Removal","damage_taken":0,"max_hp_gain":0,"max_hp_loss":0,"event_name":"The Cleric","floor":5,"gold_loss":75},{"damage_healed":0,"gold_gain":0,"player_choice":"Ignored","damage_taken":0,"max_hp_gain":0,"max_hp_loss":0,"event_name":"Shining Light","floor":11,"gold_loss":0},{"damage_healed":0,"gold_gain":0,"player_choice":"Obtained Relic","damage_taken":0,"relics_obtained":["Paper Crane"],"max_hp_gain":0,"max_hp_loss":0,"event_name":"Addict","floor":19,"gold_loss":85},{"damage_healed":0,"gold_gain":0,"player_choice":"Traded Relic","damage_taken":0,"relics_obtained":["Nloth\u0027s Gift"],"max_hp_gain":0,"max_hp_loss":0,"event_name":"N\u0027loth","floor":20,"relics_lost":["CeramicFish"],"gold_loss":0},{"damage_healed":0,"gold_gain":50,"player_choice":"Pray","damage_taken":0,"max_hp_gain":0,"max_hp_loss":0,"event_name":"Golden Shrine","floor":24,"gold_loss":0}],"is_beta":false,"boss_relics":[{"not_picked":["Runic Dome","Cursed Key"],"picked":"HoveringKite"}],"items_purged_floors":[],"is_endless":false,"potions_floor_spawned":[1,10,16,18],"killed_by":"Book of Stabbing","ascension_level":20}}