{"host":"tlbbab9afexrkdtf","time":1613776368,"event":{"mods":["2.2 Compatiblity","AchievementEnabler","BaseMod","Colored Map","Colored Powertips","Minty Spire (QoL Compilation)","Rare Cards Sparkle","StSLib"],"gold_per_floor":[116,116,116,41,41,74,74,90,90,105,132,132,132,147,147,247,247,258,283,15,34,34,34],"floor_reached":22,"language":"ENG","playtime":477,"items_purged":[],"score":271,"play_id":"1b571e09-05d8-4001-a3db-405a1c8c2027","local_time":"20210219181248","is_ascension_mode":true,"campfire_choices":[{"floor":7,"key":"REST"},{"floor":12,"key":"REST"},{"floor":15,"key":"REST"}],"circlet_count":0,"master_deck":["Strike_R","Strike_R+1","Defend_R","Defend_R","Defend_R","Defend_R","Bash","Uppercut+1","Metallicize+1","Anger","Flex","Inflame","Clothesline","Flex","Double Tap","Metallicize","Entrench+1","Infernal Blade","Uppercut","Flex+1"],"relics":["Philosopher\u0027s Stone","Paper Frog","StrikeDummy","Vajra","Empty Cage","Red Mask","Lee\u0027s Waffle"],"acts_visited":["Exordium","TheCity"],"potions_floor_usage":[11,11,16,19,22],"damage_taken":[{"damage":10,"enemies":"Jaw Worm","floor":1,"turns":4},{"damage":20,"enemies":"3 Sentries","floor":6,"turns":8},{"damage":5,"enemies":"2 Louse","floor":8,"turns":2},{"damage":0,"enemies":"Cultist","floor":10,"turns":2},{"damage":0,"enemies":"Gremlin Nob","floor":11,"turns":2},{"damage":9,"enemies":"Looter","floor":14,"turns":2},{"damage":29,"enemies":"Slime Boss","floor":16,"turns":9},{"damage":17,"enemies":"Spheric Guardian","floor":18,"turns":4},{"damage":39,"enemies":"Masked Bandits","floor":19,"turns":5},{"damage":66,"enemies":"3 Byrds","floor":21,"turns":6},{"damage":25,"enemies":"Snecko","floor":22,"turns":4}],"seed_played":"-2891957023890612030","potions_obtained":[{"floor":6,"key":"Explosive Potion"},{"floor":8,"key":"Explosive Potion"},{"floor":11,"key":"Block Potion"},{"floor":14,"key":"FearPotion"},{"floor":21,"key":"SpeedPotion"}],"is_trial":false,"path_per_floor":["M","?","?","$","?","E","R","M","T","M","E","R","$","M","R","B",null,"M","?","$","M","M"],"character_chosen":"IRONCLAD","items_purchased":["Metallicize","Lee\u0027s Waffle","Infernal Blade","Uppercut"],"campfire_rested":3,"item_purchase_floors":[4,20,20,20],"current_hp_per_floor":[70,54,54,54,54,34,58,53,53,53,53,77,77,68,80,51,73,56,17,87,21,0,0],"gold":34,"neow_bonus":"BOSS_RELIC","is_daily":false,"chose_seed":false,"campfire_upgraded":0,"win_rate":0.0,"timestamp":1613776368,"path_taken":["M","?","?","$","?","E","R","M","T","M","E","R","$","?","R","BOSS","M","?","$","M","M"],"items_purchased_type":["Card","Relic","Card","Card"],"build_version":"2020-12-22","purchased_purges":0,"victory":false,"max_hp_per_floor":[80,80,80,80,80,80,80,80,80,80,80,80,80,80,80,80,80,80,80,87,87,87,87],"card_choices":[{"not_picked":["Clothesline","Perfected Strike"],"picked":"Uppercut","floor":1},{"not_picked":["Ghostly Armor","Hemokinesis"],"picked":"Anger","floor":6},{"not_picked":["Searing Blow","Pommel Strike"],"picked":"Flex","floor":8},{"not_picked":["Shockwave","Twin Strike"],"picked":"Inflame","floor":10},{"not_picked":["Clash","Dark Embrace"],"picked":"Clothesline","floor":11},{"not_picked":["Iron Wave","Rupture"],"picked":"Flex","floor":14},{"not_picked":["Corruption","Juggernaut"],"picked":"Double Tap","floor":16},{"not_picked":["Disarm","Headbutt+1"],"picked":"Metallicize","floor":18},{"not_picked":["Iron Wave","Uppercut"],"picked":"Entrench+1","floor":19},{"not_picked":["Disarm","Pommel Strike"],"picked":"Flex+1","floor":21}],"player_experience":342140,"relics_obtained":[{"floor":6,"key":"Paper Frog"},{"floor":9,"key":"StrikeDummy"},{"floor":11,"key":"Vajra"},{"floor":19,"key":"Red Mask"}],"event_choices":[{"damage_healed":0,"gold_gain":0,"player_choice":"Entered Light","damage_taken":16,"max_hp_gain":0,"max_hp_loss":0,"event_name":"Shining Light","floor":2,"gold_loss":0,"cards_upgraded":["Strike_R","Uppercut"]},{"cards_removed":["Strike_R"],"damage_healed":0,"gold_gain":0,"player_choice":"Forget","damage_taken":0,"max_hp_gain":0,"max_hp_loss":0,"event_name":"Living Wall","floor":3,"gold_loss":0},{"damage_healed":0,"gold_gain":0,"player_choice":"Upgraded","damage_taken":0,"max_hp_gain":0,"max_hp_loss":0,"event_name":"Upgrade Shrine","floor":5,"gold_loss":0,"cards_upgraded":["Metallicize"]},{"damage_healed":0,"gold_gain":0,"player_choice":"Fought Bandits","damage_taken":0,"max_hp_gain":0,"max_hp_loss":0,"event_name":"Masked Bandits","floor":19,"gold_loss":0}],"is_beta":false,"boss_relics":[{"not_picked":["Velvet Choker","Ectoplasm"],"picked":"Empty Cage"}],"items_purged_floors":[],"is_endless":false,"potions_floor_spawned":[6,8,11,14,21],"killed_by":"Snecko","ascension_level":5}}