{"host":"6kyqgln1ip325a4v","time":1613708506,"event":{"mods":["BaseMod","Minty Spire (QoL Compilation)"],"gold_per_floor":[210,12,26,26,40,70,82,82,129,143,143,143,154,180,180,283,283,303,318,318,318,318,318,330,330,330,330,346,359,373,399,399,399,399],"floor_reached":33,"language":"ENG","playtime":1119,"items_purged":["Strike_R"],"score":279,"play_id":"d71ad963-5d38-4ea2-848f-63202757aa50","local_time":"20210218232146","is_ascension_mode":false,"campfire_choices":[{"data":"Flex","floor":8,"key":"SMITH"},{"floor":12,"key":"REST"},{"data":"Cleave","floor":15,"key":"SMITH"},{"floor":23,"key":"REST"},{"data":"Demon Form","floor":25,"key":"SMITH"},{"data":"Heavy Blade","floor":27,"key":"SMITH"},{"floor":32,"key":"REST"}],"circlet_count":0,"master_deck":["Strike_R","Strike_R","Strike_R","Strike_R","Defend_R","Defend_R","Defend_R","Defend_R","Bash","Infernal Blade+1","Shrug It Off","Wild Strike","Flex+1","Pommel Strike","Flame Barrier","Heavy Blade+1","Cleave+1","Demon Form+1","Flex","Clothesline+1","Armaments","Fire Breathing+1","Seeing Red"],"relics":["Burning Blood","Membership Card","Paper Frog","Oddly Smooth Stone","Nunchaku","Toy Ornithopter","Velvet Choker","Enchiridion","MutagenicStrength","Frozen Egg 2","Art of War"],"acts_visited":["Exordium","TheCity"],"potions_floor_usage":[6,6,14,16,28,31,33],"damage_taken":[{"damage":5,"enemies":"Jaw Worm","floor":1,"turns":5},{"damage":0,"enemies":"Small Slimes","floor":3,"turns":3},{"damage":0,"enemies":"2 Louse","floor":5,"turns":2},{"damage":25,"enemies":"Lagavulin","floor":6,"turns":4},{"damage":9,"enemies":"Large Slime","floor":7,"turns":7},{"damage":10,"enemies":"Exordium Wildlife","floor":10,"turns":2},{"damage":13,"enemies":"Gremlin Gang","floor":13,"turns":4},{"damage":9,"enemies":"3 Sentries","floor":14,"turns":6},{"damage":50,"enemies":"Hexaghost","floor":16,"turns":8},{"damage":37,"enemies":"2 Thieves","floor":18,"turns":4},{"damage":1,"enemies":"Shell Parasite","floor":19,"turns":5},{"damage":26,"enemies":"Sentry and Sphere","floor":24,"turns":5},{"damage":0,"enemies":"3 Cultists","floor":28,"turns":4},{"damage":24,"enemies":"Centurion and Healer","floor":29,"turns":4},{"damage":2,"enemies":"Sentry and Sphere","floor":30,"turns":4},{"damage":23,"enemies":"Gremlin Leader","floor":31,"turns":6},{"damage":83,"enemies":"Automaton","floor":33,"turns":6}],"seed_played":"-7715672601591771522","potions_obtained":[{"floor":1,"key":"LiquidMemories"},{"floor":5,"key":"BlessingOfTheForge"},{"floor":13,"key":"SteroidPotion"},{"floor":14,"key":"DistilledChaos"},{"floor":24,"key":"LiquidMemories"},{"floor":30,"key":"EssenceOfSteel"},{"floor":31,"key":"ColorlessPotion"}],"is_trial":false,"path_per_floor":["M","$","M","?","M","E","M","R","T","M","?","R","M","E","R","B",null,"M","M","?","?","?","R","M","R","T","R","M","M","M","E","R","B"],"character_chosen":"IRONCLAD","items_purchased":["Membership Card","Shrug It Off"],"campfire_rested":3,"item_purchase_floors":[2,2],"current_hp_per_floor":[80,80,80,80,80,61,58,58,58,54,42,66,59,56,56,17,80,49,54,54,38,38,62,42,42,42,42,53,35,39,27,51,0,0],"gold":399,"neow_bonus":"HUNDRED_GOLD","is_daily":false,"chose_seed":false,"campfire_upgraded":4,"win_rate":0.0,"timestamp":1613708506,"path_taken":["M","$","M","?","M","E","M","R","T","M","?","R","M","E","R","BOSS","M","M","?","?","?","R","M","R","T","R","?","M","M","E","R","BOSS"],"items_purchased_type":["Relic","Card"],"build_version":"2020-12-22","purchased_purges":1,"victory":false,"max_hp_per_floor":[80,80,80,80,80,80,80,80,80,80,80,80,80,80,80,80,80,80,80,80,80,80,80,80,80,80,80,80,80,80,80,80,80,80],"card_choices":[{"not_picked":["Feel No Pain","Perfected Strike"],"picked":"Infernal Blade","floor":1},{"not_picked":["Reckless Charge","Havoc"],"picked":"Wild Strike","floor":3},{"not_picked":["Sword Boomerang","Cleave"],"picked":"Flex","floor":5},{"not_picked":["Power Through","Armaments"],"picked":"Pommel Strike","floor":6},{"not_picked":["Iron Wave","Havoc","Warcry"],"picked":"SKIP","floor":7},{"not_picked":["Blood for Blood","Brutality"],"picked":"Flame Barrier","floor":10},{"not_picked":["Sever Soul","Havoc"],"picked":"Heavy Blade","floor":13},{"not_picked":["Iron Wave","True Grit"],"picked":"Cleave","floor":14},{"not_picked":["Feed","Corruption"],"picked":"Demon Form","floor":16},{"not_picked":["Rage","Cleave"],"picked":"Flex","floor":18},{"not_picked":["Twin Strike","Headbutt"],"picked":"Clothesline+1","floor":19},{"not_picked":["Cleave","Perfected Strike","Shrug It Off"],"picked":"SKIP","floor":24},{"not_picked":["Sword Boomerang","Pommel Strike"],"picked":"Armaments","floor":28},{"not_picked":["Headbutt","Entrench+1","Hemokinesis"],"picked":"SKIP","floor":29},{"not_picked":["Bloodletting","Thunderclap"],"picked":"Fire Breathing+1","floor":30},{"not_picked":["Juggernaut+1","Twin Strike+1"],"picked":"Seeing Red","floor":31}],"player_experience":180675,"relics_obtained":[{"floor":6,"key":"Paper Frog"},{"floor":9,"key":"Oddly Smooth Stone"},{"floor":14,"key":"Toy Ornithopter"},{"floor":21,"key":"Enchiridion"},{"floor":26,"key":"Frozen Egg 2"},{"floor":31,"key":"Art of War"}],"event_choices":[{"damage_healed":0,"gold_gain":0,"player_choice":"Grow","damage_taken":0,"max_hp_gain":0,"max_hp_loss":0,"event_name":"Living Wall","floor":4,"gold_loss":0,"cards_upgraded":["Infernal Blade"]},{"damage_healed":0,"gold_gain":0,"player_choice":"Success","damage_taken":12,"relics_obtained":["Nunchaku"],"max_hp_gain":0,"max_hp_loss":0,"event_name":"Scrap Ooze","floor":11,"gold_loss":0},{"damage_healed":0,"gold_gain":0,"player_choice":"Ignored","damage_taken":0,"max_hp_gain":0,"max_hp_loss":0,"event_name":"Ghosts","floor":20,"gold_loss":0},{"damage_healed":0,"gold_gain":0,"player_choice":"Obtained Book","damage_taken":16,"max_hp_gain":0,"max_hp_loss":0,"event_name":"Cursed Tome","floor":21,"gold_loss":0},{"damage_healed":0,"gold_gain":0,"player_choice":"Inject Mutagens","damage_taken":0,"relics_obtained":["MutagenicStrength"],"max_hp_gain":0,"max_hp_loss":0,"event_name":"Drug Dealer","floor":22,"gold_loss":0}],"is_beta":false,"boss_relics":[{"not_picked":["Coffee Dripper","Runic Cube"],"picked":"Velvet Choker"}],"items_purged_floors":[2],"is_endless":false,"potions_floor_spawned":[1,5,13,14,24,30,31],"killed_by":"Automaton","ascension_level":0}}