{"host":"xvcswx52z80fmg13","time":1613758017,"event":{"mods":["BaseMod","Colored Map","Colored Powertips","Highlight Path","Minty Spire (QoL Compilation)"],"gold_per_floor":[116,133,147,147,147,188,188,188,188,188,188],"floor_reached":10,"language":"ENG","playtime":578,"items_purged":[],"score":66,"play_id":"a7db3a8e-60f2-41a0-a055-5a07bad28b6b","local_time":"20210219140657","is_ascension_mode":false,"campfire_choices":[{"data":"Searing Blow","floor":7,"key":"SMITH"}],"circlet_count":0,"master_deck":["Strike_R","Strike_R","Strike_R","Strike_R","Defend_R","Defend_R","Defend_R","Defend_R","Bash","Rampage","Searing Blow+1","Shrug It Off","Injury"],"relics":["Burning Blood","Du-Vu Doll","Golden Idol","Pear","Blue Candle","Molten Egg 2"],"acts_visited":["Exordium"],"potions_floor_usage":[6],"damage_taken":[{"damage":0,"enemies":"Small Slimes","floor":1,"turns":3},{"damage":1,"enemies":"2 Louse","floor":2,"turns":2},{"damage":3,"enemies":"Jaw Worm","floor":3,"turns":4},{"damage":43,"enemies":"Lagavulin","floor":6,"turns":8},{"damage":34,"enemies":"3 Sentries","floor":10,"turns":9}],"seed_played":"-2216531140628276798","potions_obtained":[{"floor":1,"key":"Strength Potion"}],"is_trial":false,"path_per_floor":["M","M","M","?","?","E","R","?","T","E"],"character_chosen":"IRONCLAD","items_purchased":[],"campfire_rested":0,"item_purchase_floors":[],"current_hp_per_floor":[72,72,72,72,79,42,42,35,35,1,1],"gold":188,"neow_bonus":"ONE_RARE_RELIC","is_daily":false,"chose_seed":false,"campfire_upgraded":1,"win_rate":0.0,"timestamp":1613758017,"path_taken":["M","M","M","?","?","E","R","?","T","E"],"items_purchased_type":[],"build_version":"2020-12-22","purchased_purges":0,"victory":false,"max_hp_per_floor":[72,72,72,72,82,82,82,82,82,82,82],"card_choices":[{"not_picked":["Flame Barrier","Wild Strike"],"picked":"Rampage","floor":1},{"not_picked":["Flex","Pummel"],"picked":"Searing Blow","floor":2},{"not_picked":["Perfected Strike","Reckless Charge"],"picked":"Shrug It Off","floor":3},{"not_picked":["Exhume","Hemokinesis","Pummel"],"picked":"SKIP","floor":6}],"player_experience":1335731,"relics_obtained":[{"floor":6,"key":"Blue Candle"},{"floor":9,"key":"Molten Egg 2"}],"event_choices":[{"damage_healed":0,"gold_gain":0,"player_choice":"Take Wound","damage_taken":0,"relics_obtained":["Golden Idol"],"max_hp_gain":0,"max_hp_loss":0,"event_name":"Golden Idol","floor":4,"gold_loss":0,"cards_obtained":["Injury"]},{"damage_healed":0,"gold_gain":0,"player_choice":"Success","damage_taken":3,"relics_obtained":["Pear"],"max_hp_gain":0,"max_hp_loss":0,"event_name":"Scrap Ooze","floor":5,"gold_loss":0},{"cards_removed":["Strike_R"],"damage_healed":0,"gold_gain":0,"player_choice":"Card Removal","damage_taken":7,"max_hp_gain":0,"max_hp_loss":0,"event_name":"Golden Wing","floor":8,"gold_loss":0}],"is_beta":false,"boss_relics":[],"items_purged_floors":[],"is_endless":false,"potions_floor_spawned":[1],"killed_by":"3 Sentries","ascension_level":0}}