{"host":"gzsdmyo07u314vug","time":1613694793,"event":{"mods":["2.2 Compatiblity","Astrologer","BaseMod","Colored Powertips","GifTheSpireLib","Gremlin Mod","Hermit","Jorbs\u0027s Wanderer Trilogy","Minty Spire (QoL Compilation)","Quick Restart","Rare Cards Sparkle","Relic Stats","Replay The Spire","Robot Space Explorer","Shop Mod","StSLib","The Bladedancer","The Bug Knight","The Construct","The Cursed","The Elementalist","The Hierophant","The IronCluck","The Marked","The Necromancer","The Runesmith","The Servant 0.9.4","Unceasing Turn Reminder","everything is the same but u backflip on backflip","slay the spire mod where everything is the same but ironclad has a cowboy hat"],"gold_per_floor":[112,127,202,72,85,85,102,102,102,32,32,59,59,79,79,178,178,197,197,210,210,210,210,221,221,269,269,97,130,140,140,140,236,236,246,246,74,124,144,144,0,32,32,65,77,77,109,109,109,9],"floor_reached":51,"language":"ENG","playtime":2492,"items_purged":["hermit:Strike_Hermit"],"score":1093,"play_id":"9d6b431a-5373-487b-a4f4-0fe540be7975","local_time":"20210218213313","is_ascension_mode":true,"campfire_choices":[{"data":"hermit:Maintenance","floor":6.0,"key":"SMITH"},{"data":"hermit:FlashPowder","floor":8.0,"key":"SMITH"},{"data":"hermit:Dive","floor":11.0,"key":"SMITH"},{"floor":13.0,"key":"REST"},{"data":"hermit:Maintenance","floor":15.0,"key":"SMITH"},{"data":"hermit:CalledShot","floor":23.0,"key":"SMITH"},{"data":"hermit:GhostlyPresence","floor":25.0,"key":"SMITH"},{"data":"Secret Weapon","floor":32.0,"key":"SMITH"},{"data":"Mayhem","floor":40,"key":"SMITH"},{"data":"hermit:Covet","floor":49,"key":"SMITH"}],"circlet_count":0,"master_deck":["hermit:Strike_Hermit+1","hermit:Strike_Hermit+1","hermit:Strike_Hermit+1","hermit:Defend_Hermit+1","hermit:Defend_Hermit+1","hermit:Defend_Hermit+1","hermit:Defend_Hermit+1","hermit:Snapshot","hermit:Covet+1","hermit:GhostlyPresence+1","hermit:Maintenance+1","hermit:TakeCover+1","hermit:FlashPowder+1","hermit:Dive+1","hermit:Maintenance+1","hermit:RoundhouseKick","hermit:CalledShot+1","Secret Weapon+1","hermit:Deadeye+1","Mayhem+1","hermit:TakeAim+1","CommonCold","hermit:OverwhelmingPower","Writhe"],"relics":["hermit:Momento","Replay:Kaleidoscope","construct:FoamFinger","Replay:WaspNest","Juzu Bracelet","Sozu","Mummified Hand","MutagenicStrength","Replay:Mystery Machine","Onion Ring","construct:WeddingRing","FossilizedHelix","hermit:RedScarf","Red Mask","Bird Faced Urn","Eternal Feather","Bag of Preparation","Ring of Misfortune","Ring of Searing","Mirror"],"acts_visited":["Exordium","TheCity","TheBeyond"],"potions_floor_usage":[],"damage_taken":[{"damage":0.0,"enemies":"Cultist","floor":1.0,"turns":3.0},{"damage":7.0,"enemies":"2 Louse","floor":2.0,"turns":3.0},{"damage":10.0,"enemies":"Jaw Worm","floor":5.0,"turns":5.0},{"damage":0.0,"enemies":"Gremlin Gang","floor":7.0,"turns":6.0},{"damage":9.0,"enemies":"Gremlin Nob","floor":10.0,"turns":3.0},{"damage":14.0,"enemies":"3 Sentries","floor":12.0,"turns":11.0},{"damage":0.0,"enemies":"Exordium Wildlife","floor":14.0,"turns":5.0},{"damage":1.0,"enemies":"The Guardian","floor":16.0,"turns":12.0},{"damage":0.0,"enemies":"3 Byrds","floor":18.0,"turns":7.0},{"damage":0.0,"enemies":"Shell Parasite","floor":20.0,"turns":5.0},{"damage":0.0,"enemies":"Snake Plant","floor":24.0,"turns":3.0},{"damage":0.0,"enemies":"Gremlin Leader","floor":29.0,"turns":8.0},{"damage":0.0,"enemies":"Centurion and Healer","floor":30.0,"turns":4.0},{"damage":12.0,"enemies":"Champ","floor":33.0,"turns":13.0},{"damage":0.0,"enemies":"3 Darklings","floor":35.0,"turns":5.0},{"damage":0.0,"enemies":"Mind Bloom Boss Battle","floor":38.0,"turns":6.0},{"damage":0,"enemies":"3 Shapes","floor":39,"turns":6},{"damage":0,"enemies":"Reptomancer","floor":42,"turns":5},{"damage":0,"enemies":"Nemesis","floor":44,"turns":6},{"damage":0,"enemies":"Jaw Worm Horde","floor":45,"turns":4},{"damage":42,"enemies":"Reptomancer","floor":47,"turns":8},{"damage":21,"enemies":"Awakened One","floor":50,"turns":8}],"seed_played":"8440375355285673228","potions_obtained":[{"floor":1.0,"key":"FearPotion"},{"floor":2.0,"key":"Swift Potion"},{"floor":12.0,"key":"hermit:Tonic"},{"floor":14.0,"key":"Fire Potion"}],"is_trial":false,"path_per_floor":["M","M","?","$","M","R","M","R","T","E","R","E","R","M","R","B",null,"M","?","M","?","?","R","M","R","T","?","$","E","M","?","R","B",null,"M","T","$","?","M","R","?","E","T","E","M","?","E","?","R","B",null],"character_chosen":"HERMIT","items_purchased":["hermit:TakeCover+1","Secret Weapon","Mayhem"],"campfire_rested":1,"item_purchase_floors":[4,28,37],"current_hp_per_floor":[75,68,61,61,51,51,51,51,51,42,42,28,50,50,50,49,69,69,69,69,69,69,69,69,69,69,69,69,69,69,69,69,57,71,71,71,71,71,71,71,71,71,71,73,75,75,37,56,68,53],"gold":9,"neow_bonus":"ONE_RARE_RELIC","is_daily":false,"chose_seed":false,"campfire_upgraded":9,"win_rate":0.0,"timestamp":1613694793,"path_taken":["M","M","?","$","M","R","?","R","T","E","R","E","R","M","R","BOSS","M","?","M","?","?","R","M","R","T","?","$","E","M","?","R","BOSS","M","?","$","?","M","R","?","E","T","E","M","?","E","?","R","BOSS"],"items_purchased_type":["Card","Card","Card"],"build_version":"2020-12-22","purchased_purges":1,"victory":true,"max_hp_per_floor":[75,75,75,75,75,75,75,75,75,75,75,75,75,75,75,75,75,75,75,75,75,75,75,75,75,75,75,75,75,75,75,75,75,75,75,75,75,75,75,75,75,75,75,75,75,75,75,75,75,75],"relic_stats":{"Sozu":8,"counters":[22,136],"Mummified Hand":[9],"Bird Faced Urn":[14],"Eternal Feather":12,"Juzu Bracelet":3,"Bag of Preparation":[6],"obtain_stats":[{"construct:FoamFinger":9,"construct:WeddingRing":34,"Eternal Feather":43,"Replay:WaspNest":10,"Juzu Bracelet":12,"Bag of Preparation":44,"Replay:Kaleidoscope":0,"Replay:Mystery Machine":26,"Ring of Searing":46,"Sozu":17,"Mummified Hand":21,"MutagenicStrength":22,"Bird Faced Urn":42,"Ring of Misfortune":46,"Onion Ring":29,"Red Mask":41,"hermit:RedScarf":38,"Mirror":47,"hermit:Momento":0,"FossilizedHelix":36},{"construct:FoamFinger":4,"construct:WeddingRing":14,"Eternal Feather":18,"Replay:WaspNest":5,"Juzu Bracelet":6,"Bag of Preparation":19,"Replay:Kaleidoscope":0,"Replay:Mystery Machine":11,"Ring of Searing":20,"Sozu":8,"Mummified Hand":10,"MutagenicStrength":10,"Bird Faced Urn":18,"Ring of Misfortune":20,"Onion Ring":12,"Red Mask":17,"hermit:RedScarf":16,"Mirror":21,"hermit:Momento":0,"FossilizedHelix":15},{"construct:FoamFinger":17,"construct:WeddingRing":88,"Eternal Feather":110,"Replay:WaspNest":20,"Juzu Bracelet":31,"Bag of Preparation":116,"Replay:Kaleidoscope":0,"Replay:Mystery Machine":63,"Ring of Searing":120,"Sozu":48,"Mummified Hand":60,"MutagenicStrength":60,"Bird Faced Urn":110,"Ring of Misfortune":120,"Onion Ring":71,"Red Mask":105,"hermit:RedScarf":99,"Mirror":128,"hermit:Momento":0,"FossilizedHelix":93}]},"card_choices":[{"not_picked":["hermit:Cheat","hermit:Misfire"],"picked":"hermit:GhostlyPresence","floor":1.0},{"not_picked":["hermit:Glare","hermit:Headshot"],"picked":"hermit:Maintenance","floor":2.0},{"not_picked":["hermit:Manifest","hermit:HighCaliber"],"picked":"hermit:FlashPowder","floor":5.0},{"not_picked":["hermit:Desperado","hermit:TakeAim","hermit:Malice"],"picked":"SKIP","floor":7.0},{"not_picked":["hermit:Roughhouse","hermit:LowProfile"],"picked":"hermit:Dive","floor":10.0},{"not_picked":["hermit:ItchyTrigger","hermit:Headshot","hermit:Vantage"],"picked":"SKIP","floor":12.0},{"not_picked":["hermit:HeroicBravado","hermit:TakeCover"],"picked":"hermit:Maintenance","floor":14.0},{"not_picked":["hermit:FinalCanter","hermit:FromBeyond"],"picked":"hermit:RoundhouseKick","floor":16.0},{"not_picked":["hermit:TrackingShot+1","hermit:Quickdraw+1"],"picked":"hermit:CalledShot","floor":18.0},{"not_picked":["hermit:Grudge+1","hermit:Feint+1","hermit:Quickdraw"],"picked":"SKIP","floor":20.0},{"not_picked":["hermit:LowProfile","hermit:PistolWhip","hermit:SprayPray"],"picked":"SKIP","floor":24.0},{"not_picked":["hermit:Deadeye+1","hermit:Desperado+1","hermit:FinalCanter"],"picked":"SKIP","floor":29.0},{"not_picked":["hermit:Desperado+1","hermit:FinalCanter"],"picked":"hermit:Deadeye+1","floor":29.0},{"not_picked":["hermit:CalledShot","hermit:Desperado","hermit:Manifest"],"picked":"SKIP","floor":30.0},{"not_picked":["hermit:Desperado","hermit:Shortfuse+1","hermit:CursedWeapon+1"],"picked":"SKIP","floor":35.0},{"not_picked":["hermit:GhostlyPresence+1","hermit:Malice+1","hermit:FullyLoaded"],"picked":"SKIP","floor":39},{"not_picked":["hermit:Shortfuse","hermit:Dissolve","hermit:HeroicBravado"],"picked":"SKIP","floor":42},{"not_picked":["hermit:BodyArmor","hermit:Roulette","hermit:Enervate"],"picked":"SKIP","floor":44},{"not_picked":["hermit:Ricochet","hermit:TrackingShot+1"],"picked":"hermit:TakeAim+1","floor":45},{"not_picked":["hermit:LoneWolf+1","hermit:EyeOfTheStorm"],"picked":"hermit:OverwhelmingPower","floor":47}],"player_experience":927384,"relics_obtained":[{"floor":9.0,"key":"construct:FoamFinger"},{"floor":10.0,"key":"Replay:WaspNest"},{"floor":12.0,"key":"Juzu Bracelet"},{"floor":26.0,"key":"Replay:Mystery Machine"},{"floor":29.0,"key":"Onion Ring"},{"floor":36.0,"key":"FossilizedHelix"},{"floor":38.0,"key":"hermit:RedScarf"},{"floor":42,"key":"Bird Faced Urn"},{"floor":43,"key":"Eternal Feather"},{"floor":44,"key":"Bag of Preparation"},{"floor":46,"key":"Ring of Misfortune"},{"floor":46,"key":"Ring of Searing"},{"floor":47,"key":"Mirror"}],"event_choices":[{"damage_healed":0.0,"max_hp_gain":0.0,"max_hp_loss":0.0,"gold_gain":75.0,"event_name":"FaceTrader","player_choice":"Touch","floor":3.0,"gold_loss":0.0,"damage_taken":7.0},{"damage_healed":0.0,"max_hp_gain":0.0,"max_hp_loss":0.0,"gold_gain":0.0,"event_name":"Back to Basics","player_choice":"Simplicity","floor":19.0,"gold_loss":0.0,"damage_taken":0.0,"cards_upgraded":["hermit:Strike_Hermit","hermit:Strike_Hermit","hermit:Strike_Hermit","hermit:Defend_Hermit","hermit:Defend_Hermit","hermit:Defend_Hermit","hermit:Defend_Hermit"]},{"damage_healed":0.0,"max_hp_gain":0.0,"max_hp_loss":0.0,"gold_gain":0.0,"event_name":"The Mausoleum","player_choice":"Opened","floor":21.0,"gold_loss":0.0,"damage_taken":0.0,"relics_obtained":["Mummified Hand"]},{"damage_healed":0.0,"max_hp_gain":0.0,"max_hp_loss":0.0,"gold_gain":0.0,"event_name":"Drug Dealer","player_choice":"Inject Mutagens","floor":22.0,"gold_loss":0.0,"damage_taken":0.0,"relics_obtained":["MutagenicStrength"]},{"damage_healed":0.0,"max_hp_gain":0.0,"max_hp_loss":0.0,"gold_gain":0.0,"event_name":"Vampires","player_choice":"Ignored","floor":27.0,"gold_loss":0.0,"damage_taken":0.0},{"damage_healed":0.0,"max_hp_gain":0.0,"max_hp_loss":0.0,"gold_gain":0.0,"event_name":"Lab","player_choice":"Got Potions","floor":31.0,"gold_loss":0.0,"damage_taken":0.0},{"damage_healed":0.0,"max_hp_gain":0.0,"max_hp_loss":0.0,"gold_gain":0.0,"event_name":"MindBloom","player_choice":"Fight","floor":38.0,"gold_loss":0.0,"damage_taken":0.0},{"damage_healed":0,"gold_gain":0,"player_choice":"Paid","damage_taken":0,"relics_obtained":["Red Mask"],"max_hp_gain":0,"max_hp_loss":0,"event_name":"Tomb of Lord Red Mask","floor":41,"gold_loss":144},{"damage_healed":19,"gold_gain":0,"player_choice":"Writhe","damage_taken":0,"max_hp_gain":0,"max_hp_loss":0,"event_name":"Winding Halls","floor":48,"gold_loss":0,"cards_obtained":["Writhe"]}],"is_beta":false,"boss_relics":[{"not_picked":["Runic Dome","Cursed Key"],"picked":"Sozu"},{"not_picked":["Replay:Bronze Core","Abe\u0027s Treasure"],"picked":"construct:WeddingRing"}],"items_purged_floors":[4],"is_endless":false,"potions_floor_spawned":[1,2,12,14,20,30,39,44,45],"ascension_level":5}}