{"host":"t9vqxmgmtrdkt9v9","time":1613709590,"event":{"mods":["AchievementEnabler","BaseMod","Colored Map","Minty Spire (QoL Compilation)","Permanent Neow","Relic Stats","StSLib"],"gold_per_floor":[210,180,129,143,143,143,171,182,182,182,182,182],"floor_reached":11,"language":"ENG","playtime":740,"items_purged":[],"score":138,"play_id":"363815c6-177b-46d9-b8e6-0d4ebd7ab810","local_time":"20210219143950","is_ascension_mode":true,"campfire_choices":[{"data":"Noxious Fumes","floor":6,"key":"SMITH"},{"floor":10,"key":"REST"}],"circlet_count":0,"master_deck":["AscendersBane","Strike_G","Strike_G","Strike_G","Strike_G","Strike_G","Defend_G","Defend_G","Defend_G","Defend_G","Defend_G","Survivor","Neutralize","Leg Sweep","Dagger Spray","Noxious Fumes+1","Deadly Poison","Dagger Spray"],"relics":["Ring of the Snake","Blue Candle","Shovel","Frozen Egg 2"],"acts_visited":["Exordium"],"potions_floor_usage":[],"damage_taken":[{"damage":1,"enemies":"Cultist","floor":1,"turns":5},{"damage":1,"enemies":"Small Slimes","floor":4,"turns":5},{"damage":28,"enemies":"Lagavulin","floor":7,"turns":9},{"damage":0,"enemies":"Jaw Worm","floor":8,"turns":5},{"damage":52,"enemies":"Gremlin Nob","floor":11,"turns":4}],"seed_played":"-245517803203107081","potions_obtained":[{"floor":2,"key":"Dexterity Potion"},{"floor":2,"key":"PowerPotion"}],"is_trial":false,"path_per_floor":["M","?","$","M","?","R","E","M","T","R","E"],"character_chosen":"THE_SILENT","items_purchased":["Dagger Spray"],"campfire_rested":1,"item_purchase_floors":[3],"current_hp_per_floor":[58,58,58,57,57,57,29,29,29,48,0,0],"gold":182,"neow_bonus":"HUNDRED_GOLD","is_daily":false,"chose_seed":false,"campfire_upgraded":1,"win_rate":0.0,"timestamp":1613709590,"path_taken":["M","?","$","?","?","R","E","M","T","R","E"],"items_purchased_type":["Card"],"build_version":"2020-12-22","purchased_purges":0,"victory":false,"max_hp_per_floor":[66,66,66,66,66,66,66,66,66,66,66,66],"relic_stats":{"Shovel":0,"counters":[5,28],"Blue Candle":[0],"obtain_stats":[{"Shovel":7,"Blue Candle":5,"Frozen Egg 2":9,"Ring of the Snake":0},{"Shovel":3,"Blue Candle":2,"Frozen Egg 2":4,"Ring of the Snake":0},{"Shovel":19,"Blue Candle":10,"Frozen Egg 2":24,"Ring of the Snake":0}],"Ring of the Snake":[10]},"card_choices":[{"not_picked":["Outmaneuver","Deflect"],"picked":"Leg Sweep","floor":1},{"not_picked":["Underhanded Strike","Tactician"],"picked":"Noxious Fumes","floor":4},{"not_picked":["Expertise","Heel Hook"],"picked":"Deadly Poison","floor":7},{"not_picked":["Deflect","Setup"],"picked":"Dagger Spray","floor":8}],"player_experience":442291,"relics_obtained":[{"floor":7,"key":"Shovel"},{"floor":9,"key":"Frozen Egg 2"}],"event_choices":[{"damage_healed":0,"gold_gain":0,"player_choice":"Bought 2 Potions","damage_taken":0,"max_hp_gain":0,"max_hp_loss":0,"event_name":"The Woman in Blue","floor":2,"gold_loss":0},{"damage_healed":0,"gold_gain":0,"player_choice":"Gave Potion","damage_taken":0,"relics_obtained":["Blue Candle"],"max_hp_gain":0,"max_hp_loss":0,"event_name":"WeMeetAgain","floor":5,"gold_loss":0}],"is_beta":false,"boss_relics":[],"items_purged_floors":[],"is_endless":false,"potions_floor_spawned":[4],"killed_by":"Gremlin Nob","ascension_level":19}}