{"host":"en4narc5947t7k9n","time":1613726127,"event":{"mods":["AchievementEnabler","BaseMod","Colored Map","Minty Spire (QoL Compilation)","SuperFastMode"],"gold_per_floor":[113,288,72,83,100,100,134,145,145,171,18,18,30,49,49,146,146,158,127,27,44,56,56,56,56],"floor_reached":24,"language":"KOR","playtime":1254,"items_purged":["Doubt","Strike_R"],"score":210,"play_id":"4c314b9f-dd15-439f-a7cd-f601f9033555","local_time":"20210219181527","is_ascension_mode":false,"campfire_choices":[{"data":"Infernal Blade","floor":6,"key":"SMITH"},{"floor":12,"key":"RECALL"},{"data":"Exhume","floor":15,"key":"SMITH"},{"data":"Corruption","floor":23,"key":"SMITH"}],"circlet_count":0,"master_deck":["Strike_R","Strike_R","Defend_R","Defend_R","Defend_R","Defend_R","Bash","Clash","Shockwave","Infernal Blade+1","Shrug It Off","Thunderclap","Armaments","Body Slam","Second Wind","Headbutt","Exhume+1","Corruption+1","Spot Weakness+1","Dual Wield","Cleave+1","Flex"],"relics":["Burning Blood","Regal Pillow","InkBottle","Ginger","Lantern","Empty Cage"],"acts_visited":["Exordium","TheCity"],"potions_floor_usage":[7,7,10,16,18],"damage_taken":[{"damage":1,"enemies":"Cultist","floor":1,"turns":4},{"damage":1,"enemies":"Jaw Worm","floor":4,"turns":2},{"damage":2,"enemies":"Small Slimes","floor":5,"turns":3},{"damage":18,"enemies":"Lagavulin","floor":7,"turns":5},{"damage":0,"enemies":"3 Louse","floor":8,"turns":3},{"damage":12,"enemies":"Gremlin Nob","floor":10,"turns":3},{"damage":4,"enemies":"Exordium Thugs","floor":13,"turns":4},{"damage":0,"enemies":"Exordium Wildlife","floor":14,"turns":2},{"damage":55,"enemies":"Slime Boss","floor":16,"turns":16},{"damage":21,"enemies":"3 Byrds","floor":18,"turns":7},{"damage":30,"enemies":"2 Thieves","floor":19,"turns":5},{"damage":11,"enemies":"Snecko","floor":21,"turns":4},{"damage":20,"enemies":"Snake Plant","floor":22,"turns":4},{"damage":26,"enemies":"Gremlin Leader","floor":24,"turns":1}],"seed_played":"-873383524706495366","potions_obtained":[{"floor":0,"key":"LiquidMemories"},{"floor":0,"key":"ElixirPotion"},{"floor":0,"key":"SneckoOil"},{"floor":1,"key":"BlessingOfTheForge"},{"floor":8,"key":"Fire Potion"},{"floor":14,"key":"GamblersBrew"},{"floor":16,"key":"Explosive Potion"},{"floor":21,"key":"DuplicationPotion"}],"is_trial":false,"path_per_floor":["M","?","$","M","M","R","E","M","T","E","$","R","M","M","R","B",null,"M","M","$","M","M","R","E"],"character_chosen":"IRONCLAD","items_purchased":["Shockwave","Infernal Blade","Lantern"],"campfire_rested":0,"item_purchase_floors":[3,3,11],"current_hp_per_floor":[80,80,80,80,80,80,68,74,74,68,68,68,70,76,76,27,80,65,41,41,36,22,22,0,0],"gold":56,"neow_bonus":"THREE_SMALL_POTIONS","is_daily":false,"chose_seed":false,"campfire_upgraded":3,"win_rate":0.0,"timestamp":1613726127,"path_taken":["M","?","$","M","M","R","E","M","T","E","$","R","M","M","R","BOSS","M","M","$","M","M","R","E"],"items_purchased_type":["Card","Card","Relic"],"build_version":"2020-12-22","purchased_purges":2,"victory":false,"max_hp_per_floor":[80,80,80,80,80,80,80,80,80,80,80,80,80,80,80,80,80,80,80,80,80,80,80,80,80],"card_choices":[{"not_picked":["Pummel","Spot Weakness"],"picked":"Clash","floor":1},{"not_picked":["Dark Embrace","Hemokinesis"],"picked":"Shrug It Off","floor":4},{"not_picked":["Twin Strike","True Grit"],"picked":"Thunderclap","floor":5},{"not_picked":["Havoc","Sword Boomerang"],"picked":"Armaments","floor":7},{"not_picked":["Pummel","Berserk"],"picked":"Body Slam","floor":8},{"not_picked":["Perfected Strike","Shrug It Off"],"picked":"Second Wind","floor":10},{"not_picked":["Body Slam","Thunderclap"],"picked":"Headbutt","floor":13},{"not_picked":["Pummel","Shrug It Off"],"picked":"Exhume","floor":14},{"not_picked":["Brutality","Fiend Fire"],"picked":"Corruption","floor":16},{"not_picked":["Thunderclap+1","Shockwave+1"],"picked":"Spot Weakness+1","floor":18},{"not_picked":["Metallicize","Body Slam"],"picked":"Dual Wield","floor":19},{"not_picked":["Disarm","Pommel Strike"],"picked":"Cleave+1","floor":21},{"not_picked":["Sword Boomerang","Evolve+1"],"picked":"Flex","floor":22}],"player_experience":78552,"relics_obtained":[{"floor":7,"key":"Regal Pillow"},{"floor":9,"key":"InkBottle"},{"floor":10,"key":"Ginger"}],"event_choices":[{"damage_healed":0,"gold_gain":175,"player_choice":"AGREE","damage_taken":0,"max_hp_gain":0,"max_hp_loss":0,"event_name":"Liars Game","floor":2,"gold_loss":0,"cards_obtained":["Doubt"]}],"is_beta":false,"boss_relics":[{"not_picked":["Runic Cube","SacredBark"],"picked":"Empty Cage"}],"items_purged_floors":[3,20],"is_endless":false,"potions_floor_spawned":[1,8,14,16,21],"killed_by":"Gremlin Leader","ascension_level":0}}