{"host":"fbdlh90rovbiajun","time":1613717772,"event":{"mods":["AchievementEnabler","BaseMod","Colored Map","Keyboard Shortcuts","Minty Spire (QoL Compilation)","SuperFastMode"],"gold_per_floor":[118,129,129,54,73,73,73,91,114,133,133,147,147,247,247,343,343,361,261,261,171,186,186,186,186],"floor_reached":24,"language":"KOR","playtime":571,"items_purged":["Defend_P","Parasite"],"score":195,"play_id":"be872674-7d89-4b7d-b380-4739bedb469d","local_time":"20210219155612","is_ascension_mode":true,"campfire_choices":[{"data":"Consecrate","floor":6.0,"key":"SMITH"},{"data":"Eruption","floor":15.0,"key":"SMITH"},{"data":"Halt","floor":23,"key":"SMITH"}],"circlet_count":0,"master_deck":["Strike_P","Defend_P","Eruption+1","Vigilance","Consecrate+1","PathToVictory","Halt+1","Pray+1","TalkToTheHand"],"relics":["PureWater","Omamori","Ancient Tea Set","Centennial Puzzle","Runic Pyramid"],"acts_visited":["Exordium","TheCity"],"potions_floor_usage":[16,24],"damage_taken":[{"damage":10.0,"enemies":"Small Slimes","floor":1.0,"turns":2.0},{"damage":6.0,"enemies":"Jaw Worm","floor":2.0,"turns":4.0},{"damage":2.0,"enemies":"2 Louse","floor":5.0,"turns":2.0},{"damage":0.0,"enemies":"Exordium Wildlife","floor":8.0,"turns":2.0},{"damage":2.0,"enemies":"Looter","floor":10.0,"turns":2.0},{"damage":21.0,"enemies":"Red Slaver","floor":12.0,"turns":2.0},{"damage":9,"enemies":"Slime Boss","floor":16,"turns":11},{"damage":3,"enemies":"Chosen","floor":18,"turns":3},{"damage":17,"enemies":"Shell Parasite","floor":22,"turns":4},{"damage":63,"enemies":"Slavers","floor":24,"turns":3}],"seed_played":"-7326484588366904899","potions_obtained":[{"floor":2.0,"key":"FearPotion"},{"floor":8.0,"key":"LiquidMemories"},{"floor":10.0,"key":"Energy Potion"},{"floor":16,"key":"Swift Potion"}],"is_trial":false,"path_per_floor":["M","M","?","$","M","R","?","M","T","M","?","M","T","?","R","B",null,"M","$","?","?","M","R","E"],"character_chosen":"WATCHER","items_purchased":[],"campfire_rested":0,"item_purchase_floors":[],"current_hp_per_floor":[62,56,56,56,54,54,72,72,72,70,70,49,49,49,49,40,72,69,69,69,69,52,52,0,0],"gold":186,"neow_bonus":"REMOVE_CARD","is_daily":false,"chose_seed":false,"campfire_upgraded":3,"win_rate":0.0,"timestamp":1613717772,"path_taken":["M","M","?","$","M","R","?","M","T","M","?","?","?","?","R","BOSS","M","$","?","?","?","R","E"],"items_purchased_type":[],"build_version":"2020-12-22","purchased_purges":2,"victory":false,"max_hp_per_floor":[72,72,72,72,72,72,72,72,72,72,72,72,72,72,72,72,72,72,69,69,69,69,69,69,69],"card_choices":[{"not_picked":["FlyingSleeves","SashWhip","CutThroughFate"],"picked":"SKIP","floor":1.0},{"not_picked":["Halt","FlyingSleeves"],"picked":"Consecrate","floor":2.0},{"not_picked":["ThirdEye","EmptyBody","Wallop"],"picked":"SKIP","floor":5.0},{"not_picked":["Blasphemy","BowlingBash","Protect"],"picked":"SKIP","floor":8.0},{"not_picked":["EmptyFist","Weave"],"picked":"Halt","floor":10.0},{"not_picked":["Weave","Crescendo","Protect"],"picked":"SKIP","floor":12.0},{"not_picked":["EmptyFist+1","SashWhip","BowlingBash"],"picked":"SKIP","floor":18},{"not_picked":["Collect+1","PathToVictory+1","SpiritShield"],"picked":"SKIP","floor":22}],"player_experience":89258,"relics_obtained":[{"floor":9.0,"key":"Omamori"},{"floor":13.0,"key":"Centennial Puzzle"}],"event_choices":[{"damage_healed":0.0,"max_hp_gain":0.0,"max_hp_loss":0.0,"gold_gain":0.0,"cards_transformed":["Strike_P"],"event_name":"Living Wall","player_choice":"Change","floor":3.0,"gold_loss":0.0,"damage_taken":0.0,"cards_obtained":["PathToVictory"]},{"damage_healed":18.0,"max_hp_gain":0.0,"max_hp_loss":0.0,"gold_gain":0.0,"event_name":"Mushrooms","player_choice":"Healed and dodged fight","floor":7.0,"gold_loss":0.0,"damage_taken":0.0,"cards_obtained":["Parasite"]},{"damage_healed":0.0,"max_hp_gain":0.0,"max_hp_loss":0.0,"gold_gain":0.0,"event_name":"Big Fish","player_choice":"Box","floor":11.0,"gold_loss":0.0,"damage_taken":0.0,"relics_obtained":["Ancient Tea Set"],"cards_obtained":["Regret"]},{"damage_healed":0.0,"max_hp_gain":0.0,"max_hp_loss":0.0,"gold_gain":100.0,"event_name":"Golden Shrine","player_choice":"Pray","floor":14.0,"gold_loss":0.0,"damage_taken":0.0},{"damage_healed":0,"gold_gain":0,"cards_transformed":["Strike_P","Defend_P"],"player_choice":"Became Test Subject","damage_taken":0,"max_hp_gain":0,"max_hp_loss":0,"event_name":"Drug Dealer","floor":20,"gold_loss":0,"cards_obtained":["Pray","TalkToTheHand"]},{"cards_removed":["Strike_P"],"damage_healed":0,"gold_gain":0,"player_choice":"Upgrade and Remove","damage_taken":0,"max_hp_gain":0,"max_hp_loss":0,"event_name":"Designer","floor":21,"gold_loss":90,"cards_upgraded":["Pray"]}],"is_beta":false,"boss_relics":[{"not_picked":["Velvet Choker","Ectoplasm"],"picked":"Runic Pyramid"}],"items_purged_floors":[4,19],"is_endless":false,"potions_floor_spawned":[2,8,10,16],"killed_by":"Slavers","ascension_level":1}}