{"host":"121m0oxswv9tg9hk","time":1613778064,"event":{"mods":["BaseMod","Better Altar","Better Third Choice","Hermit","Hubris","Ironclad Rager","Minty Spire (QoL Compilation)","Replay The Spire","Shade Mod","StSLib","The Construct","The Mystic"],"gold_per_floor":[16,36,46,0,12,12,40,40,113,113,138,152,163,36,36,112,112,91,91,147,162,172,217,217],"floor_reached":23,"language":"ENG","playtime":1447,"items_purged":["Shame"],"score":460,"play_id":"94f77cb5-e249-414c-a5bf-333ac08988a1","local_time":"20210220004104","is_ascension_mode":true,"campfire_choices":[{"floor":6,"key":"REST"},{"data":"ReplayTheSpireMod:Limb From Limb","floor":10,"key":"SMITH"},{"data":"Flex","floor":15,"key":"SMITH"}],"circlet_count":0,"master_deck":["AscendersBane","Bash","Twin Strike","Twin Strike","Twin Strike","Twin Strike","Twin Strike","Iron Wave","Iron Wave","Iron Wave","Iron Wave","Clothesline","Iron Wave","ReplayTheSpireMod:Limb From Limb+1","Second Wind","Flex+1","Offering","Bloodletting+1","ReplayTheSpireMod:Limb From Limb"],"relics":["Burning Blood","betterThird:SlimedRelic","hubris:AstralHammer","Chameleon Ring","Durian","Black Star","ReplayTheSpireMod:Ring of Challenge"],"acts_visited":["Exordium","TheCity"],"potions_floor_usage":[16,16,20],"damage_taken":[{"damage":10.0,"enemies":"2 Louse","floor":1.0,"turns":4.0},{"damage":7.0,"enemies":"Cultist","floor":2.0,"turns":4.0},{"damage":7,"enemies":"Small Slimes","floor":3,"turns":3},{"damage":2,"enemies":"Looter","floor":5,"turns":3},{"damage":24,"enemies":"Lagavulin","floor":7,"turns":8},{"damage":0,"enemies":"Gremlin Nob","floor":11,"turns":3},{"damage":3,"enemies":"Exordium Wildlife","floor":12,"turns":4},{"damage":1,"enemies":"Blue Slaver","floor":13,"turns":4},{"damage":63,"enemies":"Fading Forest","floor":16,"turns":13},{"damage":12,"enemies":"2 Thieves","floor":18,"turns":4},{"damage":6,"enemies":"Spheric Guardian","floor":20,"turns":4},{"damage":24,"enemies":"3 Cultists","floor":21,"turns":5},{"damage":33,"enemies":"Shelled Parasite and Fungi","floor":22,"turns":6},{"damage":9,"enemies":"Replay:Snechameleon","floor":23,"turns":1}],"seed_played":"-4079486557225897511","potions_obtained":[{"floor":3,"key":"SpeedPotion"},{"floor":11,"key":"Explosive Potion"},{"floor":18,"key":"Block Potion"}],"is_trial":false,"path_per_floor":["M","M","M","?","M","R","E","?","T","R","E","M","M","$","R","B",null,"M","?","M","M","M","E"],"character_chosen":"IRONCLAD","items_purchased":["Flex"],"campfire_rested":1,"item_purchase_floors":[14],"current_hp_per_floor":[46,45,44,33,37,57,39,39,39,39,50,53,58,58,58,19,60,54,54,54,36,9,0,0],"gold":217,"neow_bonus":"IRONCLAD_BERSERKER","is_daily":false,"chose_seed":false,"campfire_upgraded":2,"win_rate":0.0,"timestamp":1613778064,"path_taken":["M","M","M","?","M","R","E","?","T","R","E","M","?","?","R","BOSS","M","?","M","M","M","E"],"items_purchased_type":["Card"],"build_version":"2020-12-22","purchased_purges":1,"victory":false,"max_hp_per_floor":[68,68,68,68,68,68,68,68,68,68,73,73,73,73,73,73,73,73,73,73,73,73,73,73],"card_choices":[{"not_picked":["Heavy Blade","Armaments"],"picked":"Clothesline","floor":1.0},{"not_picked":["Clothesline","Run Through","Anger"],"picked":"SKIP","floor":2.0},{"not_picked":["Clothesline","Flex"],"picked":"Iron Wave","floor":3},{"not_picked":["Anger","Heavy Blade"],"picked":"ReplayTheSpireMod:Limb From Limb","floor":5},{"not_picked":["Heavy Blade","Perfected Strike","Offering"],"picked":"SKIP","floor":7},{"not_picked":["Warcry","Havoc","Combust"],"picked":"SKIP","floor":11},{"not_picked":["Cleave","hubris:ReadiedAction"],"picked":"Second Wind","floor":12},{"not_picked":["Body Slam","Run Through","Wild Strike"],"picked":"SKIP","floor":13},{"not_picked":["Demonic Infusion","Juggernaut"],"picked":"Offering","floor":16},{"not_picked":["Carnage","Combust"],"picked":"Bloodletting+1","floor":18},{"not_picked":["Pommel Strike","Abandon","Fire Breathing"],"picked":"SKIP","floor":20},{"not_picked":["Sword Boomerang","Rage","Clothesline+1"],"picked":"SKIP","floor":21},{"not_picked":["Clothesline","Headbutt"],"picked":"ReplayTheSpireMod:Limb From Limb","floor":22}],"player_experience":2561542,"relics_obtained":[{"floor":7,"key":"hubris:AstralHammer"},{"floor":9,"key":"Chameleon Ring"},{"floor":11,"key":"Durian"},{"floor":19,"key":"ReplayTheSpireMod:Ring of Challenge"}],"event_choices":[{"damage_healed":0,"gold_gain":0,"player_choice":"Slimed","damage_taken":11,"max_hp_gain":0,"max_hp_loss":0,"event_name":"betterThird:BetterGoop","floor":4,"gold_loss":46},{"damage_healed":0,"gold_gain":0,"cards_transformed":["hubris:Sloth"],"player_choice":"Transformed","damage_taken":0,"max_hp_gain":0,"max_hp_loss":0,"event_name":"Transmorgrifier","floor":8,"gold_loss":0,"cards_obtained":["Shame"]}],"is_beta":false,"boss_relics":[{"not_picked":["Black Blood","Busted Crown"],"picked":"Black Star"}],"items_purged_floors":[14],"is_endless":false,"potions_floor_spawned":[3,11,12,18],"killed_by":"Replay:Snechameleon","ascension_level":20}}