{"host":"hnflc3t7qut4yf6t","time":1613773136,"event":{"mods":["BaseMod","Minty Spire (QoL Compilation)","Random Character Button","Relic Stats","Slay-I"],"gold_per_floor":[116,126,126,142,156,181,181,194,194,207,234,234,234,257,257,378,378,393,4,25,25,25,25,56,56,56,100,113,113,151,169,169,297,297,320,320,345,369,390,390,390],"floor_reached":40,"language":"ENG","playtime":2171,"items_purged":["Seeing Red+1"],"score":535,"play_id":"3ed7dbe4-2841-4cab-a96b-3565ad6e6efe","local_time":"20210219231856","is_ascension_mode":false,"campfire_choices":[{"data":"Defend_R","floor":12,"key":"SMITH"},{"data":"Defend_R","floor":15,"key":"SMITH"},{"data":"Iron Wave","floor":23,"key":"SMITH"},{"data":"J.A.X.","floor":25,"key":"SMITH"},{"data":"Thunderclap","floor":32,"key":"SMITH"}],"circlet_count":0,"master_deck":["Strike_R","Defend_R","Defend_R+1","Defend_R+1","Defend_R+1","Clash","Clash","Sword Boomerang","Reckless Charge","Thunderclap+1","Shrug It Off","Shrug It Off","Reckless Charge","Sword Boomerang","Rage+1","Reaper+1","Sword Boomerang","Violence","Power Through","Iron Wave+1","Headbutt+1","Sword Boomerang","RitualDagger","Iron Wave+1"],"relics":["Burning Blood","Potion Belt","StoneCalendar","Shuriken","Golden Idol","Astrolabe","Vajra","Gambling Chip","Toxic Egg 2","Bronze Scales","Boot","Busted Crown"],"acts_visited":["Exordium","TheCity","TheBeyond"],"potions_floor_usage":[6,16,30,33,33,33],"damage_taken":[{"damage":16,"enemies":"Jaw Worm","floor":1,"turns":5},{"damage":0,"enemies":"2 Louse","floor":2,"turns":2},{"damage":0,"enemies":"Cultist","floor":4,"turns":3},{"damage":0,"enemies":"3 Louse","floor":5,"turns":2},{"damage":12,"enemies":"3 Sentries","floor":6,"turns":10},{"damage":7,"enemies":"Blue Slaver","floor":8,"turns":3},{"damage":9,"enemies":"2 Fungi Beasts","floor":10,"turns":2},{"damage":0,"enemies":"Gremlin Nob","floor":11,"turns":3},{"damage":12,"enemies":"Exordium Thugs","floor":14,"turns":3},{"damage":28,"enemies":"The Guardian","floor":16,"turns":9},{"damage":6,"enemies":"Shell Parasite","floor":18,"turns":4},{"damage":0,"enemies":"Chosen","floor":20,"turns":3},{"damage":20,"enemies":"Gremlin Leader","floor":24,"turns":5},{"damage":6,"enemies":"Book of Stabbing","floor":27,"turns":4},{"damage":3,"enemies":"Centurion and Healer","floor":28,"turns":4},{"damage":18,"enemies":"Gremlin Leader","floor":30,"turns":3},{"damage":14,"enemies":"Snake Plant","floor":31,"turns":2},{"damage":39,"enemies":"Champ","floor":33,"turns":7},{"damage":31,"enemies":"3 Shapes","floor":35,"turns":3},{"damage":7,"enemies":"Orb Walker","floor":37,"turns":2},{"damage":21,"enemies":"Spire Growth","floor":38,"turns":4},{"damage":35,"enemies":"Sphere and 2 Shapes","floor":39,"turns":4},{"damage":18,"enemies":"Reptomancer","floor":40,"turns":2}],"seed_played":"-5469109134274568729","potions_obtained":[{"floor":1,"key":"LiquidMemories"},{"floor":4,"key":"DuplicationPotion"},{"floor":11,"key":"SteroidPotion"},{"floor":14,"key":"LiquidBronze"},{"floor":16,"key":"DistilledChaos"},{"floor":24,"key":"Regen Potion"},{"floor":28,"key":"Weak Potion"},{"floor":31,"key":"SteroidPotion"},{"floor":37,"key":"SpeedPotion"},{"floor":38,"key":"EssenceOfSteel"},{"floor":39,"key":"Block Potion"}],"is_trial":false,"path_per_floor":["M","M","?","M","M","E","?","M","T","M","E","R","?","M","R","B",null,"M","$","M","?","?","R","E","R","T","E","M","?","E","M","R","B",null,"M","?","M","M","M","E"],"character_chosen":"IRONCLAD","items_purchased":["Violence","Vajra"],"campfire_rested":0,"item_purchase_floors":[19,19],"current_hp_per_floor":[70,76,69,75,80,74,74,73,73,70,76,76,56,50,50,28,80,80,80,80,80,80,80,66,66,66,66,69,63,51,43,43,15,80,55,60,59,44,15,0,0],"gold":390,"neow_bonus":"","is_daily":false,"chose_seed":false,"campfire_upgraded":5,"win_rate":0.0,"timestamp":1613773136,"path_taken":["M","M","?","M","M","E","?","?","T","M","E","R","?","M","R","BOSS","M","$","M","?","?","R","E","R","T","E","?","?","E","M","R","BOSS","M","?","?","M","?","E"],"items_purchased_type":["Card","Relic"],"build_version":"2020-12-22","purchased_purges":1,"victory":false,"max_hp_per_floor":[80,80,80,80,80,80,80,80,80,80,80,80,80,80,80,80,80,80,80,80,80,80,80,80,80,80,80,80,80,80,80,80,80,80,80,80,80,80,80,80,80],"relic_stats":{"Busted Crown":8,"counters":[23,89],"Shuriken":[38],"Golden Idol":111,"Astrolabe":["Seeing Red","Rage","Reaper"],"Gambling Chip":[14],"Bronze Scales":[63],"StoneCalendar":[91],"Boot":[4],"obtain_stats":[{"Potion Belt":6,"Busted Crown":34,"Shuriken":11,"Golden Idol":13,"Astrolabe":17,"Gambling Chip":24,"Bronze Scales":27,"Vajra":19,"StoneCalendar":9,"Toxic Egg 2":26,"Boot":30,"Burning Blood":0},{"Potion Belt":5,"Busted Crown":18,"Shuriken":8,"Golden Idol":8,"Astrolabe":10,"Gambling Chip":13,"Bronze Scales":14,"Vajra":11,"StoneCalendar":6,"Toxic Egg 2":13,"Boot":16,"Burning Blood":0},{"Potion Belt":22,"Busted Crown":74,"Shuriken":30,"Golden Idol":30,"Astrolabe":42,"Gambling Chip":54,"Bronze Scales":58,"Vajra":46,"StoneCalendar":25,"Toxic Egg 2":54,"Boot":65,"Burning Blood":0}],"Burning Blood":124},"card_choices":[{"not_picked":["Metallicize","Pommel Strike"],"picked":"Clash","floor":1},{"not_picked":["Fire Breathing","Cleave"],"picked":"Clash","floor":2},{"not_picked":["True Grit","Seeing Red"],"picked":"Sword Boomerang","floor":4},{"not_picked":["Burning Pact","Juggernaut"],"picked":"Reckless Charge","floor":5},{"not_picked":["Headbutt","Cleave"],"picked":"Thunderclap","floor":6},{"not_picked":["Whirlwind","Clothesline"],"picked":"Shrug It Off","floor":8},{"not_picked":["Iron Wave","Pommel Strike"],"picked":"Shrug It Off","floor":10},{"not_picked":["True Grit","Infernal Blade"],"picked":"Reckless Charge","floor":11},{"not_picked":["Perfected Strike","Headbutt"],"picked":"Sword Boomerang","floor":14},{"not_picked":["Pommel Strike","Shrug It Off"],"picked":"Sword Boomerang","floor":18},{"not_picked":["Body Slam+1","Rupture"],"picked":"Power Through","floor":20},{"not_picked":["Warcry","Armaments+1"],"picked":"Headbutt+1","floor":24},{"not_picked":["Feed","Perfected Strike"],"picked":"Sword Boomerang","floor":27},{"not_picked":["Sever Soul+1","Flex+1","Anger+1"],"picked":"SKIP","floor":28},{"not_picked":["Thunderclap+1","Pummel","Sword Boomerang+1"],"picked":"SKIP","floor":30},{"not_picked":["Perfected Strike+1","Armaments+1"],"picked":"Iron Wave+1","floor":31},{"not_picked":["Pommel Strike"],"picked":"SKIP","floor":35},{"not_picked":["True Grit+1"],"picked":"SKIP","floor":37},{"not_picked":["Carnage"],"picked":"SKIP","floor":38},{"not_picked":["Carnage+1"],"picked":"SKIP","floor":39}],"player_experience":0,"relics_obtained":[{"floor":6,"key":"Potion Belt"},{"floor":9,"key":"StoneCalendar"},{"floor":11,"key":"Shuriken"},{"floor":24,"key":"Gambling Chip"},{"floor":26,"key":"Toxic Egg 2"},{"floor":27,"key":"Bronze Scales"},{"floor":30,"key":"Boot"}],"event_choices":[{"cards_removed":["Bash"],"damage_healed":0,"gold_gain":0,"player_choice":"Card Removal","damage_taken":7,"max_hp_gain":0,"max_hp_loss":0,"event_name":"Golden Wing","floor":3,"gold_loss":0},{"damage_healed":0,"gold_gain":0,"player_choice":"Forge","damage_taken":0,"max_hp_gain":0,"max_hp_loss":0,"event_name":"Accursed Blacksmith","floor":7,"gold_loss":0,"cards_upgraded":["Defend_R"]},{"damage_healed":0,"gold_gain":0,"player_choice":"Take Damage","damage_taken":20,"relics_obtained":["Golden Idol"],"max_hp_gain":0,"max_hp_loss":0,"event_name":"Golden Idol","floor":13,"gold_loss":0},{"damage_healed":0,"gold_gain":0,"player_choice":"Obtain J.A.X.","damage_taken":0,"max_hp_gain":0,"max_hp_loss":0,"event_name":"Drug Dealer","floor":21,"gold_loss":0,"cards_obtained":["J.A.X."]},{"cards_removed":["Strike_R"],"damage_healed":0,"gold_gain":0,"player_choice":"Took Card","damage_taken":0,"max_hp_gain":0,"max_hp_loss":0,"event_name":"NoteForYourself","floor":22,"gold_loss":0,"cards_obtained":["Iron Wave"]},{"damage_healed":0,"gold_gain":0,"player_choice":"Joined the Cult","damage_taken":6,"max_hp_gain":0,"max_hp_loss":0,"event_name":"Nest","floor":29,"gold_loss":0,"cards_obtained":["RitualDagger"]},{"cards_removed":["J.A.X."],"damage_healed":5,"gold_gain":0,"player_choice":"Offered Special","damage_taken":0,"max_hp_gain":0,"max_hp_loss":0,"event_name":"Bonfire Elementals","floor":36,"gold_loss":0}],"is_beta":false,"boss_relics":[{"not_picked":["Black Blood","Ectoplasm"],"picked":"Astrolabe"},{"not_picked":["SacredBark","Philosopher\u0027s Stone"],"picked":"Busted Crown"}],"items_purged_floors":[19],"is_endless":false,"potions_floor_spawned":[1,4,11,14,16,24,28,31,37,38,39],"killed_by":"Reptomancer","ascension_level":0}}