{"host":"6a9c3xws62y7efyw","time":1613701881,"event":{"mods":["BaseMod","Colored Map","Minty Spire (QoL Compilation)","Relic Stats","StSLib"],"gold_per_floor":[117,117,130,148,167,198,209,209,209,209,221,255,43,72,72,144,144,162,181,181,181],"floor_reached":20,"language":"ENG","playtime":766,"items_purged":["Strike_G"],"score":392,"play_id":"6a05c560-f96f-48b8-a14c-e95171c1d194","local_time":"20210218183121","is_ascension_mode":true,"campfire_choices":[{"floor":8.0,"key":"REST"},{"data":"All Out Attack","floor":10.0,"key":"SMITH"},{"data":"Corpse Explosion","floor":15.0,"key":"SMITH"}],"circlet_count":0,"master_deck":["AscendersBane","Strike_G","Defend_G","Defend_G","Defend_G","Defend_G","Defend_G","Survivor","Neutralize","Slice","Neutralize","Flechettes","Dagger Spray","Blade Dance","Endless Agony","Corpse Explosion+1","All Out Attack+1","Backflip","Burst","All Out Attack+1","Corpse Explosion+1","Dash+1","Blade Dance"],"relics":["Ring of the Snake","NeowsBlessing","Mercury Hourglass","Singing Bowl","WingedGreaves","Bottled Flame","Astrolabe"],"acts_visited":["Exordium","TheCity"],"potions_floor_usage":[20],"damage_taken":[{"damage":0.0,"enemies":"Small Slimes","floor":1.0,"turns":1.0},{"damage":0.0,"enemies":"Cultist","floor":3.0,"turns":1.0},{"damage":0.0,"enemies":"2 Louse","floor":4.0,"turns":1.0},{"damage":8.0,"enemies":"Looter","floor":5.0,"turns":2.0},{"damage":40.0,"enemies":"Gremlin Nob","floor":6.0,"turns":5.0},{"damage":0.0,"enemies":"Red Slaver","floor":7.0,"turns":4.0},{"damage":0.0,"enemies":"Large Slime","floor":11.0,"turns":3.0},{"damage":10.0,"enemies":"3 Sentries","floor":12.0,"turns":4.0},{"damage":12.0,"enemies":"Lagavulin","floor":14.0,"turns":6.0},{"damage":3.0,"enemies":"Slime Boss","floor":16.0,"turns":7.0},{"damage":25.0,"enemies":"Shell Parasite","floor":18.0,"turns":5.0},{"damage":19.0,"enemies":"2 Thieves","floor":19.0,"turns":4.0},{"damage":0,"enemies":"Snake Plant","floor":20,"turns":3}],"seed_played":"-3334366637729323586","potions_obtained":[{"floor":4.0,"key":"SpeedPotion"},{"floor":7.0,"key":"Ancient Potion"},{"floor":14.0,"key":"Strength Potion"},{"floor":16.0,"key":"AttackPotion"}],"is_trial":false,"path_per_floor":["M","?","M","M","M","E","M","R","T","R","M","E","$","E","R","B",null,"M","M","M"],"character_chosen":"THE_SILENT","items_purchased":["Regen Potion","PowerPotion"],"campfire_rested":1,"item_purchase_floors":[13,13],"current_hp_per_floor":[59,59,59,59,51,11,11,30,30,30,32,22,22,27,27,24,59,34,17,17,17],"gold":181,"neow_bonus":"THREE_ENEMY_KILL","is_daily":false,"chose_seed":false,"campfire_upgraded":2,"win_rate":0.0,"timestamp":1613701881,"path_taken":["M","?","?","M","M","E","M","R","T","R","M","E","$","E","R","BOSS","M","M","?"],"items_purchased_type":["Potion","Potion"],"build_version":"2020-12-22","purchased_purges":1,"victory":false,"max_hp_per_floor":[66,66,66,66,66,66,66,66,66,66,68,68,68,70,70,70,70,70,72,72,72],"relic_stats":{"Singing Bowl":6,"counters":[13,45],"Astrolabe":["All Out Attack","Corpse Explosion","Dash"],"obtain_stats":[{"Bottled Flame":14,"NeowsBlessing":0,"Singing Bowl":9,"Astrolabe":17,"WingedGreaves":12,"Ring of the Snake":0,"Mercury Hourglass":6},{"Bottled Flame":9,"NeowsBlessing":0,"Singing Bowl":6,"Astrolabe":10,"WingedGreaves":8,"Ring of the Snake":0,"Mercury Hourglass":5},{"Bottled Flame":27,"NeowsBlessing":0,"Singing Bowl":14,"Astrolabe":34,"WingedGreaves":21,"Ring of the Snake":0,"Mercury Hourglass":10}],"Ring of the Snake":[26],"Mercury Hourglass":[133]},"card_choices":[{"not_picked":["Reflex","Acrobatics"],"picked":"Slice","floor":1.0},{"not_picked":["Prepared","Bane"],"picked":"Dagger Spray","floor":3.0},{"not_picked":["Flying Knee","Deflect"],"picked":"Blade Dance","floor":4.0},{"not_picked":["Quick Slash","Catalyst"],"picked":"Endless Agony","floor":5.0},{"not_picked":["Slice","Blade Dance"],"picked":"Corpse Explosion","floor":6.0},{"not_picked":["Poisoned Stab","Prepared"],"picked":"All Out Attack","floor":7.0},{"not_picked":["Deadly Poison","Caltrops","Deflect"],"picked":"Singing Bowl","floor":11.0},{"not_picked":["Distraction","Dagger Spray"],"picked":"Backflip","floor":12.0},{"not_picked":["Outmaneuver","Calculated Gamble","Concentrate"],"picked":"Singing Bowl","floor":14.0},{"not_picked":["A Thousand Cuts","Envenom"],"picked":"Burst","floor":16.0},{"not_picked":["Poisoned Stab","Outmaneuver"],"picked":"Blade Dance","floor":18.0},{"not_picked":["Flying Knee","Concentrate","Dagger Spray"],"picked":"Singing Bowl","floor":19.0}],"player_experience":1550050,"relics_obtained":[{"floor":6.0,"key":"Mercury Hourglass"},{"floor":9.0,"key":"Singing Bowl"},{"floor":12.0,"key":"WingedGreaves"},{"floor":14.0,"key":"Bottled Flame"}],"event_choices":[{"damage_healed":0.0,"max_hp_gain":0.0,"max_hp_loss":0.0,"gold_gain":0.0,"event_name":"Match and Keep!","player_choice":"2 cards matched","floor":2.0,"gold_loss":0.0,"damage_taken":0.0,"cards_obtained":["Neutralize","Flechettes"]}],"is_beta":false,"boss_relics":[{"not_picked":["Tiny House","Runic Dome"],"picked":"Astrolabe"}],"items_purged_floors":[13],"is_endless":false,"potions_floor_spawned":[4,7,14,16],"killed_by":"Snake Plant","ascension_level":20}}