{"host":"29uuqgkzqd703i93","time":1613760905,"event":{"mods":["BaseMod","Colored Powertips","Minty Spire (QoL Compilation)"],"gold_per_floor":[119,133,153,164,183,183,210,220,247,247,247,247],"floor_reached":11,"language":"ENG","playtime":829,"items_purged":[],"score":77,"play_id":"c72aaafa-5a30-45bb-984f-3d2ed335bf69","local_time":"20210219195505","is_ascension_mode":false,"campfire_choices":[{"data":"Accuracy","floor":6,"key":"SMITH"},{"floor":10,"key":"REST"}],"circlet_count":0,"master_deck":["Strike_G","Strike_G","Strike_G","Strike_G","Strike_G","Defend_G","Defend_G","Defend_G","Defend_G","Defend_G","Survivor","Neutralize","Prepared","Well Laid Plans","Cloak And Dagger","Escape Plan","Accuracy+1","Leg Sweep","Outmaneuver","Blur"],"relics":["Ring of the Snake","NeowsBlessing","CaptainsWheel","Dream Catcher"],"acts_visited":["Exordium"],"potions_floor_usage":[],"damage_taken":[{"damage":0,"enemies":"2 Louse","floor":1,"turns":1},{"damage":0,"enemies":"Jaw Worm","floor":2,"turns":1},{"damage":0,"enemies":"Cultist","floor":3,"turns":1},{"damage":9,"enemies":"Exordium Wildlife","floor":4,"turns":7},{"damage":0,"enemies":"3 Louse","floor":5,"turns":5},{"damage":36,"enemies":"3 Sentries","floor":7,"turns":18},{"damage":8,"enemies":"Lots of Slimes","floor":8,"turns":8},{"damage":73,"enemies":"Gremlin Nob","floor":11,"turns":6}],"seed_played":"-5632144835660345657","potions_obtained":[{"floor":2,"key":"EssenceOfSteel"},{"floor":3,"key":"LiquidMemories"}],"is_trial":false,"path_per_floor":["M","M","M","M","M","R","E","M","T","R","E"],"character_chosen":"THE_SILENT","items_purchased":[],"campfire_rested":1,"item_purchase_floors":[],"current_hp_per_floor":[70,70,70,61,61,61,25,17,17,38,0,0],"gold":247,"neow_bonus":"THREE_ENEMY_KILL","is_daily":false,"chose_seed":false,"campfire_upgraded":1,"win_rate":0.0,"timestamp":1613760905,"path_taken":["M","M","M","M","M","R","E","M","T","R","E"],"items_purchased_type":[],"build_version":"2020-12-22","purchased_purges":0,"victory":false,"max_hp_per_floor":[70,70,70,70,70,70,70,70,70,70,70,70],"card_choices":[{"not_picked":["Slice","Catalyst"],"picked":"Prepared","floor":1},{"not_picked":["Backflip","Choke"],"picked":"Well Laid Plans","floor":2},{"not_picked":["Bane","PiercingWail"],"picked":"Cloak And Dagger","floor":3},{"not_picked":["Skewer","Poisoned Stab"],"picked":"Escape Plan","floor":4},{"not_picked":["Well Laid Plans","Slice"],"picked":"Accuracy","floor":5},{"not_picked":["Venomology","Setup"],"picked":"Leg Sweep","floor":7},{"not_picked":["Crippling Poison","Sucker Punch"],"picked":"Outmaneuver","floor":8},{"not_picked":["Flechettes","Bane"],"picked":"Blur","floor":10}],"player_experience":120763,"relics_obtained":[{"floor":7,"key":"CaptainsWheel"},{"floor":9,"key":"Dream Catcher"}],"event_choices":[],"is_beta":false,"boss_relics":[],"items_purged_floors":[],"is_endless":false,"potions_floor_spawned":[2,3],"killed_by":"Gremlin Nob","ascension_level":0}}