{"host":"a3wpq7kyokchzawk","time":1613773663,"event":{"mods":["BaseMod","Colored Map","Highlight Path","Minty Spire (QoL Compilation)","Permanent Neow","Potion Indicator Mod","Relic Stats","Weighted Paths"],"gold_per_floor":[114,129,54,64,89,122,122,151,151,151,162,195,195,206,206,280,280,257,257,46,73,93,93,127,127,172,172,206,206,225,254,254,328,328,347,395,412,73,73,102,102,119,146,146,165,194,209,209,209],"floor_reached":48,"language":"ENG","playtime":5909,"items_purged":["Strike_G","Strike_G"],"score":1182,"play_id":"f82b500c-7092-4c42-b7a5-500253c7bd16","local_time":"20210219202743","is_ascension_mode":true,"campfire_choices":[{"data":"Neutralize","floor":7.0,"key":"SMITH"},{"floor":10.0,"key":"REST"},{"data":"Dash","floor":15.0,"key":"SMITH"},{"data":"Wraith Form v2","floor":23.0,"key":"SMITH"},{"data":"Terror","floor":27.0,"key":"SMITH"},{"floor":29.0,"key":"REST"},{"floor":32.0,"key":"REST"},{"data":"Burst","floor":44,"key":"SMITH"}],"circlet_count":0,"master_deck":["AscendersBane","Strike_G+1","Strike_G","Defend_G","Defend_G","Defend_G","Defend_G","Survivor","Neutralize+1","Adrenaline","Finisher","Dagger Spray","Cloak And Dagger","Quick Slash+1","Dash+1","Caltrops","Infinite Blades","Wraith Form v2+1","Terror+1","All Out Attack","PiercingWail","Blade Dance","Blade Dance","Backstab","Burst+1","Tools of the Trade","PiercingWail+1","Cloak And Dagger","Noxious Fumes","Prepared+1","Decay","Blade Dance+1","Dodge and Roll+1"],"relics":["Ring of the Snake","Nunchaku","Pantograph","Whetstone","Letter Opener","Unceasing Top","Philosopher\u0027s Stone","Membership Card","Boot","Bag of Marbles","Anchor","CaptainsWheel","Singing Bowl","Sozu","Ice Cream","OrangePellets","Calipers","Toxic Egg 2","Peace Pipe"],"acts_visited":["Exordium","TheCity","TheBeyond"],"potions_floor_usage":[],"damage_taken":[{"damage":6.0,"enemies":"Jaw Worm","floor":1.0,"turns":5.0},{"damage":0.0,"enemies":"Small Slimes","floor":2.0,"turns":3.0},{"damage":0.0,"enemies":"Cultist","floor":4.0,"turns":3.0},{"damage":23.0,"enemies":"3 Sentries","floor":6.0,"turns":10.0},{"damage":22.0,"enemies":"Lagavulin","floor":8.0,"turns":4.0},{"damage":1.0,"enemies":"Looter","floor":11.0,"turns":2.0},{"damage":6.0,"enemies":"Gremlin Nob","floor":12.0,"turns":3.0},{"damage":2.0,"enemies":"3 Louse","floor":14.0,"turns":3.0},{"damage":24.0,"enemies":"Hexaghost","floor":16.0,"turns":9.0},{"damage":2.0,"enemies":"2 Thieves","floor":18.0,"turns":4.0},{"damage":0.0,"enemies":"Chosen","floor":22.0,"turns":4.0},{"damage":23.0,"enemies":"Slavers","floor":24.0,"turns":7.0},{"damage":19.0,"enemies":"Gremlin Leader","floor":28.0,"turns":4.0},{"damage":10.0,"enemies":"Centurion and Healer","floor":30.0,"turns":5.0},{"damage":2.0,"enemies":"Slavers","floor":31.0,"turns":4.0},{"damage":11.0,"enemies":"Collector","floor":33.0,"turns":9.0},{"damage":9.0,"enemies":"3 Darklings","floor":35.0,"turns":5.0},{"damage":27.0,"enemies":"2 Orb Walkers","floor":36.0,"turns":5.0},{"damage":0.0,"enemies":"Orb Walker","floor":37.0,"turns":2.0},{"damage":6.0,"enemies":"Giant Head","floor":40.0,"turns":7.0},{"damage":0.0,"enemies":"Maw","floor":42.0,"turns":7.0},{"damage":8,"enemies":"Writhing Mass","floor":45,"turns":7},{"damage":12,"enemies":"Reptomancer","floor":46,"turns":5},{"damage":5,"enemies":"4 Shapes","floor":47,"turns":5},{"damage":31,"enemies":"Maw","floor":48,"turns":2}],"seed_played":"-3621654177754792258","potions_obtained":[{"floor":4.0,"key":"Swift Potion"},{"floor":6.0,"key":"EntropicBrew"},{"floor":12.0,"key":"FearPotion"},{"floor":14.0,"key":"ColorlessPotion"},{"floor":22.0,"key":"Dexterity Potion"},{"floor":30.0,"key":"Ancient Potion"}],"is_trial":false,"path_per_floor":["M","M","?","M","T","E","R","E","T","R","M","E","?","M","R","B",null,"M","?","$","T","M","R","E","?","T","R","E","R","M","E","R","B",null,"M","?","M","$","?","E","?","M","T","R","M","E","M","M"],"character_chosen":"THE_SILENT","items_purchased":["Membership Card","OrangePellets","Calipers","Noxious Fumes"],"campfire_rested":3,"item_purchase_floors":[20,38,38,38],"current_hp_per_floor":[53,53,53,53,53,30,30,8,8,27,26,20,25,23,23,24,59,57,57,57,57,57,57,34,34,34,34,15,36,26,24,45,59,68,61,34,34,34,34,28,28,30,30,30,22,10,7,0,0],"gold":209,"neow_bonus":"ONE_RANDOM_RARE_CARD","is_daily":false,"chose_seed":false,"campfire_upgraded":5,"win_rate":0.0,"timestamp":1613773663,"path_taken":["M","M","?","M","?","E","R","E","T","R","M","E","?","M","R","BOSS","M","?","$","?","M","R","E","?","T","R","E","R","M","E","R","BOSS","M","?","M","$","?","E","?","M","T","R","?","E","M","M"],"items_purchased_type":["Relic","Relic","Relic","Card"],"build_version":"2020-12-22","purchased_purges":2,"victory":false,"max_hp_per_floor":[66,66,66,66,66,66,66,66,66,66,66,66,71,71,71,71,71,71,71,71,71,71,71,71,71,71,71,71,71,71,71,71,71,71,73,73,73,73,69,69,69,71,71,71,71,71,73,73,73],"relic_stats":{"Singing Bowl":6,"counters":[25,124],"Whetstone":["Quick Slash","Strike_G"],"Letter Opener":[218],"Boot":[146],"Sozu":5,"Peace Pipe":0,"OrangePellets":[10],"Nunchaku":[40],"Pantograph":50,"obtain_stats":[{"Ice Cream":36,"Calipers":38,"Singing Bowl":31,"Whetstone":8,"Letter Opener":9,"Boot":21,"Sozu":34,"Peace Pipe":46,"OrangePellets":38,"Nunchaku":5,"Anchor":26,"CaptainsWheel":28,"Pantograph":6,"Philosopher\u0027s Stone":17,"Bag of Marbles":24,"Membership Card":20,"Toxic Egg 2":40,"Unceasing Top":12,"Ring of the Snake":0},{"Ice Cream":18,"Calipers":19,"Singing Bowl":15,"Whetstone":5,"Letter Opener":5,"Boot":10,"Sozu":16,"Peace Pipe":23,"OrangePellets":19,"Nunchaku":3,"Anchor":12,"CaptainsWheel":13,"Pantograph":4,"Philosopher\u0027s Stone":9,"Bag of Marbles":12,"Membership Card":10,"Toxic Egg 2":20,"Unceasing Top":7,"Ring of the Snake":0},{"Ice Cream":89,"Calipers":91,"Singing Bowl":70,"Whetstone":25,"Letter Opener":25,"Boot":46,"Sozu":79,"Peace Pipe":117,"OrangePellets":91,"Nunchaku":11,"Anchor":57,"CaptainsWheel":61,"Pantograph":21,"Philosopher\u0027s Stone":42,"Bag of Marbles":57,"Membership Card":46,"Toxic Egg 2":98,"Unceasing Top":30,"Ring of the Snake":0}],"Unceasing Top":[24],"Ring of the Snake":[50]},"card_choices":[{"not_picked":["Acrobatics","Outmaneuver"],"picked":"Finisher","floor":1.0},{"not_picked":["PiercingWail","Outmaneuver"],"picked":"Dagger Spray","floor":2.0},{"not_picked":["Skewer","All Out Attack"],"picked":"Cloak And Dagger","floor":4.0},{"not_picked":["All Out Attack","Doppelganger"],"picked":"Quick Slash","floor":6.0},{"not_picked":["Acrobatics","Calculated Gamble"],"picked":"Dash","floor":8.0},{"not_picked":["Crippling Poison","Quick Slash","Prepared"],"picked":"SKIP","floor":11.0},{"not_picked":["Crippling Poison","Sucker Punch"],"picked":"Caltrops","floor":12.0},{"not_picked":["Dagger Throw","Predator"],"picked":"Infinite Blades","floor":14.0},{"not_picked":["Night Terror","Grand Finale"],"picked":"Wraith Form v2","floor":16.0},{"not_picked":["Dagger Throw","Deadly Poison"],"picked":"Terror","floor":18.0},{"not_picked":["Flying Knee+1","Deflect"],"picked":"PiercingWail","floor":22.0},{"not_picked":["Sucker Punch","Deflect"],"picked":"Blade Dance","floor":24.0},{"not_picked":["Bane","Finisher"],"picked":"Blade Dance","floor":28.0},{"not_picked":["Expertise+1","Flying Knee"],"picked":"Backstab","floor":30.0},{"not_picked":["Expertise","Dodge and Roll"],"picked":"Burst","floor":31.0},{"not_picked":["Unload","Storm of Steel"],"picked":"Tools of the Trade","floor":33.0},{"not_picked":["Predator","Setup","Skewer+1"],"picked":"Singing Bowl","floor":35.0},{"not_picked":["Underhanded Strike","Choke"],"picked":"PiercingWail+1","floor":36.0},{"not_picked":["Riddle With Holes+1","Dagger Throw"],"picked":"Cloak And Dagger","floor":37.0},{"not_picked":["Quick Slash","Dagger Spray"],"picked":"Prepared+1","floor":40.0},{"not_picked":["Skewer","Backstab","Dagger Spray"],"picked":"Singing Bowl","floor":42.0},{"not_picked":["Bane","All Out Attack"],"picked":"Blade Dance+1","floor":45},{"not_picked":["Predator","Poisoned Stab"],"picked":"Dodge and Roll+1","floor":46},{"not_picked":["Noxious Fumes","Expertise+1","Dagger Spray"],"picked":"Singing Bowl","floor":47}],"player_experience":2770827,"relics_obtained":[{"floor":5.0,"key":"Nunchaku"},{"floor":6.0,"key":"Pantograph"},{"floor":8.0,"key":"Whetstone"},{"floor":9.0,"key":"Letter Opener"},{"floor":12.0,"key":"Unceasing Top"},{"floor":21.0,"key":"Boot"},{"floor":24.0,"key":"Bag of Marbles"},{"floor":26.0,"key":"Anchor"},{"floor":28.0,"key":"CaptainsWheel"},{"floor":31.0,"key":"Singing Bowl"},{"floor":36.0,"key":"Ice Cream"},{"floor":40.0,"key":"Toxic Egg 2"},{"floor":46,"key":"Peace Pipe"}],"event_choices":[{"cards_removed":["Defend_G"],"damage_healed":0.0,"max_hp_gain":0.0,"max_hp_loss":0.0,"gold_gain":0.0,"event_name":"The Cleric","player_choice":"Card Removal","floor":3.0,"gold_loss":75.0,"damage_taken":0.0},{"damage_healed":0.0,"max_hp_gain":5.0,"max_hp_loss":0.0,"gold_gain":0.0,"event_name":"Big Fish","player_choice":"Donut","floor":13.0,"gold_loss":0.0,"damage_taken":0.0},{"damage_healed":0.0,"max_hp_gain":0.0,"max_hp_loss":0.0,"gold_gain":0.0,"cards_transformed":["Strike_G"],"event_name":"Transmorgrifier","player_choice":"Transformed","floor":19.0,"gold_loss":0.0,"damage_taken":0.0,"cards_obtained":["All Out Attack"]},{"damage_healed":0.0,"max_hp_gain":0.0,"max_hp_loss":0.0,"gold_gain":0.0,"event_name":"The Mausoleum","player_choice":"Ignored","floor":25.0,"gold_loss":0.0,"damage_taken":0.0},{"damage_healed":0.0,"max_hp_gain":0.0,"max_hp_loss":0.0,"gold_gain":0.0,"event_name":"Mysterious Sphere","player_choice":"Fight","floor":36.0,"gold_loss":0.0,"damage_taken":0.0},{"damage_healed":0.0,"max_hp_gain":0.0,"max_hp_loss":4.0,"gold_gain":0.0,"event_name":"Winding Halls","player_choice":"Max HP","floor":39.0,"gold_loss":0.0,"damage_taken":0.0},{"damage_healed":0.0,"max_hp_gain":0.0,"max_hp_loss":0.0,"gold_gain":0.0,"event_name":"Wheel of Change","player_choice":"Cursed","floor":41.0,"gold_loss":0.0,"damage_taken":0.0,"cards_obtained":["Decay"]}],"is_beta":false,"boss_relics":[{"not_picked":["Runic Pyramid","SacredBark"],"picked":"Philosopher\u0027s Stone"},{"not_picked":["Fusion Hammer","Empty Cage"],"picked":"Sozu"}],"items_purged_floors":[20,38],"is_endless":false,"potions_floor_spawned":[4,6,12,14,22,30,37,42,45,46,47],"killed_by":"Maw","ascension_level":20}}