{"host":"yassvrowvc2yfwp2","time":1613699031,"event":{"mods":["2.2 Compatiblity","Act Like it!","BaseMod","Better Note","Curses Come First","Dota2Spire","Downfall","HololiveMod","Jorbs\u0027s Wanderer Trilogy","Minty Spire (QoL Compilation)","Prisma Mod","Rare Cards Sparkle","Reimu£®≤©¿ˆ¡È√Œ£©","Replay The Spire","Say the Spire","Spicy Shops","StSLib","The Bug Knight","The Cursed","The Servant 0.9.4"],"gold_per_floor":[99,118,78,93,93,124,175,175,187,187,204,204,233,263,285,395,395],"floor_reached":16,"language":"ZHS","playtime":701,"items_purged":[],"score":211,"play_id":"05a6f6e0-15d8-4ed9-9911-68d31332d536","local_time":"20210219094351","is_ascension_mode":true,"campfire_choices":[{"data":"TheCursedMod:CursedWand","floor":1,"key":"SMITH"},{"data":"TheCursedMod:CursedRelics","floor":8,"key":"SMITH"},{"data":"TheCursedMod:SpitefulPlan","floor":10,"key":"SMITH"}],"circlet_count":0,"master_deck":["TheCursedMod:Strike_TheCursed","TheCursedMod:Strike_TheCursed","TheCursedMod:Strike_TheCursed","TheCursedMod:Strike_TheCursed","TheCursedMod:Defend_TheCursed","TheCursedMod:Defend_TheCursed","TheCursedMod:Defend_TheCursed","TheCursedMod:CursedWand+1","TheCursedMod:CleanUpWorkshop","TheCursedMod:Dregs","TheCursedMod:FleshFromBone","TheCursedMod:SurpriseAttack","TheCursedMod:CursedRelics+1","TheCursedMod:SpitefulPlan+1","TheCursedMod:Hemoplague","TheCursedMod:CleanUpWorkshop","TheCursedMod:DoubleShield","TheCursedMod:CursedArmor","TheCursedMod:SpitefulStrike"],"relics":["TheCursedMod:BlackMagic101","PaintedHorse:ReiMu","Incense Burner","Dota2Spire:MaskOfMadness","MawBank"],"acts_visited":["Exordium"],"potions_floor_usage":[16,16],"damage_taken":[{"damage":0,"enemies":"Small Slimes","floor":2,"turns":3},{"damage":0,"enemies":"2 Louse","floor":4,"turns":3},{"damage":20,"enemies":"Gremlin Nob","floor":6,"turns":5},{"damage":0,"enemies":"Cultist","floor":9,"turns":3},{"damage":3,"enemies":"Blue Slaver","floor":11,"turns":4},{"damage":22,"enemies":"3 Sentries","floor":13,"turns":9},{"damage":0,"enemies":"Gremlin Gang","floor":14,"turns":5},{"damage":12,"enemies":"Large Slime","floor":15,"turns":8},{"damage":20,"enemies":"WA_ARCHETYPE_RETAIN","floor":16,"turns":10}],"seed_played":"-636198707462121138","potions_obtained":[{"floor":4,"key":"FairyPotion"},{"floor":11,"key":"Strength Potion"},{"floor":13,"key":"Fire Potion"},{"floor":15,"key":"ColorlessPotion"}],"is_trial":false,"path_per_floor":["R","M","?","M","?","E","T","R","M","R","M","?","E","M","M","B"],"character_chosen":"THE_CURSED","items_purchased":[],"campfire_rested":0,"item_purchase_floors":[],"current_hp_per_floor":[75,75,75,75,75,55,55,55,55,55,52,52,30,30,18,24,24],"gold":395,"neow_bonus":"TEN_PERCENT_HP_BONUS","is_daily":false,"chose_seed":false,"campfire_upgraded":3,"win_rate":0.0,"timestamp":1613699031,"path_taken":["R","M","?","M","?","E","T","R","?","R","M","?","E","M","M","BOSS"],"items_purchased_type":[],"build_version":"2020-12-22","purchased_purges":0,"victory":false,"max_hp_per_floor":[82,82,82,82,82,82,82,82,82,82,82,82,82,82,82,82,82],"card_choices":[{"not_picked":["TheCursedMod:CircleOfFlame","TheCursedMod:HellsGateOpen"],"picked":"TheCursedMod:FleshFromBone","floor":2},{"not_picked":["TheCursedMod:Stigma","TheCursedMod:CircleOfCorruption"],"picked":"TheCursedMod:SurpriseAttack","floor":4},{"not_picked":["TheCursedMod:SpitefulPray","TheCursedMod:SpitefulPlan"],"picked":"TheCursedMod:CursedRelics","floor":6},{"not_picked":["TheCursedMod:SaltUponWound","TheCursedMod:TacticalStrike"],"picked":"TheCursedMod:SpitefulPlan","floor":9},{"not_picked":["TheCursedMod:CircleOfFocus","TheCursedMod:SoulReap"],"picked":"TheCursedMod:Hemoplague","floor":11},{"not_picked":["TheCursedMod:SpitefulPlan","TheCursedMod:TacticalStrike"],"picked":"TheCursedMod:DoubleShield","floor":13},{"not_picked":["TheCursedMod:CircleOfCorruption","TheCursedMod:TacticalStrike"],"picked":"TheCursedMod:CursedArmor","floor":14},{"not_picked":["TheCursedMod:CircleOfAmplification","TheCursedMod:CursedBlade"],"picked":"TheCursedMod:SpitefulStrike","floor":15}],"player_experience":2171267,"relics_obtained":[{"floor":6,"key":"Incense Burner"},{"floor":7,"key":"Dota2Spire:MaskOfMadness"},{"floor":13,"key":"MawBank"}],"event_choices":[{"damage_healed":0,"gold_gain":0,"player_choice":"»˚«Æ","damage_taken":0,"relics_obtained":["PaintedHorse:ReiMu"],"max_hp_gain":0,"max_hp_loss":0,"event_name":"yidonshenshe","floor":3,"gold_loss":40},{"cards_removed":["TheCursedMod:Defend_TheCursed"],"damage_healed":0,"gold_gain":0,"player_choice":"Offered Basic","damage_taken":0,"max_hp_gain":0,"max_hp_loss":0,"event_name":"Bonfire Elementals","floor":5,"gold_loss":0},{"damage_healed":0,"gold_gain":0,"player_choice":"1 cards matched","damage_taken":0,"max_hp_gain":0,"max_hp_loss":0,"event_name":"Match and Keep!","floor":12,"gold_loss":0,"cards_obtained":["TheCursedMod:CleanUpWorkshop"]}],"is_beta":false,"boss_relics":[],"items_purged_floors":[],"is_endless":false,"potions_floor_spawned":[4,11,13,15],"killed_by":"WA_ARCHETYPE_RETAIN","ascension_level":6}}