{"host":"8is2j71l4wmybkoi","time":1613738468,"event":{"mods":["AchievementEnabler","BaseMod","Colored Map","DeckTracker","Minty Spire (QoL Compilation)","Rare Cards Sparkle","Relic Stats","StSLib","SuperFastMode"],"gold_per_floor":[118,131,131,147,166,166,192,211,263,263,188,202,234,234,234,312,312,328,347,347,360,211,236,236,265,265,281,281,316,326,342,342,421,421,438,454,479,499,513,548,92,107,107,107,135,135,135,35,35,35,35],"floor_reached":50,"language":"KOR","playtime":1792,"items_purged":["Strike_B","Strike_B","Defend_B"],"score":1180,"play_id":"f4c54476-6398-4045-acfc-d1115146db49","local_time":"20210219214108","is_ascension_mode":true,"campfire_choices":[{"data":"Recycle","floor":6,"key":"SMITH"},{"data":"Defragment","floor":10,"key":"SMITH"},{"data":"Zap","floor":15,"key":"SMITH"},{"floor":24,"key":"REST"},{"floor":32,"key":"REST"},{"floor":44,"key":"RECALL"},{"floor":49,"key":"REST"}],"circlet_count":0,"master_deck":["AscendersBane","Strike_B+1","Defend_B","Defend_B+1","Defend_B","Zap+1","Dualcast","Rainbow","BootSequence","Ball Lightning+1","Echo Form","Recycle+1","Capacitor","Defragment+1","Compile Driver","All For One+1","Electrodynamics","Conserve Battery+1","Glacier","Glacier","Recycle","Blizzard+1","Meteor Strike+1","Reinforced Body","Consume","Stack+1","Thunder Strike+1","Undo","All For One+1","Aggregate","Barrage+1"],"relics":["Cracked Core","CultistMask","Whetstone","Bronze Scales","Molten Egg 2","Lantern","Snecko Eye","Mummified Hand","Letter Opener","War Paint","Fusion Hammer","Torii","The Courier","Runic Capacitor","Gambling Chip","Mercury Hourglass","Anchor"],"acts_visited":["Exordium","TheCity","TheBeyond"],"potions_floor_usage":[13,21,23,29,33,33],"damage_taken":[{"damage":5,"enemies":"Small Slimes","floor":1,"turns":3},{"damage":0,"enemies":"Cultist","floor":2,"turns":3},{"damage":0,"enemies":"2 Louse","floor":4,"turns":2},{"damage":1,"enemies":"Blue Slaver","floor":5,"turns":3},{"damage":5,"enemies":"Lagavulin","floor":7,"turns":7},{"damage":3,"enemies":"Exordium Thugs","floor":8,"turns":4},{"damage":0,"enemies":"Exordium Wildlife","floor":12,"turns":2},{"damage":12,"enemies":"Gremlin Nob","floor":13,"turns":3},{"damage":33,"enemies":"Slime Boss","floor":16,"turns":7},{"damage":2,"enemies":"3 Byrds","floor":18,"turns":3},{"damage":0,"enemies":"Chosen","floor":19,"turns":3},{"damage":13,"enemies":"Snake Plant","floor":21,"turns":3},{"damage":0,"enemies":"Slavers","floor":23,"turns":3},{"damage":0,"enemies":"Book of Stabbing","floor":25,"turns":5},{"damage":0,"enemies":"Chosen and Byrds","floor":27,"turns":4},{"damage":9,"enemies":"Gremlin Leader","floor":29,"turns":4},{"damage":0,"enemies":"3 Cultists","floor":30,"turns":3},{"damage":19,"enemies":"Snake Plant","floor":31,"turns":3},{"damage":20,"enemies":"Automaton","floor":33,"turns":10},{"damage":0,"enemies":"3 Darklings","floor":35,"turns":2},{"damage":0,"enemies":"3 Shapes","floor":36,"turns":4},{"damage":0,"enemies":"Mind Bloom Boss Battle","floor":37,"turns":5},{"damage":0,"enemies":"Spire Growth","floor":38,"turns":3},{"damage":12,"enemies":"3 Darklings","floor":39,"turns":4},{"damage":1,"enemies":"Nemesis","floor":40,"turns":5},{"damage":0,"enemies":"Transient","floor":42,"turns":5},{"damage":0,"enemies":"Giant Head","floor":45,"turns":3},{"damage":61,"enemies":"Time Eater","floor":50,"turns":7}],"seed_played":"-7522120189433253680","potions_obtained":[{"floor":1,"key":"PotionOfCapacity"},{"floor":5,"key":"Dexterity Potion"},{"floor":12,"key":"DistilledChaos"},{"floor":16,"key":"SpeedPotion"},{"floor":18,"key":"Weak Potion"},{"floor":21,"key":"DistilledChaos"},{"floor":23,"key":"BlessingOfTheForge"},{"floor":30,"key":"SpeedPotion"},{"floor":31,"key":"Ancient Potion"},{"floor":36,"key":"Dexterity Potion"},{"floor":39,"key":"LiquidMemories"},{"floor":45,"key":"Regen Potion"}],"is_trial":false,"path_per_floor":["M","M","?","M","M","R","E","M","T","R","?","M","E","?","R","B",null,"M","M","?","M","$","E","R","E","T","M","?","E","M","M","R","B",null,"M","M","?","M","M","E","$","M","T","R","E","?","$","$","R","B"],"character_chosen":"DEFECT","items_purchased":["Recycle","Runic Capacitor","Gambling Chip","Aggregate"],"campfire_rested":3,"item_purchase_floors":[22,41,41,41],"current_hp_per_floor":[59,59,59,59,58,58,53,50,50,50,50,50,38,38,38,5,49,47,47,30,17,17,17,37,37,37,37,37,28,28,9,29,9,54,54,54,54,54,42,41,41,41,41,41,41,41,41,41,61,0,0],"gold":35,"neow_bonus":"THREE_RARE_CARDS","is_daily":false,"chose_seed":false,"campfire_upgraded":3,"win_rate":0.0,"timestamp":1613738468,"path_taken":["M","M","?","M","M","R","E","?","T","R","?","M","E","?","R","BOSS","M","M","?","M","$","E","R","E","T","M","?","E","M","M","R","BOSS","M","?","?","M","M","E","$","M","T","R","E","?","?","$","R","BOSS"],"items_purchased_type":["Card","Relic","Relic","Card"],"build_version":"2020-12-22","purchased_purges":3,"victory":false,"max_hp_per_floor":[64,64,64,64,64,64,64,64,64,64,64,64,64,64,64,64,64,64,64,69,69,69,69,69,69,69,69,69,69,69,69,69,69,69,69,69,69,69,69,69,69,69,69,69,69,69,69,69,69,69,69],"relic_stats":{"Torii":5,"counters":[28,113],"Mummified Hand":[115],"Bronze Scales":[283],"Gambling Chip":[10],"Snecko Eye":[127,131,148,146],"Whetstone":["Strike_B","Ball Lightning"],"Letter Opener":[199],"War Paint":["Defend_B","Conserve Battery"],"obtain_stats":[{"Lantern":14,"Torii":37,"The Courier":40,"Runic Capacitor":41,"Whetstone":7,"Letter Opener":25,"War Paint":29,"Mercury Hourglass":43,"Anchor":45,"Mummified Hand":23,"Bronze Scales":9,"Gambling Chip":41,"Snecko Eye":17,"Molten Egg 2":13,"CultistMask":3,"Fusion Hammer":34,"Cracked Core":0},{"Lantern":8,"Torii":22,"The Courier":25,"Runic Capacitor":25,"Whetstone":5,"Letter Opener":14,"War Paint":16,"Mercury Hourglass":26,"Anchor":27,"Mummified Hand":13,"Bronze Scales":6,"Gambling Chip":25,"Snecko Eye":9,"Molten Egg 2":8,"CultistMask":2,"Fusion Hammer":19,"Cracked Core":0},{"Lantern":27,"Torii":86,"The Courier":98,"Runic Capacitor":98,"Whetstone":18,"Letter Opener":51,"War Paint":59,"Mercury Hourglass":103,"Anchor":106,"Mummified Hand":46,"Bronze Scales":22,"Gambling Chip":98,"Snecko Eye":34,"Molten Egg 2":27,"CultistMask":6,"Fusion Hammer":75,"Cracked Core":0}],"Mercury Hourglass":[24]},"card_choices":[{"not_picked":["Hyperbeam","Amplify"],"picked":"Rainbow","floor":0},{"not_picked":["Aggregate","Gash"],"picked":"BootSequence","floor":1},{"not_picked":["Coolheaded","Conserve Battery"],"picked":"Ball Lightning","floor":2},{"not_picked":["Rebound","Streamline"],"picked":"Echo Form","floor":4},{"not_picked":["Chaos","Gash"],"picked":"Recycle","floor":5},{"not_picked":["Reinforced Body","Reprogram"],"picked":"Capacitor","floor":7},{"not_picked":["Double Energy","Chill"],"picked":"Defragment","floor":8},{"not_picked":["Barrage","Cold Snap"],"picked":"Compile Driver","floor":12},{"not_picked":["Beam Cell+1","Ball Lightning+1"],"picked":"All For One+1","floor":13},{"not_picked":["Fission","Seek"],"picked":"Electrodynamics","floor":16},{"not_picked":["Compile Driver+1","Barrage+1"],"picked":"Conserve Battery","floor":18},{"not_picked":["Coolheaded","Recycle"],"picked":"Glacier","floor":19},{"not_picked":["Compile Driver+1","Redo"],"picked":"Glacier","floor":21},{"not_picked":["Turbo","Gash+1","Stack"],"picked":"SKIP","floor":23},{"not_picked":["Stack","Beam Cell+1"],"picked":"Blizzard+1","floor":25},{"not_picked":["Coolheaded","Scrape+1"],"picked":"Meteor Strike+1","floor":27},{"not_picked":["Chaos","Stack"],"picked":"Reinforced Body","floor":29},{"not_picked":["Gash+1","Stack"],"picked":"Consume","floor":30},{"not_picked":["Leap","Ball Lightning+1"],"picked":"Stack+1","floor":31},{"not_picked":["Seek","Machine Learning"],"picked":"Thunder Strike+1","floor":33},{"not_picked":["Hologram","Hello World+1","Defragment"],"picked":"SKIP","floor":35},{"not_picked":["Force Field","Beam Cell+1","Gash+1"],"picked":"SKIP","floor":36},{"not_picked":["Self Repair","Go for the Eyes+1","Steam"],"picked":"SKIP","floor":38},{"not_picked":["Conserve Battery","Redo+1"],"picked":"Undo","floor":39},{"not_picked":["Beam Cell+1","Ball Lightning+1"],"picked":"All For One+1","floor":40},{"not_picked":["Turbo","Rebound+1","Cold Snap+1"],"picked":"SKIP","floor":42},{"not_picked":["Hologram","Self Repair"],"picked":"Barrage+1","floor":45}],"player_experience":1252038,"relics_obtained":[{"floor":7,"key":"Whetstone"},{"floor":9,"key":"Bronze Scales"},{"floor":13,"key":"Molten Egg 2"},{"floor":23,"key":"Mummified Hand"},{"floor":25,"key":"Letter Opener"},{"floor":29,"key":"War Paint"},{"floor":37,"key":"Torii"},{"floor":40,"key":"The Courier"},{"floor":43,"key":"Mercury Hourglass"},{"floor":45,"key":"Anchor"}],"event_choices":[{"damage_healed":0,"gold_gain":0,"player_choice":"Trade","damage_taken":0,"relics_obtained":["CultistMask"],"max_hp_gain":0,"max_hp_loss":0,"event_name":"FaceTrader","floor":3,"gold_loss":0},{"cards_removed":["Strike_B"],"damage_healed":0,"gold_gain":0,"player_choice":"Card Removal","damage_taken":0,"max_hp_gain":0,"max_hp_loss":0,"event_name":"The Cleric","floor":11,"gold_loss":75},{"damage_healed":0,"gold_gain":0,"player_choice":"Gave Potion","damage_taken":0,"relics_obtained":["Lantern"],"max_hp_gain":0,"max_hp_loss":0,"event_name":"WeMeetAgain","floor":14,"gold_loss":0},{"damage_healed":0,"gold_gain":0,"player_choice":"Shed Blood","damage_taken":22,"max_hp_gain":5,"max_hp_loss":0,"event_name":"Forgotten Altar","floor":20,"gold_loss":0},{"damage_healed":0,"gold_gain":0,"player_choice":"Ignored","damage_taken":0,"max_hp_gain":0,"max_hp_loss":0,"event_name":"N\u0027loth","floor":28,"gold_loss":0},{"damage_healed":0,"gold_gain":0,"player_choice":"Fight","damage_taken":0,"max_hp_gain":0,"max_hp_loss":0,"event_name":"MindBloom","floor":37,"gold_loss":0},{"damage_healed":0,"gold_gain":0,"player_choice":"Ignored","damage_taken":0,"max_hp_gain":0,"max_hp_loss":0,"event_name":"Tomb of Lord Red Mask","floor":46,"gold_loss":0}],"is_beta":false,"boss_relics":[{"not_picked":["Astrolabe","FrozenCore"],"picked":"Snecko Eye"},{"not_picked":["Runic Pyramid","Inserter"],"picked":"Fusion Hammer"}],"items_purged_floors":[22,41,48],"is_endless":false,"potions_floor_spawned":[1,5,12,16,18,21,23,30,31,36,39,45],"killed_by":"Time Eater","ascension_level":15}}