{"host":"j1shzgun22wn368i","time":1613700643,"event":{"mods":["BaseMod","Colored Map","Colored Powertips","Conspire","Downfall","Mad Scientist","Marisa????????","Minty Spire (QoL Compilation)","Prisma Mod","Quick Restart","Remilia??????","Replay The Spire","StSLib","The Blackbeard","The Bug Knight","The Construct","The Cursed","The Disciple","The Elementalist","The Gatherer","The Hierophant","The Jungle","The Mystic","The Necromancer","The Runesmith","The Senshi","The Servant 0.9.4","The Spell Scribe"],"gold_per_floor":[115,134,84,84,108,136,136,136,136,136,155,155,186,201,201,303,303,316,335,126,126,126,141,141,176,203,203,40,57,76,76,76,172,172,191,7,7,22,40,40,40,40,340,340,355,368,386,386,386],"floor_reached":48,"language":"ENG","playtime":4052,"items_purged":["downfall:Bewildered","Doubt","Pride"],"score":533,"play_id":"50301063-1862-479d-a2fb-0bf34f52f626","local_time":"20210219021043","is_ascension_mode":true,"campfire_choices":[{"floor":8,"key":"REST"},{"floor":12,"key":"RECALL"},{"data":"Crystallizer","floor":15,"key":"SMITH"},{"floor":24,"key":"REST"},{"floor":27,"key":"REST"},{"floor":32,"key":"REST"},{"data":"Echo Form","floor":40,"key":"SMITH"},{"floor":42,"key":"REST"},{"data":"White Noise","floor":44,"key":"SMITH"}],"circlet_count":0,"master_deck":["Strike_B","Strike_B","Defend_B","Defend_B","Defend_B","Zap","Dualcast","Dramatic Entrance","Sweeping Beam","Fusion","Compile Driver","Crystallizer+1","Crystallizer","Coolheaded","Sweeping Beam","Consume","Sweeping Beam","Echo Form+1","Redo+1","Beam Cell","Ball Lightning","Ball Lightning","Darkness","Panic Button+1","Cold Snap+1","White Noise+1","Conserve Battery","Ball Lightning","ReplayTheSpireMod:Omega Cannon","ReplayTheSpireMod:Omega Cannon+1","White Noise+1","Blizzard+1","Skim+1","Crow Ritual+1","Conserve Battery+1","Time Bomb","Parasite","Barrage","ReplaySolidLightProjector","Barrage+1"],"relics":["Cracked Core","ReplayTheSpireMod:CursedCoin","FossilizedHelix","Durian","conspire:SpecialSausage","Anchor","GreatHeart","conspire:DecoderRing","conspire:TopHat","Astrolabe","Old Coin"],"acts_visited":["Exordium","TheCity","TheBeyond"],"potions_floor_usage":[14,16,18,22,25,29,30,39,39,39],"damage_taken":[{"damage":1,"enemies":"Jaw Worm","floor":1,"turns":3},{"damage":0,"enemies":"2 Louse","floor":2,"turns":2},{"damage":40,"enemies":"3 Sentries","floor":6,"turns":7},{"damage":0,"enemies":"conspire:RoseBush","floor":11,"turns":3},{"damage":1,"enemies":"Replay:BlueRogue","floor":13,"turns":7},{"damage":3,"enemies":"Red Slaver","floor":14,"turns":3},{"damage":68,"enemies":"Hexaghost","floor":16,"turns":13},{"damage":30,"enemies":"3 Byrds","floor":18,"turns":4},{"damage":8,"enemies":"Chosen","floor":19,"turns":5},{"damage":0,"enemies":"Snecko","floor":23,"turns":4},{"damage":30,"enemies":"Replay:Snechameleon","floor":25,"turns":7},{"damage":10,"enemies":"Centurion and Healer","floor":29,"turns":4},{"damage":0,"enemies":"Shelled Parasite and Fungi","floor":30,"turns":5},{"damage":59,"enemies":"conspire:MysteriousRune","floor":33,"turns":11},{"damage":13,"enemies":"3 Shapes","floor":35,"turns":3},{"damage":13,"enemies":"Orb Walker","floor":38,"turns":4},{"damage":0,"enemies":"Maw","floor":39,"turns":9},{"damage":23,"enemies":"Writhing Mass","floor":45,"turns":7},{"damage":9,"enemies":"3 Darklings","floor":46,"turns":2},{"damage":30,"enemies":"4 Shapes","floor":47,"turns":2},{"damage":21,"enemies":"Sphere and 2 Shapes","floor":48,"turns":3}],"seed_played":"-8669749724473651874","potions_obtained":[{"floor":2,"key":"DuplicationPotion"},{"floor":6,"key":"Dexterity Potion"},{"floor":16,"key":"Fire Potion"},{"floor":19,"key":"EntropicBrew"},{"floor":25,"key":"Reflective Coating"},{"floor":29,"key":"Regen Potion"},{"floor":38,"key":"EssenceOfSteel"},{"floor":45,"key":"SpeedPotion"}],"is_trial":false,"path_per_floor":["M","M","$","?","$","E","?","R","T","?","M","R","E","M","R","B",null,"M","M","$","?","?","M","R","E","T","R","$","M","M","?","R","B",null,"M","$","?","M","M","R","?","R","T","R","M","M","M","M"],"character_chosen":"DEFECT","items_purchased":["Compile Driver","Crystallizer","ReplayTheSpireMod:CursedCoin","Ball Lightning","Darkness","White Noise","Crow Ritual"],"campfire_rested":5,"item_purchase_floors":[3,5,5,20,20,28,36],"current_hp_per_floor":[74,74,74,74,74,34,52,74,74,72,72,72,76,73,73,5,77,47,39,39,32,32,32,55,25,25,48,48,38,52,52,75,16,77,64,64,64,51,51,51,51,74,74,74,51,42,12,0,0],"gold":386,"neow_bonus":"RANDOM_COLORLESS","is_daily":false,"chose_seed":false,"campfire_upgraded":3,"win_rate":0.0,"timestamp":1613700643,"path_taken":["M","M","$","?","$","E","?","R","T","?","M","R","E","M","R","BOSS","M","M","$","?","?","M","R","E","T","R","$","M","M","?","R","BOSS","M","$","?","M","M","R","?","R","T","R","M","M","M","?"],"items_purchased_type":["Card","Card","Relic","Card","Card","Card","Card"],"build_version":"2020-12-22","purchased_purges":3,"victory":false,"max_hp_per_floor":[75,75,75,75,75,75,75,75,75,72,72,72,77,77,77,77,77,77,77,77,77,77,77,77,77,77,77,77,77,77,77,77,77,77,77,77,77,77,77,77,77,77,77,77,77,77,77,77,77],"card_choices":[{"not_picked":["ReplayTheSpireMod:Uncanny Aura","Deep Breath"],"picked":"Dramatic Entrance","floor":0},{"not_picked":["Leap","Rebound"],"picked":"Sweeping Beam","floor":1},{"not_picked":["Tempest","Blizzard"],"picked":"Fusion","floor":2},{"not_picked":["Steam","Time Bomb"],"picked":"Coolheaded","floor":6},{"not_picked":["Compile Driver","Chill"],"picked":"Sweeping Beam","floor":11},{"not_picked":["Stack","Leap"],"picked":"Consume","floor":13},{"not_picked":["Force Field","ReplaySort"],"picked":"Sweeping Beam","floor":14},{"not_picked":["ReplayTheSpireMod:Fabricate Wheel","Amplify"],"picked":"Echo Form","floor":16},{"not_picked":["Hello World+1","BasicCrystalCard"],"picked":"Redo+1","floor":18},{"not_picked":["Gash","Stack"],"picked":"Beam Cell","floor":19},{"not_picked":["Cold Snap+1","Sweeping Beam"],"picked":"Panic Button+1","floor":23},{"not_picked":["Coolheaded+1","Ball Lightning"],"picked":"Cold Snap+1","floor":25},{"not_picked":["FTL","Crystallizer+1"],"picked":"Conserve Battery","floor":29},{"not_picked":["Cold Snap","Recycle"],"picked":"Ball Lightning","floor":30},{"not_picked":["Mirror Shield","Seek"],"picked":"ReplayTheSpireMod:Omega Cannon","floor":33},{"not_picked":["Go for the Eyes","ReplayGash+1"],"picked":"Skim+1","floor":35},{"not_picked":["Gash","Turbo+1"],"picked":"Conserve Battery+1","floor":38},{"not_picked":["Ball Lightning","Leap"],"picked":"Time Bomb","floor":39},{"not_picked":["Conserve Battery+1","Hologram"],"picked":"Barrage","floor":45},{"not_picked":["Redo","conspire:Rain+1"],"picked":"ReplaySolidLightProjector","floor":46},{"not_picked":["ReplayGash+1","Biased Cognition"],"picked":"Barrage+1","floor":47}],"player_experience":275296,"relics_obtained":[{"floor":6,"key":"FossilizedHelix"},{"floor":13,"key":"Durian"},{"floor":25,"key":"conspire:DecoderRing"},{"floor":26,"key":"conspire:TopHat"},{"floor":43,"key":"Old Coin"}],"event_choices":[{"damage_healed":18,"gold_gain":0,"player_choice":"Healed and dodged fight","damage_taken":0,"max_hp_gain":0,"max_hp_loss":0,"event_name":"Mushrooms","floor":7,"gold_loss":0,"cards_obtained":["Parasite"]},{"damage_healed":0,"gold_gain":0,"cards_transformed":["Parasite"],"player_choice":"Transformed","damage_taken":0,"max_hp_gain":0,"max_hp_loss":0,"event_name":"Transmorgrifier","floor":10,"gold_loss":0,"cards_obtained":["Doubt"]},{"damage_healed":0,"gold_gain":0,"player_choice":"Anchor","damage_taken":0,"relics_obtained":["Anchor"],"max_hp_gain":0,"max_hp_loss":0,"event_name":"blackbeard:ShipwreckEvent","floor":21,"gold_loss":0},{"damage_healed":0,"gold_gain":0,"player_choice":"Leave","damage_taken":0,"max_hp_gain":0,"max_hp_loss":0,"event_name":"conspire:Investor","floor":31,"gold_loss":0},{"damage_healed":0,"gold_gain":0,"player_choice":"Memory 1","damage_taken":0,"max_hp_gain":0,"max_hp_loss":0,"event_name":"SensoryStone","floor":37,"gold_loss":0},{"damage_healed":0,"gold_gain":0,"player_choice":"Upgraded","damage_taken":0,"max_hp_gain":0,"max_hp_loss":0,"event_name":"Upgrade Shrine","floor":41,"gold_loss":0,"cards_upgraded":["Crow Ritual"]}],"is_beta":false,"boss_relics":[{"not_picked":["Coffee Dripper","conspire:SeveredTorchhead"],"picked":"conspire:SpecialSausage"},{"not_picked":["bronze:MakeshiftBattery","Painkiller Herb"],"picked":"Astrolabe"}],"items_purged_floors":[5,20,28],"is_endless":false,"potions_floor_spawned":[2,6,16,19,25,29,38,45],"killed_by":"Sphere and 2 Shapes","ascension_level":1}}