{"host":"raaimkojny05jekw","time":1613749817,"event":{"mods":["AchievementEnabler","BaseMod","Colored Map","Colored Powertips","DeckTracker","Minty Spire (QoL Compilation)","Quick Restart","Rare Cards Sparkle","everything is the same but u backflip on backflip"],"gold_per_floor":[15,15,27,40,58,58,90,109,109,109,120,45,59,59,59,156,156,176,275,286,8,27,27,27,46,71,88,88,118,118,138,138,138,138],"floor_reached":33,"language":"KOR","playtime":1137,"items_purged":[],"score":434,"play_id":"fd225f86-1f81-4def-b746-0b98bd67d658","local_time":"20210220005017","is_ascension_mode":true,"campfire_choices":[{"data":"Metamorphosis","floor":6,"key":"SMITH"},{"data":"True Grit","floor":10,"key":"SMITH"},{"data":"Brutality","floor":15,"key":"SMITH"},{"floor":24,"key":"REST"},{"floor":28,"key":"REST"},{"data":"Offering","floor":30,"key":"SMITH"},{"data":"Seeing Red","floor":32,"key":"SMITH"}],"circlet_count":0,"master_deck":["AscendersBane","Strike_R","Strike_R","Defend_R","Defend_R","Defend_R","Defend_R","Bash","Metamorphosis+1","Battle Trance","Seeing Red+1","True Grit+1","Seeing Red","Brutality+1","Metallicize+1","Spot Weakness","Offering+1","Evolve+1","Inflame","Clothesline+1","Metallicize","Reaper"],"relics":["Burning Blood","Regal Pillow","Unceasing Top","Empty Cage","Mummified Hand","NlothsMask","Gremlin Horn"],"acts_visited":["Exordium","TheCity"],"potions_floor_usage":[7,31,33],"damage_taken":[{"damage":7,"enemies":"Jaw Worm","floor":1,"turns":3},{"damage":1,"enemies":"Cultist","floor":3,"turns":3},{"damage":5,"enemies":"2 Louse","floor":4,"turns":4},{"damage":4,"enemies":"2 Fungi Beasts","floor":5,"turns":4},{"damage":21,"enemies":"Lagavulin","floor":7,"turns":5},{"damage":2,"enemies":"Looter","floor":8,"turns":3},{"damage":5,"enemies":"Red Slaver","floor":11,"turns":3},{"damage":21,"enemies":"3 Louse","floor":13,"turns":4},{"damage":11,"enemies":"The Guardian","floor":16,"turns":6},{"damage":27,"enemies":"3 Byrds","floor":18,"turns":5},{"damage":19,"enemies":"Chosen","floor":20,"turns":3},{"damage":32,"enemies":"Centurion and Healer","floor":22,"turns":6},{"damage":20,"enemies":"Snake Plant","floor":25,"turns":4},{"damage":18,"enemies":"Snecko","floor":27,"turns":4},{"damage":23,"enemies":"Book of Stabbing","floor":29,"turns":5},{"damage":20,"enemies":"Cultist and Chosen","floor":31,"turns":5},{"damage":76,"enemies":"Collector","floor":33,"turns":6}],"seed_played":"-5080846636947880859","potions_obtained":[{"floor":4,"key":"Fire Potion"},{"floor":5,"key":"AttackPotion"},{"floor":8,"key":"Ancient Potion"},{"floor":31,"key":"AttackPotion"}],"is_trial":false,"path_per_floor":["M","?","M","M","M","R","E","M","T","R","M","$","M","?","R","B",null,"M","?","M","$","M","?","R","M","T","M","R","E","R","M","R","B"],"character_chosen":"IRONCLAD","items_purchased":["Metallicize","Inflame","Mummified Hand"],"campfire_rested":2,"item_purchase_floors":[12,21,21],"current_hp_per_floor":[71,71,76,77,79,79,64,68,68,68,69,69,54,54,54,49,72,51,51,38,38,12,12,51,37,37,25,64,47,47,51,51,0,0],"gold":138,"neow_bonus":"RANDOM_COLORLESS_2","is_daily":false,"chose_seed":false,"campfire_upgraded":5,"win_rate":0.0,"timestamp":1613749817,"path_taken":["M","?","M","M","M","R","E","?","T","R","M","$","M","?","R","BOSS","M","?","M","$","M","?","R","M","T","?","R","E","R","M","R","BOSS"],"items_purchased_type":["Card","Card","Relic"],"build_version":"2020-12-22","purchased_purges":0,"victory":false,"max_hp_per_floor":[80,80,80,80,80,80,80,80,80,80,80,80,80,80,80,80,80,80,80,80,80,80,80,80,80,80,80,80,80,80,80,80,80,80],"card_choices":[{"not_picked":["Secret Weapon","Thinking Ahead"],"picked":"Metamorphosis","floor":0},{"not_picked":["Cleave","Clothesline"],"picked":"Battle Trance","floor":1},{"not_picked":["Hemokinesis","Cleave"],"picked":"Seeing Red","floor":3},{"not_picked":["Heavy Blade","Dark Embrace"],"picked":"True Grit","floor":4},{"not_picked":["True Grit","Armaments"],"picked":"Seeing Red","floor":5},{"not_picked":["Iron Wave","Sever Soul","Combust"],"picked":"SKIP","floor":7},{"not_picked":["Intimidate","Sword Boomerang","Sentinel"],"picked":"SKIP","floor":8},{"not_picked":["Pommel Strike","Wild Strike"],"picked":"Brutality","floor":11},{"not_picked":["Flex","Perfected Strike"],"picked":"Spot Weakness","floor":13},{"not_picked":["Brutality","Fiend Fire"],"picked":"Offering","floor":16},{"not_picked":["Anger","Clothesline"],"picked":"Evolve+1","floor":18},{"not_picked":["Twin Strike","Pommel Strike","Perfected Strike+1"],"picked":"SKIP","floor":20},{"not_picked":["Twin Strike","Pommel Strike","Perfected Strike+1"],"picked":"SKIP","floor":20},{"not_picked":["Whirlwind","Brutality"],"picked":"Clothesline+1","floor":22},{"not_picked":["Warcry","Dual Wield","Wild Strike"],"picked":"SKIP","floor":25},{"not_picked":["Rampage","Metallicize","Bloodletting"],"picked":"SKIP","floor":27},{"not_picked":["Rampage","Bloodletting"],"picked":"Metallicize","floor":27},{"not_picked":["Inflame","Pommel Strike"],"picked":"Reaper","floor":29},{"not_picked":["Anger","Body Slam","Twin Strike"],"picked":"SKIP","floor":31}],"player_experience":775498,"relics_obtained":[{"floor":7,"key":"Regal Pillow"},{"floor":9,"key":"Unceasing Top"},{"floor":29,"key":"Gremlin Horn"}],"event_choices":[{"cards_removed":["Strike_R"],"damage_healed":0,"gold_gain":0,"player_choice":"Purged","damage_taken":0,"max_hp_gain":0,"max_hp_loss":0,"event_name":"Purifier","floor":2,"gold_loss":0},{"damage_healed":0,"gold_gain":0,"player_choice":"Grow","damage_taken":0,"max_hp_gain":0,"max_hp_loss":0,"event_name":"Living Wall","floor":14,"gold_loss":0,"cards_upgraded":["Metallicize"]},{"damage_healed":0,"gold_gain":99,"player_choice":"Stole From Cult","damage_taken":0,"max_hp_gain":0,"max_hp_loss":0,"event_name":"Nest","floor":19,"gold_loss":0},{"damage_healed":0,"gold_gain":0,"player_choice":"Trade","damage_taken":0,"relics_obtained":["NlothsMask"],"max_hp_gain":0,"max_hp_loss":0,"event_name":"FaceTrader","floor":23,"gold_loss":0}],"is_beta":false,"boss_relics":[{"not_picked":["Runic Dome","Snecko Eye"],"picked":"Empty Cage"}],"items_purged_floors":[],"is_endless":false,"potions_floor_spawned":[4,5,8,20,29,31],"killed_by":"Collector","ascension_level":12}}