{"host":"1z4hbl9vfqrhg136","time":1613696575,"event":{"mods":["BaseMod","Minty Spire (QoL Compilation)"],"gold_per_floor":[115,12,12,12,12,39,39,70,82,107,134,146,190,236,248,338,350,375,387,418,456,487,499,543,555,591,632,644,683,695,723,735,747,747],"floor_reached":33,"language":"ENG","playtime":2675,"items_purged":[],"score":692,"play_id":"36c3a482-8220-4da4-aba7-0caad461e2cd","local_time":"20210219010255","is_ascension_mode":true,"campfire_choices":[{"data":"Go for the Eyes","floor":7.0,"key":"SMITH"},{"floor":15.0,"key":"REST"},{"floor":23.0,"key":"REST"},{"floor":25.0,"key":"REST"},{"data":"Hologram","floor":28.0,"key":"SMITH"},{"floor":32,"key":"REST"}],"circlet_count":0,"master_deck":["AscendersBane","Strike_B","Strike_B","Strike_B","Strike_B","Defend_B","Defend_B","Defend_B","Zap","Dualcast","CurseOfTheBell","Glacier","Rip and Tear","Go for the Eyes+1","FTL","Melter","Defragment+1","Genetic Algorithm","Loop+1","Ball Lightning","Genetic Algorithm","Creative AI+1","Compile Driver","RitualDagger","Genetic Algorithm+1","Loop+1","Hologram+1","Injury","Reboot","Necronomicurse"],"relics":["Calling Bell","PreservedInsect","Letter Opener","CaptainsWheel","Lantern","Frozen Egg 2","MawBank","Mercury Hourglass","Bag of Marbles","Cursed Key","Red Mask","Vajra","Art of War","Mummified Hand","Necronomicon"],"acts_visited":["Exordium","TheCity"],"potions_floor_usage":[33,33],"damage_taken":[{"damage":9.0,"enemies":"Small Slimes","floor":1.0,"turns":4.0},{"damage":9.0,"enemies":"3 Sentries","floor":6.0,"turns":7.0},{"damage":13.0,"enemies":"Gremlin Nob","floor":8.0,"turns":4.0},{"damage":3.0,"enemies":"2 Louse","floor":10.0,"turns":2.0},{"damage":6.0,"enemies":"Jaw Worm","floor":11.0,"turns":2.0},{"damage":10.0,"enemies":"Lagavulin","floor":13.0,"turns":6.0},{"damage":0.0,"enemies":"Red Slaver","floor":14.0,"turns":1.0},{"damage":9.0,"enemies":"Hexaghost","floor":16.0,"turns":8.0},{"damage":11.0,"enemies":"3 Byrds","floor":18.0,"turns":4.0},{"damage":17.0,"enemies":"2 Thieves","floor":20.0,"turns":3.0},{"damage":22.0,"enemies":"Masked Bandits","floor":21.0,"turns":6.0},{"damage":0.0,"enemies":"Centurion and Healer","floor":22.0,"turns":9.0},{"damage":10.0,"enemies":"Slavers","floor":24.0,"turns":5.0},{"damage":5.0,"enemies":"Book of Stabbing","floor":27.0,"turns":5.0},{"damage":0.0,"enemies":"Slavers","floor":29.0,"turns":3.0},{"damage":0,"enemies":"Snecko","floor":31,"turns":3},{"damage":32,"enemies":"Champ","floor":33,"turns":11}],"seed_played":"-659088752308396945","potions_obtained":[{"floor":1.0,"key":"Explosive Potion"},{"floor":8.0,"key":"GamblersBrew"},{"floor":10.0,"key":"ColorlessPotion"},{"floor":16.0,"key":"Weak Potion"},{"floor":18.0,"key":"LiquidMemories"},{"floor":22.0,"key":"PowerPotion"},{"floor":24.0,"key":"Strength Potion"},{"floor":27.0,"key":"Fire Potion"}],"is_trial":false,"path_per_floor":["M","$","?","?","?","E","R","E","T","M","M","?","E","M","R","B",null,"M","?","M","?","M","R","E","R","T","E","R","E","?","M","R","B"],"character_chosen":"DEFECT","items_purchased":["Rip and Tear","Go for the Eyes"],"campfire_rested":4,"item_purchase_floors":[2,2],"current_hp_per_floor":[55,55,50,50,50,41,41,28,28,25,19,19,9,9,30,21,59,48,42,25,3,3,24,14,35,35,30,30,30,9,9,30,0,0],"gold":747,"neow_bonus":"BOSS_RELIC","is_daily":false,"chose_seed":false,"campfire_upgraded":2,"win_rate":0.0,"timestamp":1613696575,"path_taken":["M","$","?","?","?","E","R","E","T","M","M","?","E","M","R","BOSS","M","?","M","?","M","R","E","R","T","E","R","E","?","?","R","BOSS"],"items_purchased_type":["Card","Card"],"build_version":"2020-12-22","purchased_purges":0,"victory":false,"max_hp_per_floor":[71,71,71,71,71,71,71,71,71,71,71,71,71,71,71,71,71,71,71,71,71,71,71,71,71,71,71,71,71,71,71,71,71,71],"card_choices":[{"not_picked":["Go for the Eyes","Cold Snap"],"picked":"Glacier","floor":1.0},{"not_picked":["White Noise","Steam Power"],"picked":"Melter","floor":6.0},{"not_picked":["Glacier","Chaos"],"picked":"Defragment+1","floor":8.0},{"not_picked":["Streamline","Rebound"],"picked":"Genetic Algorithm","floor":10.0},{"not_picked":["Gash","Hello World+1"],"picked":"Loop+1","floor":11.0},{"not_picked":["Go for the Eyes","Cold Snap"],"picked":"Ball Lightning","floor":13.0},{"not_picked":["Cold Snap","Beam Cell"],"picked":"Genetic Algorithm","floor":14.0},{"not_picked":["Amplify","Electrodynamics+1"],"picked":"Creative AI+1","floor":16.0},{"not_picked":["Conserve Battery","Melter"],"picked":"Compile Driver","floor":18.0},{"not_picked":["Turbo","Hologram"],"picked":"Genetic Algorithm+1","floor":20.0},{"not_picked":["Tempest","Coolheaded"],"picked":"Loop+1","floor":21.0},{"not_picked":["Lockon","Leap","Streamline"],"picked":"SKIP","floor":22.0},{"not_picked":["Static Discharge+1","Stack"],"picked":"Hologram","floor":24.0},{"not_picked":["Stack","Steam Power"],"picked":"Reboot","floor":27.0},{"not_picked":["Scrape","Coolheaded","Aggregate"],"picked":"SKIP","floor":29.0},{"not_picked":["Reprogram","Ball Lightning","Leap"],"picked":"SKIP","floor":31}],"player_experience":1957098,"relics_obtained":[{"floor":0.0,"key":"PreservedInsect"},{"floor":0.0,"key":"Letter Opener"},{"floor":0.0,"key":"CaptainsWheel"},{"floor":6.0,"key":"Frozen Egg 2"},{"floor":8.0,"key":"MawBank"},{"floor":9.0,"key":"Mercury Hourglass"},{"floor":13.0,"key":"Bag of Marbles"},{"floor":21.0,"key":"Red Mask"},{"floor":24.0,"key":"Vajra"},{"floor":27.0,"key":"Art of War"},{"floor":29.0,"key":"Mummified Hand"},{"floor":30,"key":"Necronomicon"}],"event_choices":[{"damage_healed":0.0,"max_hp_gain":0.0,"max_hp_loss":0.0,"gold_gain":0.0,"event_name":"Scrap Ooze","player_choice":"Success","floor":3.0,"gold_loss":0.0,"damage_taken":5.0,"relics_obtained":["Lantern"]},{"damage_healed":0.0,"max_hp_gain":0.0,"max_hp_loss":0.0,"gold_gain":0.0,"cards_transformed":["Defend_B"],"event_name":"Living Wall","player_choice":"Change","floor":4.0,"gold_loss":0.0,"damage_taken":0.0,"cards_obtained":["FTL"]},{"damage_healed":0.0,"max_hp_gain":0.0,"max_hp_loss":0.0,"gold_gain":0.0,"event_name":"Liars Game","player_choice":"Ignored","floor":5.0,"gold_loss":0.0,"damage_taken":0.0},{"damage_healed":0.0,"max_hp_gain":0.0,"max_hp_loss":0.0,"gold_gain":0.0,"event_name":"Shining Light","player_choice":"Ignored","floor":12.0,"gold_loss":0.0,"damage_taken":0.0},{"damage_healed":0.0,"max_hp_gain":0.0,"max_hp_loss":0.0,"gold_gain":0.0,"event_name":"Nest","player_choice":"Joined the Cult","floor":19.0,"gold_loss":0.0,"damage_taken":6.0,"cards_obtained":["RitualDagger"]},{"damage_healed":0.0,"max_hp_gain":0.0,"max_hp_loss":0.0,"gold_gain":0.0,"event_name":"Masked Bandits","player_choice":"Fought Bandits","floor":21.0,"gold_loss":0.0,"damage_taken":0.0},{"damage_healed":0,"gold_gain":0,"player_choice":"Obtained Book","damage_taken":21,"max_hp_gain":0,"max_hp_loss":0,"event_name":"Cursed Tome","floor":30,"gold_loss":0}],"is_beta":false,"boss_relics":[{"not_picked":["Astrolabe","Snecko Eye"],"picked":"Cursed Key"}],"items_purged_floors":[],"is_endless":false,"potions_floor_spawned":[1,8,10,16,18,22,24,27],"killed_by":"Champ","ascension_level":20}}