{"host":"254qdhpnbonm8z0p","time":1613727928,"event":{"mods":["AchievementEnabler","BaseMod","Block Reminder","Colored Map","Colored Powertips","Minty Spire (QoL Compilation)","ojb\u0027s Better Paths Mod"],"gold_per_floor":[114,134,151,76,99,128,128,162,162,127,146,146,169,185,185,287,337,352,352,364,384,299,299,42,71,98,111,111,111,76,125,125,222,222,235,335,347,360,374,96,19,19,319,333,333,348,348,358,358,358],"floor_reached":51,"language":"ENG","playtime":7174,"items_purged":["Defend_B","Defend_B","Strike_B"],"score":683,"play_id":"1654c022-226b-4bec-bbef-992744cf7818","local_time":"20210219014528","is_ascension_mode":true,"campfire_choices":[{"floor":7,"key":"REST"},{"data":"Hologram","floor":12,"key":"SMITH"},{"floor":15,"key":"REST"},{"data":"Defragment","floor":23,"key":"SMITH"},{"floor":29,"key":"REST"},{"data":"Defragment","floor":32,"key":"SMITH"},{"floor":42,"key":"REST"},{"floor":47,"key":"REST"},{"floor":49,"key":"REST"}],"circlet_count":0,"master_deck":["Strike_B","Strike_B","Defend_B+1","Defend_B","Zap","Dualcast","Fusion","Steam","Seek","Echo Form","Hologram+1","Ball Lightning","Ball Lightning","Echo Form","Hologram","Defragment+1","Leap","Sweeping Beam+1","Go for the Eyes+1","Defragment+1","Creative AI","White Noise+1","Loop+1","Capacitor","Double Energy+1"],"relics":["FrozenCore","Centennial Puzzle","Bottled Lightning","Meat on the Bone","Mummified Hand","Bag of Marbles","Tiny House","InkBottle","Strange Spoon","Matryoshka","Anchor","Ancient Tea Set","PreservedInsect","Vajra","Regal Pillow","Old Coin"],"acts_visited":["Exordium","TheCity","TheBeyond"],"potions_floor_usage":[8,16,33,37,48,50],"damage_taken":[{"damage":4,"enemies":"Cultist","floor":1,"turns":4},{"damage":12,"enemies":"2 Louse","floor":2,"turns":3},{"damage":7,"enemies":"Jaw Worm","floor":3,"turns":3},{"damage":38,"enemies":"Lagavulin","floor":6,"turns":7},{"damage":35,"enemies":"3 Sentries","floor":8,"turns":10},{"damage":12,"enemies":"Exordium Wildlife","floor":11,"turns":6},{"damage":0,"enemies":"Large Slime","floor":14,"turns":4},{"damage":23,"enemies":"Hexaghost","floor":16,"turns":8},{"damage":0,"enemies":"Chosen","floor":18,"turns":4},{"damage":15,"enemies":"3 Byrds","floor":20,"turns":4},{"damage":18,"enemies":"Shelled Parasite and Fungi","floor":21,"turns":5},{"damage":33,"enemies":"Book of Stabbing","floor":25,"turns":5},{"damage":0,"enemies":"Cultist and Chosen","floor":27,"turns":3},{"damage":39,"enemies":"Automaton","floor":33,"turns":8},{"damage":18,"enemies":"Orb Walker","floor":35,"turns":5},{"damage":20,"enemies":"3 Darklings","floor":37,"turns":3},{"damage":39,"enemies":"Jaw Worm Horde","floor":38,"turns":5},{"damage":11,"enemies":"Spire Growth","floor":39,"turns":7},{"damage":37,"enemies":"4 Shapes","floor":44,"turns":4},{"damage":22,"enemies":"Jaw Worm Horde","floor":46,"turns":3},{"damage":5,"enemies":"Writhing Mass","floor":48,"turns":5},{"damage":22,"enemies":"Donu and Deca","floor":50,"turns":8}],"seed_played":"-7664242787415810651","potions_obtained":[{"floor":1,"key":"PotionOfCapacity"},{"floor":6,"key":"DistilledChaos"},{"floor":8,"key":"Block Potion"},{"floor":14,"key":"Dexterity Potion"},{"floor":17,"key":"LiquidBronze"},{"floor":18,"key":"SkillPotion"},{"floor":37,"key":"CultistPotion"},{"floor":46,"key":"ColorlessPotion"},{"floor":48,"key":"Strength Potion"}],"is_trial":false,"path_per_floor":["M","M","M","$","T","E","R","E","T","?","M","R","T","M","R","B",null,"M","?","M","M","?","R","$","E","T","M","?","R","$","T","R","B",null,"M","?","M","M","M","$","$","R","T","M","?","M","R","M","R","B",null],"character_chosen":"DEFECT","items_purchased":["Strange Spoon","Defragment","Regal Pillow","Capacitor"],"campfire_rested":6,"item_purchase_floors":[24,30,40,41],"current_hp_per_floor":[78,66,59,59,59,21,45,10,10,30,30,30,30,42,66,43,87,87,87,72,54,54,54,54,33,33,45,45,71,71,71,71,44,87,69,69,49,22,23,23,23,64,64,39,39,29,70,65,87,65],"gold":358,"neow_bonus":"TEN_PERCENT_HP_BONUS","is_daily":false,"chose_seed":false,"campfire_upgraded":3,"win_rate":0.0,"timestamp":1613727928,"path_taken":["M","M","M","$","?","E","R","E","T","?","M","R","?","?","R","BOSS","M","?","?","M","?","R","$","E","T","M","?","R","$","?","R","BOSS","M","?","?","M","M","?","$","R","T","M","?","M","R","?","R","BOSS"],"items_purchased_type":["Relic","Card","Relic","Card"],"build_version":"2020-12-22","purchased_purges":3,"victory":true,"max_hp_per_floor":[82,82,82,82,82,82,82,82,82,82,82,82,82,82,82,82,87,87,87,87,87,87,87,87,87,87,87,87,87,87,87,87,87,87,87,87,87,87,87,87,87,87,87,87,87,87,87,87,87,87],"card_choices":[{"not_picked":["Redo","Gash"],"picked":"Fusion","floor":1},{"not_picked":["Leap","Loop"],"picked":"Steam","floor":2},{"not_picked":["Redo","Cold Snap"],"picked":"Seek","floor":3},{"not_picked":["BootSequence","Beam Cell"],"picked":"Echo Form","floor":6},{"not_picked":["Go for the Eyes","Conserve Battery"],"picked":"Hologram","floor":8},{"not_picked":["Blizzard","Darkness"],"picked":"Ball Lightning","floor":11},{"not_picked":["Melter","Steam Power"],"picked":"Ball Lightning","floor":14},{"not_picked":["Buffer","Rainbow"],"picked":"Echo Form","floor":16},{"not_picked":["Stack","Ball Lightning"],"picked":"Hologram","floor":18},{"not_picked":["Tempest","Fusion"],"picked":"Leap","floor":20},{"not_picked":["Chaos","Rainbow"],"picked":"Sweeping Beam+1","floor":21},{"not_picked":["Hologram","Fusion","Steam"],"picked":"SKIP","floor":25},{"not_picked":["Skim+1","Redo"],"picked":"Go for the Eyes+1","floor":27},{"not_picked":["Biased Cognition","Amplify"],"picked":"Creative AI","floor":33},{"not_picked":["Turbo","Auto Shields"],"picked":"White Noise+1","floor":35},{"not_picked":["Go for the Eyes","Rip and Tear+1"],"picked":"Loop+1","floor":37},{"not_picked":["Cold Snap+1","Sweeping Beam","Turbo+1"],"picked":"SKIP","floor":38},{"not_picked":["Gash","Skim+1","Redo"],"picked":"SKIP","floor":39},{"not_picked":["Compile Driver+1","Multi-Cast"],"picked":"Double Energy+1","floor":44},{"not_picked":["Melter","Tempest+1","Compile Driver+1"],"picked":"SKIP","floor":46},{"not_picked":["Streamline","Compile Driver","Tempest"],"picked":"SKIP","floor":48}],"player_experience":129288,"relics_obtained":[{"floor":5,"key":"Centennial Puzzle"},{"floor":6,"key":"Bottled Lightning"},{"floor":8,"key":"Meat on the Bone"},{"floor":9,"key":"Mummified Hand"},{"floor":13,"key":"Bag of Marbles"},{"floor":25,"key":"Matryoshka"},{"floor":26,"key":"Anchor"},{"floor":26,"key":"Ancient Tea Set"},{"floor":31,"key":"PreservedInsect"},{"floor":31,"key":"Vajra"},{"floor":43,"key":"Old Coin"}],"event_choices":[{"damage_healed":20,"gold_gain":0,"player_choice":"Healed","damage_taken":0,"max_hp_gain":0,"max_hp_loss":0,"event_name":"The Cleric","floor":10,"gold_loss":35},{"damage_healed":0,"gold_gain":0,"player_choice":"1 cards matched","damage_taken":0,"max_hp_gain":0,"max_hp_loss":0,"event_name":"Match and Keep!","floor":19,"gold_loss":0,"cards_obtained":["Defragment"]},{"damage_healed":0,"gold_gain":0,"player_choice":"Obtained Relic","damage_taken":0,"relics_obtained":["InkBottle"],"max_hp_gain":0,"max_hp_loss":0,"event_name":"Addict","floor":22,"gold_loss":85},{"damage_healed":0,"gold_gain":0,"player_choice":"Ignored","damage_taken":0,"max_hp_gain":0,"max_hp_loss":0,"event_name":"Vampires","floor":28,"gold_loss":0},{"damage_healed":0,"gold_gain":100,"player_choice":"Pray","damage_taken":0,"max_hp_gain":0,"max_hp_loss":0,"event_name":"Golden Shrine","floor":36,"gold_loss":0},{"cards_removed":["Strike_B"],"damage_healed":0,"gold_gain":0,"player_choice":"Offered Basic","damage_taken":0,"max_hp_gain":0,"max_hp_loss":0,"event_name":"Bonfire Elementals","floor":45,"gold_loss":0}],"is_beta":false,"boss_relics":[{"not_picked":["SacredBark","Ectoplasm"],"picked":"Tiny House"},{"not_picked":["Velvet Choker","Cursed Key"],"picked":"FrozenCore"}],"items_purged_floors":[4,24,40],"is_endless":false,"potions_floor_spawned":[1,6,8,14,18,21,37,46,48],"ascension_level":1}}