{"host":"s924z949m5wc23z2","time":1613745883,"event":{"mods":["100% Spire Juice","ATMod(∞¢Ë™Mod)","Act Like it!","Arknights","Ascension Reborn","BaseMod","Colored Map","Colored Powertips","Conspire","Dota2Spire","Downfall","Good Game Mod","Lobotomy","LobotomyExtend","Luminous","Marisa£®ÏF”Í°°ƒß¿Ì…≥£©","Minty Spire (QoL Compilation)","MostiFishMod","Reimu£®≤©¿ˆ¡È√Œ£©","Relic Stats","Reliquary","Replay The Spire","Spicy Shops","StSLib","The Marked","WarShipGirlsR/’ΩΩ¢…Ÿ≈ÆR mod","Yakumo Yukari mod","Youmu£®ªÍ∆«—˝√Œ£©","Yuyuko","noobMod"],"gold_per_floor":[109,125,125,300,318,344,360,360,360,372,372,392,192,242,242,386,386,409,409,409,41,60,60,100,100],"floor_reached":24,"language":"ZHS","playtime":2785,"items_purged":[],"score":281,"play_id":"b9b0324d-a8ea-4632-b686-4395fc66b9e3","local_time":"20210219234443","is_ascension_mode":true,"campfire_choices":[{"data":"AT_ArcaneSupremacy","floor":8,"key":"SMITH"},{"data":"Distraction","floor":11,"key":"SMITH"},{"floor":15,"key":"RECALL"},{"data":"MostiFishMod:LethalBlade","floor":23,"key":"SMITH"}],"circlet_count":0,"master_deck":["Strike_G","Strike_G","Strike_G","Strike_G","Strike_G","Defend_G","Defend_G","Defend_G","Defend_G","Survivor","Neutralize","AT_ArcaneSupremacy+1","Eviscerate","SpiderBud","ReplayTheSpireMod:Speed Training","Dodge and Roll","Dagger Spray","Funeral","Footwork","HeroicMonk","OSAHOGD","MostiFishMod:PerfectParry","Dagger Throw","conspire:SpireCoStock","conspire:SpireCoStock","Wellcheers","AT_WomanClash","MHz","MostiFishMod:LethalBlade+1","OldLady","Cloak And Dagger+1","Phantasmal Killer","Venomology","Terror","FieryBird","MostiFishMod:FrostNova"],"relics":["Ring of the Snake","AT_ATBox","ice","CogitoBucket","SynthV:TestCard","LetterFromLob","ats:Originium","reliquary:SilkGlove","ResearcherNote","InkBottle","conspire:SpecialSausage","conspire:TreasureMap","reliquary:PorcupineQuills","TreeSap"],"acts_visited":["TheCity"],"potions_floor_usage":[24],"damage_taken":[{"damage":0,"enemies":"2 Louse","floor":1,"turns":3},{"damage":7,"enemies":"ats:Genji","floor":2,"turns":6},{"damage":0,"enemies":"conspire:RoseBush","floor":5,"turns":4},{"damage":90,"enemies":"Lagavulin","floor":6,"turns":17},{"damage":6,"enemies":"3 Louse","floor":7,"turns":2},{"damage":48,"enemies":"Blue Slaver","floor":10,"turns":3},{"damage":0,"enemies":"Looter","floor":12,"turns":1},{"damage":4,"enemies":"Gremlin Nob","floor":14,"turns":3},{"damage":3,"enemies":"The Guardian","floor":16,"turns":4},{"damage":0,"enemies":"Spheric Guardian","floor":18,"turns":1},{"damage":7,"enemies":"Chosen","floor":22,"turns":3},{"damage":58,"enemies":"conspire:SneckoGhost","floor":24,"turns":3}],"seed_played":"351127882385612658","potions_obtained":[{"floor":1,"key":"Doom Potion"},{"floor":2,"key":"Elixir"},{"floor":10,"key":"SkillPotion"},{"floor":18,"key":"Toxic Potion"}],"is_trial":false,"path_per_floor":["M","M","?","?","M","E","M","R","T","M","R","M","?","E","R","B",null,"M","?","?","$","M","R","E"],"character_chosen":"THE_SILENT","items_purchased":["conspire:TreasureMap","reliquary:PorcupineQuills","Endless Agony+1","Terror"],"campfire_rested":0,"item_purchase_floors":[21,21,21,21],"current_hp_per_floor":[70,63,63,63,64,46,40,40,40,78,78,79,79,76,76,74,95,95,95,95,95,88,88,31,31],"gold":100,"neow_bonus":"","is_daily":false,"chose_seed":false,"campfire_upgraded":3,"win_rate":0.0,"timestamp":1613745883,"path_taken":["M","M","?","?","M","E","M","R","T","M","R","M","?","E","R","BOSS","M","?","?","$","M","R","E"],"items_purchased_type":["Relic","Relic","Card","Card"],"build_version":"2020-12-22","purchased_purges":0,"victory":false,"max_hp_per_floor":[70,70,70,70,70,70,71,71,71,88,88,88,88,89,89,95,95,95,95,95,95,101,101,102,102],"relic_stats":{"counters":[14,52],"obtain_stats":[{"conspire:TreasureMap":21,"AT_ATBox":0,"reliquary:SilkGlove":6,"ResearcherNote":10,"conspire:SpecialSausage":17,"ice":0,"CogitoBucket":0,"SynthV:TestCard":1,"reliquary:PorcupineQuills":21,"ats:Originium":6,"TreeSap":22,"LetterFromLob":1,"InkBottle":14,"Ring of the Snake":0},{"conspire:TreasureMap":11,"AT_ATBox":0,"reliquary:SilkGlove":4,"ResearcherNote":7,"conspire:SpecialSausage":10,"ice":0,"CogitoBucket":0,"SynthV:TestCard":1,"reliquary:PorcupineQuills":11,"ats:Originium":4,"TreeSap":13,"LetterFromLob":1,"InkBottle":9,"Ring of the Snake":0},{"conspire:TreasureMap":45,"AT_ATBox":0,"reliquary:SilkGlove":30,"ResearcherNote":36,"conspire:SpecialSausage":44,"ice":0,"CogitoBucket":0,"SynthV:TestCard":3,"reliquary:PorcupineQuills":45,"ats:Originium":30,"TreeSap":49,"LetterFromLob":3,"InkBottle":40,"Ring of the Snake":0}],"InkBottle":[6],"Ring of the Snake":[28]},"card_choices":[{"not_picked":["DespairKnight","Scorched"],"picked":"CherryBlossoms","floor":1},{"not_picked":["Deflect","ReplayTheSpireMod:Shiv Toss"],"picked":"Eviscerate","floor":1},{"not_picked":["CrumblingArmor","Mercenary"],"picked":"SpiderBud","floor":2},{"not_picked":["Dodge and Roll","Outmaneuver","MostiFishMod:InvigoratingSolution","MostiFishMod:PerfectParry"],"picked":"ReplayTheSpireMod:Speed Training","floor":2},{"not_picked":["BigBadWolf","Scarecrow","CherryBlossoms"],"picked":"Singing Bowl","floor":5},{"not_picked":["OldLady","WallGazer"],"picked":"CrumblingArmor","floor":5},{"not_picked":["Caltrops","MostiFishMod:GrandStart","ReplayTheSpireMod:Exploit Weakness","Poisoned Stab"],"picked":"Dagger Spray","floor":5},{"not_picked":["Porccubus","Murderer","FairyFestival"],"picked":"Singing Bowl","floor":6},{"not_picked":["Scorched","BlackSwan"],"picked":"Funeral","floor":6},{"not_picked":["Deflect","Blur","Infinite Blades","Sucker Punch"],"picked":"Footwork","floor":6},{"not_picked":["DespairKnight","DreamingCurrent"],"picked":"HeroicMonk","floor":7},{"not_picked":["MostiFishMod:SpreadingSpore","Acrobatics","AT_WindFlip","Eviscerate"],"picked":"Distraction","floor":7},{"not_picked":["MeatLantern","LaLuna"],"picked":"OSAHOGD","floor":10},{"not_picked":["Deflect","Riddle With Holes","Poisoned Stab","MostiFishMod:ThornCasing"],"picked":"MostiFishMod:PerfectParry","floor":10},{"not_picked":["Variant","SingingMachine"],"picked":"LongBird","floor":12},{"not_picked":["Dagger Spray","Backflip","Eviscerate","Slice"],"picked":"Dagger Throw","floor":12},{"not_picked":["Murderer","ShyLook"],"picked":"Wellcheers","floor":14},{"not_picked":["Backstab","Acrobatics","PiercingWail","Finisher"],"picked":"AT_WomanClash","floor":14},{"not_picked":["LaLuna","BlackSwan"],"picked":"MHz","floor":16},{"not_picked":["Night Terror","Wraith Form v2","MostiFishMod:Neurotoxin","MostiFishMod:WinterMarkForm"],"picked":"MostiFishMod:LethalBlade","floor":16},{"not_picked":["WallGazer","FairyFestival"],"picked":"OldLady","floor":18},{"not_picked":["Unload","Underhanded Strike","Leg Sweep","Dagger Throw"],"picked":"Cloak And Dagger+1","floor":18},{"not_picked":["CrumblingArmor","Murderer"],"picked":"FieryBird","floor":22},{"not_picked":["ReplayTheSpireMod:Scrap Shanks","AT_TwilightShroud+1","Dagger Spray","Slice"],"picked":"MostiFishMod:FrostNova","floor":22}],"player_experience":322233,"relics_obtained":[{"floor":1,"key":"SynthV:TestCard"},{"floor":1,"key":"LetterFromLob"},{"floor":6,"key":"ats:Originium"},{"floor":6,"key":"reliquary:SilkGlove"},{"floor":14,"key":"InkBottle"}],"event_choices":[{"damage_healed":0,"gold_gain":0,"cards_transformed":["CherryBlossoms"],"player_choice":"Change","damage_taken":0,"max_hp_gain":0,"max_hp_loss":0,"event_name":"Living Wall","floor":3,"gold_loss":0,"cards_obtained":["Dodge and Roll"]},{"damage_healed":0,"gold_gain":175,"player_choice":"AGREE","damage_taken":0,"max_hp_gain":0,"max_hp_loss":0,"event_name":"Liars Game","floor":4,"gold_loss":0,"cards_obtained":["Doubt"]},{"damage_healed":0,"gold_gain":0,"player_choice":"Invest 4","damage_taken":0,"max_hp_gain":0,"max_hp_loss":0,"event_name":"conspire:Investor","floor":13,"gold_loss":0},{"damage_healed":0,"gold_gain":0,"cards_transformed":["CrumblingArmor","LongBird"],"player_choice":"Became Test Subject","damage_taken":0,"max_hp_gain":0,"max_hp_loss":0,"event_name":"Drug Dealer","floor":19,"gold_loss":0,"cards_obtained":["Phantasmal Killer","Venomology"]},{"cards_removed":["Doubt"],"damage_healed":0,"gold_gain":0,"player_choice":"Purged","damage_taken":0,"max_hp_gain":0,"max_hp_loss":0,"event_name":"Purifier","floor":20,"gold_loss":0}],"is_beta":false,"boss_relics":[{"not_picked":["reliquary:Craggleroot","bronze:MakeshiftBattery"],"picked":"conspire:SpecialSausage"}],"items_purged_floors":[],"is_endless":false,"potions_floor_spawned":[1,2,10,12,18],"killed_by":"conspire:SneckoGhost","ascension_level":0}}