{"host":"8a72fthmlk1o8pdb","time":1613774989,"event":{"mods":["AchievementEnabler","Aspiration","Astrologer","Bard","BaseMod","Beaked The Cultist","Better Altar","Better Match","Better Note","Better Sensory Stone","Better Skull","Better Third Choice","ChefMod","Colored Map","Colored Powertips","Dark Map","Downfall","Friendly Minions","GifTheSpireLib","Googly Eyes","Gremlin Mod","Hermit","Hubris","JesterMod","Jorbs\u0027s Wanderer Trilogy","Marisa????????","Melee Mod","Minty Spire (QoL Compilation)","Monster B Gone","Permanent Neow","Pikachu Mod","Random Character Button","Rare Cards Sparkle","Relic Filter Mod","Relic Stats","Reliquary","Robot Space Explorer","Shade Mod","Shop Mod","Smile Girya","Somnambulant","Spire Arcade","Spire Birthday Party","StSLib","The Animator","The Blue Laboratory","The Construct","The Cursed","The Disciple","The Edgeheg","The Hayseed","The Hierophant","The Juggle","The Jungle","The Marked","The Mystic","The Necromancer","The Poker Player","The Problem Sleuth","The Runesmith","The Showman","TheBandit","TheFirefly","TheVacant","everything is the same but u backflip on backflip","thorton"],"gold_per_floor":[118,137,148,158,174,207,222,256,279,14,24,24,124,136,136,232,232,251,251,251,218,337,337,337],"floor_reached":23,"language":"ENG","playtime":1546,"items_purged":["Strike_B"],"score":217,"play_id":"4bfb0c17-b41c-4636-b64f-006328daa9a2","local_time":"20210219144949","is_ascension_mode":true,"campfire_choices":[{"data":"Glacier","floor":12,"key":"SMITH"},{"floor":15,"key":"REST"}],"circlet_count":0,"master_deck":["Strike_B","Strike_B","Strike_B","Defend_B","Defend_B","Defend_B","Defend_B","Zap","Dualcast","Gash","Leap","Leap","Glacier+1","Gash","Sweeping Beam","Cold Snap","Chill","Machine Learning","Gash","Self Repair","Cold Snap+1"],"relics":["Cracked Core","PreservedInsect","Potion Belt","Happy Flower","Sling","aspiration:MobileForge","hubris:Icosahedron"],"acts_visited":["Exordium","TheCity"],"potions_floor_usage":[2,7,8,16,16,23],"damage_taken":[{"damage":1,"enemies":"Cultist","floor":1,"turns":3},{"damage":4,"enemies":"2 Louse","floor":2,"turns":2},{"damage":2,"enemies":"Small Slimes","floor":3,"turns":3},{"damage":2,"enemies":"Blue Slaver","floor":4,"turns":4},{"damage":24,"enemies":"Lots of Slimes","floor":5,"turns":4},{"damage":9,"enemies":"3 Sentries","floor":6,"turns":8},{"damage":0,"enemies":"Red Slaver","floor":7,"turns":3},{"damage":12,"enemies":"Gremlin Nob","floor":8,"turns":4},{"damage":0,"enemies":"3 Louse","floor":11,"turns":2},{"damage":3,"enemies":"Lots of Slimes","floor":14,"turns":4},{"damage":9,"enemies":"Slime Boss","floor":16,"turns":10},{"damage":3,"enemies":"Chosen","floor":18,"turns":7},{"damage":24,"enemies":"3 Byrds","floor":21,"turns":6},{"damage":6,"enemies":"Snecko","floor":22,"turns":7},{"damage":57,"enemies":"Book of Stabbing","floor":23,"turns":5}],"seed_played":"-8345341037147915761","potions_obtained":[{"floor":2,"key":"Fruit Juice"},{"floor":5,"key":"blueLaboratory:HorrorPotion"},{"floor":7,"key":"blueLaboratory:FrostheartPotion"},{"floor":8,"key":"blueLaboratory:BottleOfRum"},{"floor":11,"key":"blueLaboratory:Moonshine"},{"floor":14,"key":"EssenceOfDarkness"},{"floor":21,"key":"blueLaboratory:Moonshine"},{"floor":22,"key":"blueLaboratory:BottledHope"}],"is_trial":false,"path_per_floor":["M","M","M","M","M","E","M","E","T","$","M","R","?","M","R","B",null,"M","?","?","M","M","E"],"character_chosen":"DEFECT","items_purchased":["Sling","Cold Snap"],"campfire_rested":1,"item_purchase_floors":[10,10],"current_hp_per_floor":[74,75,73,71,47,38,38,26,26,26,26,26,26,23,47,38,80,77,77,77,53,54,0,0],"gold":337,"neow_bonus":"RANDOM_COMMON_RELIC","is_daily":false,"chose_seed":false,"campfire_upgraded":1,"win_rate":0.0,"timestamp":1613774989,"path_taken":["M","?","M","M","M","E","M","E","T","$","M","R","?","M","R","BOSS","M","?","?","M","M","E"],"items_purchased_type":["Relic","Card"],"build_version":"2020-12-22","purchased_purges":1,"victory":false,"max_hp_per_floor":[75,80,80,80,80,80,80,80,80,80,80,80,80,80,80,80,80,80,80,80,80,80,80,80],"relic_stats":{"Happy Flower":[13],"counters":[15,72],"PreservedInsect":92,"obtain_stats":[{"Potion Belt":6,"hubris:Icosahedron":19,"Happy Flower":9,"aspiration:MobileForge":17,"PreservedInsect":0,"Cracked Core":0,"Sling":10},{"Potion Belt":6,"hubris:Icosahedron":12,"Happy Flower":8,"aspiration:MobileForge":11,"PreservedInsect":0,"Cracked Core":0,"Sling":8},{"Potion Belt":24,"hubris:Icosahedron":54,"Happy Flower":31,"aspiration:MobileForge":47,"PreservedInsect":0,"Cracked Core":0,"Sling":31}]},"card_choices":[{"not_picked":["Turbo","Leap"],"picked":"Gash","floor":1},{"not_picked":["Lockon","Static Discharge"],"picked":"Leap","floor":2},{"not_picked":["Turbo","Steam"],"picked":"Leap","floor":3},{"not_picked":["Double Energy","Hologram","Aggregate"],"picked":"SKIP","floor":4},{"not_picked":["Darkness","Storm"],"picked":"Glacier","floor":5},{"not_picked":["Force Field","Hello World","Storm"],"picked":"SKIP","floor":6},{"not_picked":["Turbo","Blizzard"],"picked":"Gash","floor":7},{"not_picked":["Stack","Steam"],"picked":"Sweeping Beam","floor":8},{"not_picked":["Turbo","Amplify"],"picked":"Chill","floor":11},{"not_picked":["Conserve Battery","Compile Driver","Steam"],"picked":"SKIP","floor":14},{"not_picked":["Creative AI","Seek"],"picked":"Machine Learning","floor":16},{"not_picked":["Force Field","Steam+1","Turbo"],"picked":"SKIP","floor":18},{"not_picked":["Rebound","Capacitor"],"picked":"Self Repair","floor":21},{"not_picked":["Steam","FTL"],"picked":"Cold Snap+1","floor":22}],"player_experience":237104,"relics_obtained":[{"floor":6,"key":"Potion Belt"},{"floor":9,"key":"Happy Flower"}],"event_choices":[{"damage_healed":0,"gold_gain":100,"player_choice":"Pray","damage_taken":0,"max_hp_gain":0,"max_hp_loss":0,"event_name":"Golden Shrine","floor":13,"gold_loss":0},{"damage_healed":0,"gold_gain":0,"player_choice":"Copied","damage_taken":0,"max_hp_gain":0,"max_hp_loss":0,"event_name":"Duplicator","floor":20,"gold_loss":0,"cards_obtained":["Gash"]}],"is_beta":false,"boss_relics":[{"not_picked":["theSleuth:AffinityCrow","Runesmith:UraniumAnvil"],"picked":"aspiration:MobileForge"}],"items_purged_floors":[10],"is_endless":false,"potions_floor_spawned":[2,5,7,8,11,14,21,22],"killed_by":"Book of Stabbing","ascension_level":1}}