{"host":"n43wxkei7kulhi8o","time":1613777187,"event":{"mods":["BaseMod","Bestiary","Block Reminder","Colored Map","Colored Powertips","Curses Come First","Custom Start","Dark Map","Highlight Path","Minty Spire (QoL Compilation)","Relic Stats","StSLib"],"gold_per_floor":[121,196,207,54,80,109,109,132,132,132,159,194,194,212,212,316,316,335,335,250,62,77,77,39,39,116,143,242,252,272,272,272,386,413,437,456,103,155,155,155],"floor_reached":39,"language":"ENG","playtime":1333,"items_purged":["Skim+1"],"score":391,"play_id":"471c6bdf-28dd-4fe5-a48f-6945d6582076","local_time":"20210219182627","is_ascension_mode":false,"campfire_choices":[{"data":"Zap","floor":7,"key":"SMITH"},{"data":"Dualcast","floor":13,"key":"SMITH"},{"floor":15,"key":"REST"},{"data":"Conserve Battery","floor":23,"key":"SMITH"},{"data":"Electrodynamics","floor":25,"key":"SMITH"},{"floor":32,"key":"REST"}],"circlet_count":0,"master_deck":["Strike_B","Strike_B","Defend_B","Defend_B","Defend_B","Defend_B","Zap+1","Dualcast+1","Melter","Cold Snap","Core Surge","Conserve Battery+1","Electrodynamics+1","Ball Lightning","Ball Lightning","Leap+1","Multi-Cast","Sweeping Beam+1","BootSequence+1","White Noise+1","Auto Shields","Trip"],"relics":["Cracked Core","CeramicFish","Vajra","Question Card","Letter Opener","Happy Flower","Busted Crown","Turnip","Nunchaku","Gremlin Horn","Astrolabe","Strawberry","Unceasing Top"],"acts_visited":["Exordium","TheCity","TheBeyond"],"potions_floor_usage":[12,12,39],"damage_taken":[{"damage":5,"enemies":"Jaw Worm","floor":1,"turns":4},{"damage":0,"enemies":"2 Louse","floor":3,"turns":2},{"damage":0,"enemies":"Cultist","floor":5,"turns":2},{"damage":17,"enemies":"Lagavulin","floor":6,"turns":5},{"damage":2,"enemies":"2 Fungi Beasts","floor":8,"turns":3},{"damage":2,"enemies":"3 Louse","floor":11,"turns":2},{"damage":7,"enemies":"3 Sentries","floor":12,"turns":4},{"damage":5,"enemies":"Blue Slaver","floor":14,"turns":3},{"damage":38,"enemies":"Hexaghost","floor":16,"turns":12},{"damage":5,"enemies":"Chosen","floor":18,"turns":3},{"damage":11,"enemies":"Shell Parasite","floor":22,"turns":4},{"damage":6,"enemies":"Snake Plant","floor":27,"turns":2},{"damage":11,"enemies":"3 Cultists","floor":29,"turns":4},{"damage":17,"enemies":"Shelled Parasite and Fungi","floor":30,"turns":3},{"damage":41,"enemies":"Champ","floor":33,"turns":13},{"damage":18,"enemies":"3 Darklings","floor":35,"turns":3},{"damage":3,"enemies":"Orb Walker","floor":36,"turns":3},{"damage":52,"enemies":"2 Orb Walkers","floor":38,"turns":5},{"damage":16,"enemies":"Maw","floor":39,"turns":6}],"seed_played":"6231992965193918260","potions_obtained":[{"floor":5,"key":"Regen Potion"},{"floor":6,"key":"SteroidPotion"},{"floor":8,"key":"SpeedPotion"},{"floor":22,"key":"BlessingOfTheForge"},{"floor":29,"key":"SteroidPotion"},{"floor":38,"key":"Block Potion"}],"is_trial":false,"path_per_floor":["M","?","M","$","M","E","R","M","T","?","M","E","R","M","R","B",null,"M","?","?","$","M","R","$","R","T","M","?","M","M","?","R","B",null,"M","M","$","?","M"],"character_chosen":"DEFECT","items_purchased":["Vajra","Ball Lightning","Nunchaku","Ball Lightning","Trip","Strawberry","FocusPotion"],"campfire_rested":2,"item_purchase_floors":[4,21,21,24,37,37,37],"current_hp_per_floor":[70,59,59,59,59,42,42,40,40,40,38,40,40,35,57,19,75,70,70,70,70,59,59,59,59,59,53,53,42,25,50,72,31,75,57,54,61,9,0,0],"gold":155,"neow_bonus":"RANDOM_COMMON_RELIC","is_daily":false,"chose_seed":false,"campfire_upgraded":4,"win_rate":0.0,"timestamp":1613777187,"path_taken":["M","?","M","$","M","E","R","M","T","?","?","E","R","M","R","BOSS","M","?","?","$","M","R","?","R","T","?","?","M","M","?","R","BOSS","M","M","$","?","M"],"items_purchased_type":["Relic","Card","Relic","Card","Card","Relic","Potion"],"build_version":"2020-12-22","purchased_purges":1,"victory":false,"max_hp_per_floor":[75,75,75,75,75,75,75,75,75,75,75,75,75,75,75,75,75,75,75,75,75,75,75,75,75,75,75,75,75,75,75,75,75,75,75,75,82,82,82,82],"relic_stats":{"Nunchaku":[9],"Busted Crown":18,"Happy Flower":[20],"Gremlin Horn":[6,6],"counters":[19,83],"CeramicFish":144,"Astrolabe":["Sweeping Beam","Skim","BootSequence"],"Turnip":[9],"Letter Opener":[144],"Question Card":14,"obtain_stats":[{"Happy Flower":12,"Gremlin Horn":26,"CeramicFish":0,"Astrolabe":34,"Vajra":4,"Letter Opener":9,"Question Card":6,"Nunchaku":21,"Busted Crown":17,"Strawberry":37,"Turnip":20,"Cracked Core":0,"Unceasing Top":38},{"Happy Flower":7,"Gremlin Horn":11,"CeramicFish":0,"Astrolabe":15,"Vajra":2,"Letter Opener":5,"Question Card":4,"Nunchaku":10,"Busted Crown":9,"Strawberry":17,"Turnip":10,"Cracked Core":0,"Unceasing Top":18},{"Happy Flower":22,"Gremlin Horn":44,"CeramicFish":0,"Astrolabe":66,"Vajra":6,"Letter Opener":16,"Question Card":13,"Nunchaku":40,"Busted Crown":37,"Strawberry":72,"Turnip":40,"Cracked Core":0,"Unceasing Top":77}],"Unceasing Top":[2]},"card_choices":[{"not_picked":["Rebound","Chaos"],"picked":"Melter","floor":1},{"not_picked":["Go for the Eyes","Loop","Force Field"],"picked":"SKIP","floor":3},{"not_picked":["Rebound","Barrage"],"picked":"Cold Snap","floor":5},{"not_picked":["Barrage","Gash","Lockon"],"picked":"SKIP","floor":6},{"not_picked":["Cold Snap","Sunder","Go for the Eyes"],"picked":"Core Surge","floor":8},{"not_picked":["Redo","Sweeping Beam","Barrage"],"picked":"Cold Snap","floor":11},{"not_picked":["Rip and Tear","Chaos","Aggregate"],"picked":"Conserve Battery","floor":12},{"not_picked":["BootSequence","Redo","Go for the Eyes","Stack"],"picked":"SKIP","floor":14},{"not_picked":["Hyperbeam","Fission","Biased Cognition"],"picked":"Electrodynamics","floor":16},{"not_picked":["Sweeping Beam","Reinforced Body+1"],"picked":"SKIP","floor":18},{"not_picked":["Loop","Go for the Eyes"],"picked":"SKIP","floor":22},{"not_picked":["Rip and Tear+1"],"picked":"Leap+1","floor":27},{"not_picked":["Gash+1","Ball Lightning"],"picked":"SKIP","floor":29},{"not_picked":["Turbo+1","Static Discharge+1"],"picked":"SKIP","floor":30},{"not_picked":["Machine Learning"],"picked":"Multi-Cast","floor":33},{"not_picked":["Tempest"],"picked":"White Noise+1","floor":35},{"not_picked":["Conserve Battery"],"picked":"Auto Shields","floor":36}],"player_experience":709713,"relics_obtained":[{"floor":6,"key":"Question Card"},{"floor":9,"key":"Letter Opener"},{"floor":12,"key":"Happy Flower"},{"floor":26,"key":"Gremlin Horn"},{"floor":38,"key":"Unceasing Top"}],"event_choices":[{"damage_healed":0,"gold_gain":75,"player_choice":"Gather Gold","damage_taken":11,"max_hp_gain":0,"max_hp_loss":0,"event_name":"World of Goop","floor":2,"gold_loss":0},{"damage_healed":0,"gold_gain":0,"player_choice":"Bought 0 Potions","damage_taken":0,"max_hp_gain":0,"max_hp_loss":0,"event_name":"The Woman in Blue","floor":10,"gold_loss":0},{"damage_healed":0,"gold_gain":0,"player_choice":"Ignored","damage_taken":0,"max_hp_gain":0,"max_hp_loss":0,"event_name":"Vampires","floor":19,"gold_loss":0},{"damage_healed":0,"gold_gain":0,"player_choice":"Obtained Relic","damage_taken":0,"relics_obtained":["Turnip"],"max_hp_gain":0,"max_hp_loss":0,"event_name":"Addict","floor":20,"gold_loss":85},{"damage_healed":0,"gold_gain":99,"player_choice":"Stole From Cult","damage_taken":0,"max_hp_gain":0,"max_hp_loss":0,"event_name":"Nest","floor":28,"gold_loss":0},{"damage_healed":25,"gold_gain":0,"player_choice":"Heal","damage_taken":0,"max_hp_gain":0,"max_hp_loss":0,"event_name":"The Library","floor":31,"gold_loss":0},{"damage_healed":0,"gold_gain":0,"player_choice":"Fight","damage_taken":0,"max_hp_gain":0,"max_hp_loss":0,"event_name":"Mysterious Sphere","floor":38,"gold_loss":0}],"is_beta":false,"boss_relics":[{"not_picked":["FrozenCore","Inserter"],"picked":"Busted Crown"},{"not_picked":["Runic Pyramid","SacredBark"],"picked":"Astrolabe"}],"items_purged_floors":[37],"is_endless":false,"potions_floor_spawned":[5,6,8,11,22,29,38],"killed_by":"Maw","ascension_level":0}}