{"host":"03qh43t1tt22vioj","time":1613773679,"event":{"mods":["2.2 Compatiblity","AchievementEnabler","BaseMod","Beaked The Cultist","Colored Map","Colored Powertips","DeckTracker","Disable Question Mark Monsters","Downfall","Friendly Minions","Minty Spire (QoL Compilation)","Permanent Neow","Quick Restart","Random Character Button","Random Character Mod","Rare Cards Sparkle","Relic Stats","SacredBarkPlus","Shop Mod","StSLib","Synergy Search","The Construct","Unceasing Turn Reminder","Unknown Chances"],"gold_per_floor":[13,13,27,40,60,94,94,110,110,121,138,138,138,138,138,242,242,254,282,282,282,282,282,302,302,302,313,329,329,348,363,363,460,460,473,486,85,85,130,130,141,60,60,77,77,91,118,128,128,128,128,128,128,160,160],"floor_reached":56,"language":"ENG","playtime":3580,"items_purged":[],"score":1228,"play_id":"b5ac796d-6e8e-4682-9ddd-9d1752d8ccd1","local_time":"20210219232759","is_ascension_mode":false,"campfire_choices":[{"data":"construct:ShiftingStance","floor":7.0,"key":"SMITH"},{"data":"construct:ShiftingStance+1","floor":13.0,"key":"SMITH"},{"floor":15.0,"key":"REST"},{"data":"construct:Isolate","floor":23.0,"key":"SMITH"},{"data":"construct:Isolate+1","floor":25.0,"key":"SMITH"},{"data":"construct:Zapper+1","floor":29.0,"key":"SMITH"},{"data":"Ghostly","floor":32.0,"key":"SMITH"},{"data":"construct:HammerDown","floor":40.0,"key":"SMITH"},{"data":"construct:HammerDown+1","floor":45.0,"key":"SMITH"},{"floor":49.0,"key":"RECALL"},{"data":"Ghostly","floor":52.0,"key":"SMITH"}],"circlet_count":0,"master_deck":["construct:Strike_Gold","construct:Strike_Gold","construct:Strike_Gold","construct:Strike_Gold","construct:Defend_Gold","construct:Defend_Gold","construct:Defend_Gold","construct:Defend_Gold","construct:AttackMode","construct:DefenseMode","construct:ShiftingStance+2","construct:ModeShift","construct:Boost","construct:Boost","construct:Isolate+2","construct:GuardCore","construct:Versatility","construct:Versatility","Ghostly+1","Ghostly+1","Ghostly","Ghostly","Ghostly","construct:SuppressiveFire","construct:Zapper+2","construct:LaserCore","construct:HammerDown+2","construct:CripplingShot"],"relics":["construct:ClockworkPhoenix","Vajra","Eternal Feather","construct:WeddingRing","Red Mask","sneckomod:BabySnecko","Tiny Chest","Philosopher\u0027s Stone","MerchantsRug","Meat on the Bone","TungstenRod","Nunchaku","Bag of Preparation"],"acts_visited":["Exordium","TheCity","TheBeyond","TheEnding"],"potions_floor_usage":[55,55,55],"damage_taken":[{"damage":7.0,"enemies":"Small Slimes","floor":1.0,"turns":6.0},{"damage":15.0,"enemies":"Cultist","floor":3.0,"turns":5.0},{"damage":0.0,"enemies":"2 Louse","floor":4.0,"turns":2.0},{"damage":17.0,"enemies":"Blue Slaver","floor":5.0,"turns":6.0},{"damage":33.0,"enemies":"3 Sentries","floor":6.0,"turns":9.0},{"damage":16.0,"enemies":"Large Slime","floor":8.0,"turns":9.0},{"damage":4.0,"enemies":"2 Fungi Beasts","floor":10.0,"turns":5.0},{"damage":4.0,"enemies":"Blue Slaver","floor":11.0,"turns":5.0},{"damage":10.0,"enemies":"The Guardian","floor":16.0,"turns":8.0},{"damage":7.0,"enemies":"Chosen","floor":18.0,"turns":5.0},{"damage":73.0,"enemies":"Masked Bandits","floor":19.0,"turns":6.0},{"damage":10.0,"enemies":"Spheric Guardian","floor":24.0,"turns":4.0},{"damage":0.0,"enemies":"Centurion and Healer","floor":27.0,"turns":6.0},{"damage":4.0,"enemies":"Shelled Parasite and Fungi","floor":28.0,"turns":6.0},{"damage":0.0,"enemies":"Snake Plant","floor":30.0,"turns":3.0},{"damage":0.0,"enemies":"Centurion and Healer","floor":31.0,"turns":5.0},{"damage":0.0,"enemies":"Champ","floor":33.0,"turns":9.0},{"damage":0.0,"enemies":"Orb Walker","floor":35.0,"turns":4.0},{"damage":7.0,"enemies":"3 Shapes","floor":36.0,"turns":7.0},{"damage":24.0,"enemies":"2 Orb Walkers","floor":39.0,"turns":8.0},{"damage":4.0,"enemies":"Sphere and 2 Shapes","floor":41.0,"turns":7.0},{"damage":5.0,"enemies":"3 Darklings","floor":44.0,"turns":5.0},{"damage":0.0,"enemies":"4 Shapes","floor":46.0,"turns":4.0},{"damage":0.0,"enemies":"Sphere and 2 Shapes","floor":48.0,"turns":4.0},{"damage":9.0,"enemies":"Time Eater","floor":50.0,"turns":7.0},{"damage":0.0,"enemies":"Shield and Spear","floor":54.0,"turns":6.0},{"damage":38,"enemies":"The Heart","floor":55,"turns":11}],"seed_played":"7273206372249255117","potions_obtained":[{"floor":2.0,"key":"Fire Potion"},{"floor":2.0,"key":"FairyPotion"},{"floor":2.0,"key":"sneckomod:MuddlingPotion"},{"floor":4.0,"key":"champ:CounterPotion"},{"floor":6.0,"key":"Regen Potion"},{"floor":8.0,"key":"sneckomod:MuddlingPotion"},{"floor":10.0,"key":"Slimebound:ThreeZeroPotion"},{"floor":16.0,"key":"sneckomod:MuddlingPotion"},{"floor":24.0,"key":"Energy Potion"},{"floor":31.0,"key":"Dexterity Potion"},{"floor":33.0,"key":"BlessingOfTheForge"},{"floor":41.0,"key":"DuplicationPotion"},{"floor":44.0,"key":"Energy Potion"},{"floor":46.0,"key":"Dexterity Potion"},{"floor":48.0,"key":"Strength Potion"}],"is_trial":false,"path_per_floor":["M","?","M","M","M","E","R","M","T","M","M","?","R","?","R","B",null,"M","?","?","?","?","R","M","R","T","M","M","R","M","M","R","B",null,"M","M","$","?","?","R","M","$","T","M","R","M","T","M","R","B",null,"R","$","E","B",null],"character_chosen":"THE_CONSTRUCT_MOD","items_purchased":["MerchantsRug","Meat on the Bone","construct:CripplingShot"],"campfire_rested":1,"item_purchase_floors":[37,37,42],"current_hp_per_floor":[78,78,63,63,46,13,13,25,25,21,17,10,19,19,53,58,85,78,5,5,5,5,17,7,19,19,19,15,30,30,30,42,42,42,42,35,35,35,23,38,34,34,34,29,42,42,42,42,42,33,42,42,42,42,16],"gold":160,"neow_bonus":"THREE_RARE_CARDS","is_daily":false,"chose_seed":false,"campfire_upgraded":9,"win_rate":0.0,"timestamp":1613773679,"path_taken":["M","?","M","M","M","E","R","?","T","M","M","?","R","?","R","BOSS","M","?","?","?","?","R","M","R","T","?","M","R","M","M","R","BOSS","M","M","$","?","?","R","M","$","T","M","R","M","?","M","R","BOSS","R","$","E","BOSS"],"items_purchased_type":["Relic","Relic","Card"],"build_version":"2020-12-22","purchased_purges":0,"victory":true,"max_hp_per_floor":[85,85,85,85,85,85,85,85,85,85,85,85,85,85,85,85,85,85,85,85,42,42,42,42,42,42,42,42,42,42,42,42,42,42,42,42,42,42,42,42,42,42,42,42,42,42,42,42,42,42,42,42,42,42,42],"relic_stats":{"Nunchaku":[5],"counters":[27,162],"Eternal Feather":97,"Tiny Chest":1,"Bag of Preparation":[2],"obtain_stats":[{"MerchantsRug":37,"construct:WeddingRing":17,"Vajra":6,"Eternal Feather":9,"Bag of Preparation":54,"construct:ClockworkPhoenix":0,"sneckomod:BabySnecko":20,"Nunchaku":47,"Tiny Chest":26,"Philosopher\u0027s Stone":34,"Red Mask":19,"TungstenRod":39,"Meat on the Bone":37},{"MerchantsRug":19,"construct:WeddingRing":9,"Vajra":5,"Eternal Feather":6,"Bag of Preparation":26,"construct:ClockworkPhoenix":0,"sneckomod:BabySnecko":11,"Nunchaku":23,"Tiny Chest":12,"Philosopher\u0027s Stone":17,"Red Mask":11,"TungstenRod":20,"Meat on the Bone":19},{"MerchantsRug":110,"construct:WeddingRing":55,"Vajra":28,"Eternal Feather":37,"Bag of Preparation":151,"construct:ClockworkPhoenix":0,"sneckomod:BabySnecko":66,"Nunchaku":134,"Tiny Chest":70,"Philosopher\u0027s Stone":99,"Red Mask":66,"TungstenRod":118,"Meat on the Bone":110}],"TungstenRod":84,"Meat on the Bone":24},"card_choices":[{"not_picked":["construct:GatlingGun","construct:GoldenBullet"],"picked":"construct:ShiftingStance","floor":0.0},{"not_picked":["construct:SyphonStrike","construct:Autoturret"],"picked":"construct:ModeShift","floor":1.0},{"not_picked":["construct:HeavyBolt","construct:ShiftStrike"],"picked":"construct:Boost","floor":3.0},{"not_picked":["construct:Construct_Overclock","construct:Overcharge"],"picked":"construct:Boost","floor":4.0},{"not_picked":["construct:PointDefense","construct:ClusterMines"],"picked":"construct:Isolate","floor":5.0},{"not_picked":["construct:Backfire","construct:ShiftingStance"],"picked":"construct:GuardCore","floor":6.0},{"not_picked":["construct:Missile","construct:VentSteam","construct:SyphonStrike"],"picked":"SKIP","floor":8.0},{"not_picked":["construct:QuickAttack","construct:ClusterMines","construct:Reinforce"],"picked":"SKIP","floor":10.0},{"not_picked":["construct:Rollout","construct:ShiftStrike","construct:Stasis"],"picked":"SKIP","floor":11.0},{"not_picked":["construct:SweepLaser+1","construct:FlakBarrage"],"picked":"construct:Versatility","floor":18.0},{"not_picked":["construct:VentSteam","construct:Rollout+1"],"picked":"construct:Versatility","floor":19.0},{"not_picked":["construct:Analyze","construct:Accumulate","construct:BatteryAcid"],"picked":"SKIP","floor":24.0},{"not_picked":["construct:Hazardproof","construct:SweepLaser"],"picked":"construct:SuppressiveFire","floor":27.0},{"not_picked":["construct:OneWayMirror","construct:UnbalancingBlast+1"],"picked":"construct:Zapper+1","floor":28.0},{"not_picked":["construct:Anticipate","construct:FocusedBeam","construct:FlakBarrage"],"picked":"SKIP","floor":30.0},{"not_picked":["construct:ChargeShot+1","construct:ForceCore"],"picked":"construct:LaserCore","floor":31.0},{"not_picked":["construct:GoldenBullet","construct:Meltdown"],"picked":"construct:HammerDown","floor":33.0},{"not_picked":["construct:PhosphorStorm","construct:Dampening","construct:Missile+1"],"picked":"SKIP","floor":35.0},{"not_picked":["construct:SaveState+1","construct:Reinforce+1","construct:ClusterMines+1"],"picked":"SKIP","floor":36.0},{"not_picked":["construct:BatteryAcid+1","construct:Overcharge","construct:Reinforce+1"],"picked":"SKIP","floor":41.0},{"not_picked":["construct:SaveState+1","construct:CriticalHit+1","construct:Rollout"],"picked":"SKIP","floor":44.0},{"not_picked":["construct:ShiftStrike+1","construct:MoltenSmash+1","construct:Anticipate"],"picked":"SKIP","floor":46.0},{"not_picked":["construct:Antimatter+1","construct:Accumulate+1","construct:ForceCore"],"picked":"SKIP","floor":48.0},{"not_picked":["construct:Backfire+1","construct:ShiftingStance","construct:Tumble+1"],"picked":"SKIP","floor":54.0}],"player_experience":210023,"relics_obtained":[{"floor":6.0,"key":"Vajra"},{"floor":9.0,"key":"Eternal Feather"},{"floor":19.0,"key":"Red Mask"},{"floor":26.0,"key":"Tiny Chest"},{"floor":39.0,"key":"TungstenRod"},{"floor":47.0,"key":"Nunchaku"},{"floor":54.0,"key":"Bag of Preparation"}],"event_choices":[{"damage_healed":0.0,"max_hp_gain":0.0,"max_hp_loss":0.0,"gold_gain":0.0,"event_name":"Lab","player_choice":"Got Potions","floor":2.0,"gold_loss":0.0,"damage_taken":0.0},{"cards_removed":["construct:Defend_Gold"],"damage_healed":0.0,"max_hp_gain":0.0,"max_hp_loss":0.0,"gold_gain":0.0,"event_name":"Golden Wing","player_choice":"Card Removal","floor":12.0,"gold_loss":0.0,"damage_taken":7.0},{"cards_removed":["construct:Strike_Gold"],"damage_healed":0.0,"max_hp_gain":0.0,"max_hp_loss":0.0,"gold_gain":0.0,"event_name":"Living Wall","player_choice":"Forget","floor":14.0,"gold_loss":0.0,"damage_taken":0.0},{"damage_healed":0.0,"max_hp_gain":0.0,"max_hp_loss":0.0,"gold_gain":0.0,"event_name":"Masked Bandits","player_choice":"Fought Bandits","floor":19.0,"gold_loss":0.0,"damage_taken":0.0},{"damage_healed":0.0,"max_hp_gain":0.0,"max_hp_loss":43.0,"gold_gain":0.0,"event_name":"Ghosts","player_choice":"Became a Ghost","floor":21.0,"gold_loss":0.0,"damage_taken":0.0,"cards_obtained":["Ghostly","Ghostly","Ghostly","Ghostly","Ghostly"]},{"cards_removed":["downfall:Bewildered"],"damage_healed":0.0,"max_hp_gain":0.0,"max_hp_loss":0.0,"gold_gain":0.0,"event_name":"Fountain of Cleansing","player_choice":"Removed Curses","floor":22.0,"gold_loss":0.0,"damage_taken":0.0},{"damage_healed":0.0,"max_hp_gain":0.0,"max_hp_loss":0.0,"gold_gain":0.0,"event_name":"SensoryStone","player_choice":"Memory 1","floor":38.0,"gold_loss":0.0,"damage_taken":0.0},{"damage_healed":0.0,"max_hp_gain":0.0,"max_hp_loss":0.0,"gold_gain":0.0,"event_name":"Mysterious Sphere","player_choice":"Fight","floor":39.0,"gold_loss":0.0,"damage_taken":0.0}],"is_beta":false,"boss_relics":[{"not_picked":["beaked:SacredDeck","Pandora\u0027s Box"],"picked":"construct:WeddingRing"},{"not_picked":["Astrolabe","construct:ClawGrip"],"picked":"Philosopher\u0027s Stone"}],"items_purged_floors":[],"is_endless":false,"potions_floor_spawned":[4,6,8,10,16,24,31,33,41,44,46,48,54],"ascension_level":0}}