{"host":"s0nrlal5fls38heo","time":1613774785,"event":{"mods":["AchievementEnabler","BaseMod","Colored Powertips","Dark Map","Displayed Cursed Tome","Downfall","Faster Ascension Climbing","GifTheSpireLib","Minty Spire (QoL Compilation)","Permanent Neow","Rare Cards Sparkle","Relic Filter Mod","StSLib"],"gold_per_floor":[349,14,14,32,51,84,152,152,171,185,218,218,252,252,270,369,369,369,382,398,548,565,565,565,618,687,738,810,810,270,342,402,542,542,342,402,402,458,62,113,113,113,178,231,231,306,29,55,67,67],"floor_reached":51,"language":"ENG","playtime":2877,"items_purged":["Guardian:Strike_Guardian+1","downfall:Haunted"],"score":1538,"play_id":"9b950564-8bd0-4adf-a402-76bb222aeb0d","local_time":"20210219234625","is_ascension_mode":true,"campfire_choices":[{"data":"Guardian:TwinSlam","floor":1,"key":"SMITH"},{"data":"Guardian:SentryBeam","floor":8,"key":"SMITH"},{"floor":18,"key":"RECALL"},{"data":"Guardian:TimeCapacitor","floor":35,"key":"SMITH"},{"data":"Guardian:Repulse","floor":45,"key":"SMITH"}],"circlet_count":0,"master_deck":["AscendersBane","Guardian:Defend_Guardian+1","Guardian:Defend_Guardian+1","Guardian:Defend_Guardian+1","Guardian:CurlUp","Guardian:TwinSlam+1","Guardian:Planning","expansioncontent:DashGenerateEvil+1","Guardian:SpikerProtocol","Guardian:SentryBeam+1","Guardian:ExploitGems","Guardian:SpikerProtocol","Guardian:EvasiveProtocol","Guardian:SpikerProtocol","Guardian:ShieldSpikes","Guardian:Recover","Guardian:Clone","Guardian:TimeCapacitor+1","Guardian:ShieldCharger","Guardian:SpikerProtocol+1","Guardian:SentryBeam","Guardian:FastForward","Guardian:FloatingOrbs","Guardian:TemporalShield","Guardian:ConstructionForm","Guardian:Clone+1","Guardian:Preprogram+1","expansioncontent:DashGenerateEvil+1","Guardian:Repulse+1","Guardian:Harden+1","Guardian:Recover","Guardian:AncientConstruct","Master of Strategy","Guardian:ArmoredProtocol","Guardian:Harden+1"],"relics":["Guardian:ModeShifter","HandDrill","Ice Cream","Bottled Flame","Regal Pillow","Runic Pyramid","downfall:KnowingSkull","Mummified Hand","Eternal Feather","Potion Belt","Toy Ornithopter","Bronze Scales","Medical Kit","Mercury Hourglass","SlaversCollar","downfall:HeartBlessingGreen","downfall:HeartBlessingRed","Pantograph","Calipers","Letter Opener","Ancient Tea Set","Strange Spoon","Pen Nib","Gremlin Horn"],"acts_visited":["Exordium","TheCity","TheBeyond"],"potions_floor_usage":[11,16,28,31,36,43,46,47,50,50,50,50,50,50],"damage_taken":[{"damage":0,"enemies":"downfall:FleeingMerchant","floor":2,"turns":4},{"damage":6,"enemies":"2 Louse","floor":4,"turns":2},{"damage":0,"enemies":"Cultist","floor":5,"turns":4},{"damage":10,"enemies":"3 Sentries","floor":6,"turns":6},{"damage":0,"enemies":"Small Slimes","floor":9,"turns":2},{"damage":2,"enemies":"3 Louse","floor":10,"turns":4},{"damage":8,"enemies":"Gremlin Nob","floor":11,"turns":4},{"damage":0,"enemies":"Lagavulin","floor":13,"turns":6},{"damage":0,"enemies":"Gremlin Gang","floor":15,"turns":4},{"damage":28,"enemies":"IC_STATUS_ARCHETYPE","floor":16,"turns":13},{"damage":0,"enemies":"Spheric Guardian","floor":19,"turns":3},{"damage":0,"enemies":"Shell Parasite","floor":20,"turns":4},{"damage":0,"enemies":"3 Cultists","floor":22,"turns":5},{"damage":10,"enemies":"Snake Plant","floor":25,"turns":3},{"damage":3,"enemies":"Book of Stabbing","floor":26,"turns":6},{"damage":3,"enemies":"Centurion and Healer","floor":27,"turns":6},{"damage":4,"enemies":"Gremlin Leader","floor":28,"turns":8},{"damage":3,"enemies":"downfall:FleeingMerchant","floor":30,"turns":4},{"damage":3,"enemies":"Book of Stabbing","floor":31,"turns":5},{"damage":3,"enemies":"3 Cultists","floor":32,"turns":4},{"damage":4,"enemies":"WA_ARCHETYPE_CALM","floor":33,"turns":10},{"damage":4,"enemies":"3 Shapes","floor":36,"turns":5},{"damage":3,"enemies":"Orb Walker","floor":38,"turns":4},{"damage":3,"enemies":"downfall:FleeingMerchant","floor":39,"turns":4},{"damage":3,"enemies":"Writhing Mass","floor":40,"turns":6},{"damage":3,"enemies":"Nemesis","floor":43,"turns":7},{"damage":3,"enemies":"3 Darklings","floor":44,"turns":4},{"damage":19,"enemies":"Reptomancer","floor":46,"turns":5},{"damage":3,"enemies":"downfall:FleeingMerchant","floor":47,"turns":2},{"damage":5,"enemies":"Nemesis","floor":48,"turns":7},{"damage":0,"enemies":"Spire Growth","floor":49,"turns":4},{"damage":5,"enemies":"DF_ARCHETYPE_ORBS","floor":50,"turns":8}],"seed_played":"-6132750637064132716","potions_obtained":[{"floor":4,"key":"DistilledChaos"},{"floor":6,"key":"GamblersBrew"},{"floor":9,"key":"Guardian:DefensiveModePotion"},{"floor":11,"key":"AttackPotion"},{"floor":22,"key":"sneckomod:MuddlingPotion"},{"floor":28,"key":"DistilledChaos"},{"floor":31,"key":"Weak Potion"},{"floor":33,"key":"SkillPotion"},{"floor":42,"key":"Strength Potion"},{"floor":42,"key":"Guardian:DefensiveModePotion"},{"floor":43,"key":"bronze:BurnAndBuffPotion"},{"floor":44,"key":"ColorlessPotion"},{"floor":46,"key":"CultistPotion"},{"floor":49,"key":"AttackPotion"}],"is_trial":false,"path_per_floor":["R","$","?","M","M","E","T","R","M","M","E","?","E","?","M","B",null,"R","M","M","?","M","?","T","M","E","M","E","?","$","E","M","B",null,"R","M","?","M","$","M","T","?","E","M","R","E","$","E","M","B",null],"character_chosen":"GUARDIAN","items_purchased":["expansioncontent:DashGenerateEvil","HandDrill","Toy Ornithopter","Bronze Scales","Medical Kit","Guardian:FloatingOrbs","expansioncontent:DashGenerateEvil+1","Pantograph","Strange Spoon","Master of Strategy","Pen Nib","Guardian:ArmoredProtocol"],"campfire_rested":0,"item_purchase_floors":[2,2,30,30,30,30,39,39,47,47,47,47],"current_hp_per_floor":[51,51,51,45,45,35,35,35,35,33,25,25,25,25,35,7,62,62,62,62,62,62,54,54,44,41,38,34,34,31,33,30,26,67,80,79,79,76,73,70,70,70,72,69,80,66,68,63,63,80],"gold":67,"neow_bonus":"TWO_FIFTY_GOLD","is_daily":false,"chose_seed":false,"campfire_upgraded":4,"win_rate":0.0,"timestamp":1613774785,"path_taken":["R","$","?","M","M","E","T","R","?","M","E","?","E","?","M","BOSS","R","M","M","?","?","?","T","M","E","?","E","?","$","E","M","BOSS","R","M","?","M","$","?","T","?","E","?","R","E","$","E","M","BOSS"],"items_purchased_type":["Card","Relic","Relic","Relic","Relic","Card","Card","Relic","Relic","Card","Relic","Card"],"build_version":"2020-12-22","purchased_purges":2,"victory":true,"max_hp_per_floor":[80,80,80,80,80,80,80,80,80,80,80,80,80,80,80,80,80,80,80,80,80,80,80,80,80,80,80,80,80,80,80,80,80,80,80,80,80,80,80,80,80,80,80,80,80,80,80,80,80,80],"card_choices":[{"not_picked":["Guardian:BronzeArmor","Guardian:ShieldSpikes"],"picked":"Guardian:Planning","floor":2},{"not_picked":["Guardian:Gem_Red","Guardian:Suspension"],"picked":"Guardian:SpikerProtocol","floor":4},{"not_picked":["Guardian:Gem_Purple","Guardian:ShieldCharger"],"picked":"Guardian:SentryBeam","floor":5},{"not_picked":["Guardian:ShieldSpikes","Guardian:TemporalStrike"],"picked":"Guardian:ExploitGems","floor":6},{"not_picked":["Guardian:WalkerClaw","Guardian:Planning"],"picked":"Guardian:Gem_Cyan","floor":9},{"not_picked":["Guardian:Gem_Crimson","Guardian:Gem_Lightblue"],"picked":"Guardian:SpikerProtocol","floor":10},{"not_picked":["Guardian:VentSteam","Guardian:Gem_Lightblue"],"picked":"Guardian:EvasiveProtocol","floor":11},{"not_picked":["Guardian:ChargeCore","Guardian:Suspension"],"picked":"Guardian:SpikerProtocol","floor":13},{"not_picked":["Guardian:Gem_Fragmented","Guardian:Suspension"],"picked":"Guardian:ShieldSpikes","floor":15},{"not_picked":["Guardian:ConstructionForm","Guardian:BaubleBeam"],"picked":"Guardian:Gem_Orange","floor":16},{"not_picked":["Guardian:TemporalStrike","Guardian:BronzeArmor"],"picked":"Guardian:Recover","floor":19},{"not_picked":["Guardian:PrimingBeam+1","Guardian:Gem_White"],"picked":"Guardian:Clone","floor":20},{"not_picked":["Guardian:Preprogram","Guardian:BodySlam+1"],"picked":"Guardian:TimeCapacitor","floor":22},{"not_picked":["Guardian:TemporalStrike","Guardian:Gem_Red"],"picked":"Guardian:ShieldCharger","floor":25},{"not_picked":["Guardian:FloatingOrbs","Guardian:Gem_Green"],"picked":"Guardian:SpikerProtocol+1","floor":26},{"not_picked":["Guardian:TemporalShield","Guardian:PrismaticBeam"],"picked":"Guardian:SentryBeam","floor":27},{"not_picked":["Guardian:PrismaticBeam+1","Guardian:Suspension"],"picked":"Guardian:FastForward","floor":28},{"not_picked":["Guardian:PrimingBeam+1","Guardian:RollAttack","Guardian:TimeBomb"],"picked":"SKIP","floor":30},{"not_picked":["Guardian:Gem_Purple","Guardian:Reroute"],"picked":"Guardian:TemporalShield","floor":31},{"not_picked":["Guardian:PiercingHide","Guardian:VentSteam+1"],"picked":"Guardian:Gem_Synthetic","floor":32},{"not_picked":["Guardian:TimeSifter","Guardian:SphericShield"],"picked":"Guardian:ConstructionForm","floor":33},{"not_picked":["Guardian:Gem_Purple","Guardian:ChargeCore+1"],"picked":"Guardian:Clone+1","floor":36},{"not_picked":["Guardian:BronzeArmor+1","Guardian:PiercingHide+1"],"picked":"Guardian:Preprogram+1","floor":38},{"not_picked":["Guardian:Gem_Purple","Guardian:PrismaticBeam","Guardian:Preprogram"],"picked":"SKIP","floor":39},{"not_picked":["Guardian:WalkerClaw+1","Guardian:CrystalBeam"],"picked":"Guardian:Repulse","floor":40},{"not_picked":["Guardian:Reroute","Guardian:RefractedBeam"],"picked":"Guardian:Harden+1","floor":43},{"not_picked":["Guardian:PrimingBeam+1","Guardian:Gem_Crimson"],"picked":"Guardian:Recover","floor":44},{"not_picked":["Guardian:Suspension","Guardian:CrystalBeam+1","Guardian:ChargeCore+1"],"picked":"SKIP","floor":46},{"not_picked":["Guardian:TemporalShield+1","Guardian:Gem_Orange"],"picked":"Guardian:AncientConstruct","floor":47},{"not_picked":["Guardian:ChargeCore","Guardian:Gem_Blue","Guardian:PrimingBeam"],"picked":"SKIP","floor":48},{"not_picked":["Guardian:RollAttack","Guardian:Gem_Lightblue"],"picked":"Guardian:Harden+1","floor":49}],"player_experience":41812,"relics_obtained":[{"floor":6,"key":"Ice Cream"},{"floor":7,"key":"Bottled Flame"},{"floor":11,"key":"Regal Pillow"},{"floor":13,"key":"Juzu Bracelet"},{"floor":24,"key":"Mummified Hand"},{"floor":26,"key":"Eternal Feather"},{"floor":28,"key":"Potion Belt"},{"floor":31,"key":"Mercury Hourglass"},{"floor":41,"key":"Calipers"},{"floor":43,"key":"Letter Opener"},{"floor":46,"key":"Ancient Tea Set"},{"floor":48,"key":"Gremlin Horn"}],"event_choices":[{"cards_removed":["Guardian:Strike_Guardian"],"damage_healed":0,"gold_gain":0,"player_choice":"Card Removal","damage_taken":0,"max_hp_gain":0,"max_hp_loss":0,"event_name":"The Cleric","floor":12,"gold_loss":0},{"damage_healed":0,"gold_gain":0,"player_choice":"Got Potions","damage_taken":0,"max_hp_gain":0,"max_hp_loss":0,"event_name":"Lab","floor":42,"gold_loss":0}],"is_beta":false,"boss_relics":[{"not_picked":["Tiny House","Cursed Key"],"picked":"Runic Pyramid"},{"not_picked":["Fusion Hammer","Snecko Eye"],"picked":"SlaversCollar"}],"items_purged_floors":[30,47],"is_endless":false,"potions_floor_spawned":[4,6,9,11,13,22,28,31,33,43,44,46,49],"ascension_level":10}}