{"host":"8tgyo6jwzgmjsiz5","time":1613768927,"event":{"mods":["AchievementEnabler","BaseMod","Best Route Mod","Highlight Path","Minty Spire (QoL Compilation)","Permanent Neow","Quick Restart","StSLib","SuperFastMode"],"gold_per_floor":[14,14,14,29,41,41,81,81,107,138,138,159,192,219,219,219,219],"floor_reached":16,"language":"ENG","playtime":703,"items_purged":[],"score":235,"play_id":"cb0b87ac-15b9-4419-bae5-b2dddf961eec","local_time":"20210219180847","is_ascension_mode":true,"campfire_choices":[{"data":"Armaments","floor":6,"key":"SMITH"},{"data":"Combust","floor":8,"key":"SMITH"},{"floor":11,"key":"REST"},{"data":"Searing Blow","floor":15,"key":"SMITH"}],"circlet_count":0,"master_deck":["AscendersBane","Strike_R","Strike_R","Strike_R","Strike_R","Strike_R","Defend_R+1","Defend_R","Defend_R","Defend_R+1","Bash+1","Feed+1","Combust+1","Armaments+1","Pommel Strike","Uppercut","Searing Blow+1"],"relics":["Burning Blood","CeramicFish","Bag of Preparation","War Paint","Ornamental Fan"],"acts_visited":["Exordium"],"potions_floor_usage":[7,10,16],"damage_taken":[{"damage":9,"enemies":"2 Louse","floor":1,"turns":2},{"damage":0,"enemies":"Small Slimes","floor":4,"turns":3},{"damage":6,"enemies":"Cultist","floor":5,"turns":3},{"damage":30,"enemies":"Lagavulin","floor":7,"turns":8},{"damage":20,"enemies":"3 Sentries","floor":10,"turns":7},{"damage":16,"enemies":"Blue Slaver","floor":12,"turns":6},{"damage":16,"enemies":"Gremlin Nob","floor":13,"turns":4},{"damage":18,"enemies":"Exordium Thugs","floor":14,"turns":5},{"damage":56,"enemies":"Hexaghost","floor":16,"turns":11}],"seed_played":"-2514174537160472366","potions_obtained":[{"floor":1,"key":"HeartOfIron"},{"floor":5,"key":"Strength Potion"},{"floor":7,"key":"Dexterity Potion"},{"floor":12,"key":"SpeedPotion"}],"is_trial":false,"path_per_floor":["M","?","?","M","M","R","E","R","T","E","R","M","E","M","R","B"],"character_chosen":"IRONCLAD","items_purchased":[],"campfire_rested":1,"item_purchase_floors":[],"current_hp_per_floor":[68,68,68,78,82,82,62,62,62,52,80,74,64,56,56,0,0],"gold":219,"neow_bonus":"THREE_RARE_CARDS","is_daily":false,"chose_seed":false,"campfire_upgraded":3,"win_rate":0.0,"timestamp":1613768927,"path_taken":["M","?","?","M","M","R","E","R","T","E","R","M","E","M","R","BOSS"],"items_purchased_type":[],"build_version":"2020-12-22","purchased_purges":0,"victory":false,"max_hp_per_floor":[78,78,78,82,86,86,90,90,90,94,94,98,98,102,102,102,102],"card_choices":[{"not_picked":["Brutality","Bludgeon"],"picked":"Feed","floor":0},{"not_picked":["Reckless Charge","Ghostly Armor","Perfected Strike"],"picked":"SKIP","floor":1},{"not_picked":["Evolve","Wild Strike"],"picked":"Combust","floor":4},{"not_picked":["Warcry","Iron Wave"],"picked":"Armaments","floor":5},{"not_picked":["True Grit","Whirlwind"],"picked":"Pommel Strike","floor":7},{"not_picked":["Flex","Sword Boomerang","Seeing Red"],"picked":"SKIP","floor":10},{"not_picked":["Armaments","Fiend Fire"],"picked":"Uppercut","floor":12},{"not_picked":["Sword Boomerang","Fire Breathing","Flex"],"picked":"SKIP","floor":13},{"not_picked":["Dark Embrace","Thunderclap"],"picked":"Searing Blow","floor":14}],"player_experience":1986929,"relics_obtained":[{"floor":7,"key":"CeramicFish"},{"floor":9,"key":"Bag of Preparation"},{"floor":10,"key":"War Paint"},{"floor":13,"key":"Ornamental Fan"}],"event_choices":[{"damage_healed":0,"gold_gain":0,"player_choice":"Grow","damage_taken":0,"max_hp_gain":0,"max_hp_loss":0,"event_name":"Living Wall","floor":2,"gold_loss":0,"cards_upgraded":["Feed"]},{"damage_healed":0,"gold_gain":0,"player_choice":"Forge","damage_taken":0,"max_hp_gain":0,"max_hp_loss":0,"event_name":"Accursed Blacksmith","floor":3,"gold_loss":0,"cards_upgraded":["Bash"]}],"is_beta":false,"boss_relics":[],"items_purged_floors":[],"is_endless":false,"potions_floor_spawned":[1,5,7,12],"killed_by":"Hexaghost","ascension_level":15}}