{"host":"0xtpc43j5kblke7u","time":1613709192,"event":{"mods":["AchievementEnabler","BaseMod","Colored Map","Highlight Path","Minty Spire (QoL Compilation)"],"gold_per_floor":[110,110,178,158,179,214,214,252,252,252,252,252],"floor_reached":11,"language":"ENG","playtime":503,"items_purged":[],"score":122,"play_id":"bf40ad3a-c216-4b1a-a813-16fb5d4b580c","local_time":"20210218233312","is_ascension_mode":true,"campfire_choices":[{"floor":7,"key":"REST"},{"floor":10,"key":"REST"}],"circlet_count":0,"master_deck":["AscendersBane","Strike_R","Strike_R","Strike_R","Strike_R","Strike_R","Defend_R","Defend_R","Defend_R","Defend_R","Bash+1","Shrug It Off","Clothesline","Pommel Strike"],"relics":["Burning Blood","Golden Idol","Ancient Tea Set","Sundial","Matryoshka"],"acts_visited":["Exordium"],"potions_floor_usage":[6,8],"damage_taken":[{"damage":4,"enemies":"2 Louse","floor":1,"turns":4},{"damage":5,"enemies":"Small Slimes","floor":5,"turns":3},{"damage":44,"enemies":"Lagavulin","floor":6,"turns":6},{"damage":54,"enemies":"3 Sentries","floor":8,"turns":8},{"damage":50,"enemies":"Lagavulin","floor":11,"turns":6}],"seed_played":"-1487206226222388919","potions_obtained":[{"floor":4,"key":"SneckoOil"},{"floor":5,"key":"Strength Potion"}],"is_trial":false,"path_per_floor":["M","?","?","?","M","E","R","E","T","R","E"],"character_chosen":"IRONCLAD","items_purchased":[],"campfire_rested":2,"item_purchase_floors":[],"current_hp_per_floor":[74,74,74,74,74,36,58,10,10,32,0,0],"gold":252,"neow_bonus":"UPGRADE_CARD","is_daily":false,"chose_seed":false,"campfire_upgraded":0,"win_rate":0.0,"timestamp":1613709192,"path_taken":["M","?","?","?","M","E","R","E","T","R","E"],"items_purchased_type":[],"build_version":"2020-12-22","purchased_purges":0,"victory":false,"max_hp_per_floor":[80,74,74,74,74,74,74,74,74,74,74,74],"card_choices":[{"not_picked":["Dark Embrace","Warcry"],"picked":"Shrug It Off","floor":1},{"not_picked":["Pommel Strike","Dropkick"],"picked":"Clothesline","floor":5},{"not_picked":["Hemokinesis","Barricade"],"picked":"Pommel Strike","floor":6},{"not_picked":["Anger","Brutality","Dropkick"],"picked":"SKIP","floor":8}],"player_experience":697376,"relics_obtained":[{"floor":6,"key":"Ancient Tea Set"},{"floor":8,"key":"Sundial"},{"floor":9,"key":"Matryoshka"}],"event_choices":[{"damage_healed":0,"gold_gain":0,"player_choice":"Lose Max HP","damage_taken":0,"relics_obtained":["Golden Idol"],"max_hp_gain":0,"max_hp_loss":6,"event_name":"Golden Idol","floor":2,"gold_loss":0},{"damage_healed":0,"gold_gain":68,"player_choice":"Gained Gold","damage_taken":0,"max_hp_gain":0,"max_hp_loss":0,"event_name":"Golden Wing","floor":3,"gold_loss":0},{"damage_healed":0,"gold_gain":0,"player_choice":"Bought 1 Potion","damage_taken":0,"max_hp_gain":0,"max_hp_loss":0,"event_name":"The Woman in Blue","floor":4,"gold_loss":0}],"is_beta":false,"boss_relics":[],"items_purged_floors":[],"is_endless":false,"potions_floor_spawned":[5],"killed_by":"Lagavulin","ascension_level":11}}