{"host":"fbdlh90rovbiajun","time":1613715967,"event":{"mods":["AchievementEnabler","BaseMod","Colored Map","Keyboard Shortcuts","Minty Spire (QoL Compilation)","SuperFastMode"],"gold_per_floor":[118,118,118,38,38,81,93,136,148,160,202,248,200,200,200,200,200],"floor_reached":16,"language":"KOR","playtime":230,"items_purged":["Strike_P"],"score":170,"play_id":"98c96882-0939-47a6-b849-d4003496def5","local_time":"20210219152607","is_ascension_mode":true,"campfire_choices":[{"data":"Adaptation","floor":7.0,"key":"SMITH"},{"floor":10.0,"key":"REST"},{"data":"Vengeance","floor":15,"key":"SMITH"}],"circlet_count":0,"master_deck":["Strike_P","Strike_P","Strike_P","Defend_P","Defend_P","Defend_P","Eruption+1","Vigilance","Adaptation+1","Vengeance+1"],"relics":["PureWater","NeowsBlessing","Golden Idol","MawBank","Dream Catcher","The Courier","Ornamental Fan"],"acts_visited":["Exordium"],"potions_floor_usage":[12],"damage_taken":[{"damage":0.0,"enemies":"Cultist","floor":1.0,"turns":1.0},{"damage":0.0,"enemies":"Gremlin Nob","floor":6.0,"turns":1.0},{"damage":0.0,"enemies":"Lagavulin","floor":8.0,"turns":1.0},{"damage":35,"enemies":"3 Sentries","floor":12,"turns":5},{"damage":0,"enemies":"Slime Boss","floor":16,"turns":3}],"seed_played":"-6736448680902953098","potions_obtained":[{"floor":1.0,"key":"FearPotion"},{"floor":8.0,"key":"Swift Potion"},{"floor":12,"key":"SteroidPotion"}],"is_trial":false,"path_per_floor":["M","?","?","$","?","E","R","E","T","R","?","E","$","?","R","B"],"character_chosen":"WATCHER","items_purchased":["Adaptation"],"campfire_rested":1,"item_purchase_floors":[4],"current_hp_per_floor":[72,54,47,47,47,47,47,47,47,68,68,33,33,33,33,33,33],"gold":200,"neow_bonus":"THREE_ENEMY_KILL","is_daily":false,"chose_seed":false,"campfire_upgraded":2,"win_rate":0.0,"timestamp":1613715967,"path_taken":["M","?","?","$","?","E","R","E","T","R","?","E","$","?","R","BOSS"],"items_purchased_type":["Card"],"build_version":"2020-12-22","purchased_purges":1,"victory":false,"max_hp_per_floor":[72,72,72,72,72,72,72,72,72,72,72,72,72,72,72,72,72],"card_choices":[{"not_picked":["FlyingSleeves","Indignation","BowlingBash"],"picked":"SKIP","floor":1.0},{"not_picked":["ForeignInfluence","EmptyBody","SpiritShield"],"picked":"SKIP","floor":6.0},{"not_picked":["ForeignInfluence","EmptyBody","SpiritShield"],"picked":"SKIP","floor":6.0},{"not_picked":["Crescendo","WaveOfTheHand"],"picked":"Vengeance","floor":8.0},{"not_picked":["PathToVictory","Devotion","FollowUp"],"picked":"SKIP","floor":12}],"player_experience":87885,"relics_obtained":[{"floor":6.0,"key":"MawBank"},{"floor":8.0,"key":"Dream Catcher"},{"floor":9.0,"key":"The Courier"},{"floor":12,"key":"Ornamental Fan"}],"event_choices":[{"damage_healed":0.0,"max_hp_gain":0.0,"max_hp_loss":0.0,"gold_gain":0.0,"event_name":"Golden Idol","player_choice":"Take Damage","floor":2.0,"gold_loss":0.0,"damage_taken":18.0,"relics_obtained":["Golden Idol"]},{"cards_removed":["Defend_P"],"damage_healed":0.0,"max_hp_gain":0.0,"max_hp_loss":0.0,"gold_gain":0.0,"event_name":"Golden Wing","player_choice":"Card Removal","floor":3.0,"gold_loss":0.0,"damage_taken":7.0},{"damage_healed":0.0,"max_hp_gain":0.0,"max_hp_loss":0.0,"gold_gain":0.0,"event_name":"Living Wall","player_choice":"Grow","floor":5.0,"gold_loss":0.0,"damage_taken":0.0,"cards_upgraded":["Eruption"]},{"damage_healed":0,"gold_gain":30,"player_choice":"Searched \u00271\u0027 times","damage_taken":0,"max_hp_gain":0,"max_hp_loss":0,"event_name":"Dead Adventurer","floor":11,"gold_loss":0},{"damage_healed":0,"gold_gain":0,"player_choice":"Bought 0 Potions","damage_taken":0,"max_hp_gain":0,"max_hp_loss":0,"event_name":"The Woman in Blue","floor":14,"gold_loss":0}],"is_beta":false,"boss_relics":[],"items_purged_floors":[13],"is_endless":false,"potions_floor_spawned":[1,8,12],"killed_by":"Slime Boss","ascension_level":1}}