{"host":"gyvm9iplrwbfzexe","time":1613695575,"event":{"mods":["BaseMod","Minty Spire (QoL Compilation)","StSLib","The Hierophant"],"gold_per_floor":[113,113,129,149,119,119,146,172,172,172,198,198,230,227,227,327,327,270,127,127,127,127,127,111,111],"floor_reached":24,"language":"ENG","playtime":1138,"items_purged":[],"score":277,"play_id":"73f0dd22-944d-499a-9e3f-2a1641644bb3","local_time":"20210218184615","is_ascension_mode":false,"campfire_choices":[{"data":"hierophant:Repentance","floor":6,"key":"SMITH"},{"data":"hierophant:Repentance","floor":10,"key":"SMITH"},{"data":"hierophant:ChurchCoffers","floor":12,"key":"SMITH"},{"floor":15,"key":"REST"},{"data":"hierophant:Shelter","floor":23,"key":"SMITH"}],"circlet_count":0,"master_deck":["hierophant:Strike_Hierophant","hierophant:Strike_Hierophant","hierophant:Punish","hierophant:Defend_Hierophant","hierophant:Defend_Hierophant","hierophant:Defend_Hierophant","hierophant:Defend_Hierophant","hierophant:ChurchCoffers+1","hierophant:RepressedViolence","hierophant:Repentance+1","hierophant:Repentance+1","hierophant:EyeForCoin","hierophant:Doubloon","hierophant:DivineIntervention","hierophant:Doubloon","hierophant:PassingBell","hierophant:Doubloon","hierophant:Doubloon","hierophant:Shelter+1","hierophant:Doubloon"],"relics":["hierophant:PropheticMaskRelic","NeowsBlessing","White Beast Statue","Pear","Odd Mushroom","Mercury Hourglass","Cursed Key","Toy Ornithopter"],"acts_visited":["Exordium","TheCity"],"potions_floor_usage":[8,14,14,18,24,24],"damage_taken":[{"damage":0,"enemies":"Small Slimes","floor":1,"turns":1},{"damage":0,"enemies":"Cultist","floor":3,"turns":3},{"damage":2,"enemies":"2 Louse","floor":4,"turns":2},{"damage":0,"enemies":"Looter","floor":5,"turns":4},{"damage":36,"enemies":"Lagavulin","floor":7,"turns":7},{"damage":6,"enemies":"Large Slime","floor":8,"turns":5},{"damage":16,"enemies":"The Mushroom Lair","floor":11,"turns":3},{"damage":8,"enemies":"Gremlin Gang","floor":13,"turns":2},{"damage":0,"enemies":"3 Sentries","floor":14,"turns":3},{"damage":25,"enemies":"Slime Boss","floor":16,"turns":5},{"damage":20,"enemies":"2 Thieves","floor":18,"turns":3},{"damage":61,"enemies":"Book of Stabbing","floor":24,"turns":7}],"seed_played":"-6602785491245079382","potions_obtained":[{"floor":3,"key":"Ancient Potion"},{"floor":7,"key":"Weak Potion"},{"floor":8,"key":"PowerPotion"},{"floor":11,"key":"AttackPotion"},{"floor":14,"key":"ColorlessPotion"},{"floor":16,"key":"BlessingOfTheForge"},{"floor":18,"key":"Dexterity Potion"}],"is_trial":false,"path_per_floor":["M","?","M","M","M","R","E","M","T","R","?","R","M","E","R","B",null,"M","$","?","?","?","R","E"],"character_chosen":"HIEROPHANT","items_purchased":["Toy Ornithopter"],"campfire_rested":1,"item_purchase_floors":[19],"current_hp_per_floor":[75,75,75,73,73,73,37,31,41,41,25,25,17,17,42,17,85,65,65,49,49,49,49,0,0],"gold":111,"neow_bonus":"THREE_ENEMY_KILL","is_daily":false,"chose_seed":false,"campfire_upgraded":4,"win_rate":0.0,"timestamp":1613695575,"path_taken":["M","?","?","M","M","R","E","M","T","R","?","R","M","E","R","BOSS","M","$","?","?","?","R","E"],"items_purchased_type":["Relic"],"build_version":"2020-12-22","purchased_purges":0,"victory":false,"max_hp_per_floor":[75,75,75,75,75,75,75,75,85,85,85,85,85,85,85,85,85,85,85,90,90,90,90,90,90],"card_choices":[{"not_picked":["hierophant:AuricBeam","hierophant:Encroach"],"picked":"hierophant:RepressedViolence","floor":1},{"not_picked":["hierophant:Remorse","hierophant:FieryStrike"],"picked":"hierophant:Repentance","floor":3},{"not_picked":["hierophant:Cornucopia","hierophant:Doubloon"],"picked":"hierophant:Repentance","floor":4},{"not_picked":["hierophant:Remorse","hierophant:SolarFlare"],"picked":"hierophant:EyeForCoin","floor":5},{"not_picked":["hierophant:FaithHealing","hierophant:ArchangelShield"],"picked":"hierophant:DivineIntervention","floor":7},{"not_picked":["hierophant:Shelter","hierophant:Prophecy"],"picked":"hierophant:PassingBell","floor":8},{"not_picked":["hierophant:AuricBeam","hierophant:Zeal","hierophant:Smite"],"picked":"SKIP","floor":13},{"not_picked":["hierophant:SealAway","hierophant:Doubloon","hierophant:Encroach"],"picked":"SKIP","floor":14},{"not_picked":["hierophant:PassingBell+1","hierophant:FlamingChariot"],"picked":"hierophant:Shelter","floor":18}],"player_experience":60830,"relics_obtained":[{"floor":7,"key":"White Beast Statue"},{"floor":9,"key":"Pear"},{"floor":11,"key":"Odd Mushroom"},{"floor":14,"key":"Mercury Hourglass"}],"event_choices":[{"cards_removed":["hierophant:Strike_Hierophant"],"damage_healed":0,"gold_gain":0,"player_choice":"Offered Basic","damage_taken":0,"max_hp_gain":0,"max_hp_loss":0,"event_name":"Bonfire Elementals","floor":2,"gold_loss":0},{"damage_healed":0,"gold_gain":0,"player_choice":"Fought Mushrooms","damage_taken":0,"max_hp_gain":0,"max_hp_loss":0,"event_name":"Mushrooms","floor":11,"gold_loss":0},{"damage_healed":0,"gold_gain":0,"player_choice":"Shed Blood","damage_taken":21,"max_hp_gain":5,"max_hp_loss":0,"event_name":"Forgotten Altar","floor":20,"gold_loss":0},{"damage_healed":0,"gold_gain":0,"player_choice":"Ignored","damage_taken":0,"max_hp_gain":0,"max_hp_loss":0,"event_name":"Cursed Tome","floor":21,"gold_loss":0},{"cards_removed":["hierophant:Strike_Hierophant"],"damage_healed":0,"gold_gain":0,"player_choice":"Elegance","damage_taken":0,"max_hp_gain":0,"max_hp_loss":0,"event_name":"Back to Basics","floor":22,"gold_loss":0}],"is_beta":false,"boss_relics":[{"not_picked":["Runic Pyramid","Calling Bell"],"picked":"Cursed Key"}],"items_purged_floors":[],"is_endless":false,"potions_floor_spawned":[3,7,8,11,13,14,16,18],"killed_by":"Book of Stabbing","ascension_level":0}}