{"host":"v5au5eh5ych42xnd","time":1613726780,"event":{"mods":["AchievementEnabler","AlwaysNeverKeys","BaseMod","Better Altar","Better Third Choice","Better-Laid Plans","BetterRewards","Colored Map","Colored Powertips","Curses Come First","Defuse TimeMaze Blight","Emptier Cage","Googly Eyes","Halation","Infinite Spire","Minty Spire (QoL Compilation)","Permanent Neow","Quick Restart","Relic Stats","Reliquary","Replay The Spire","Shop Mod","StSLib","SuperFastMode","Synergy Search","everything is the same but u backflip on backflip","slay the spire mod where everything is the same but ironclad has a cowboy hat"],"gold_per_floor":[110,110,110,121,67,67,67,79,79,102,118,132,157,157,157,157,157],"floor_reached":16,"language":"ENG","playtime":656,"items_purged":[],"score":155,"play_id":"5bf9c8f7-66b4-4833-9687-2c33cc5a67e7","local_time":"20210219102620","is_ascension_mode":true,"campfire_choices":[{"data":"ReplayTheSpireMod:Strike From Hell","floor":6.0,"key":"SMITH"}],"circlet_count":0,"master_deck":["AscendersBane","Strike_R","Strike_R","Strike_R","Strike_R","Strike_R","Defend_R","Defend_R","Defend_R","Bash","ReplayTheSpireMod:Strike From Hell+1","Storm of Steel","Anger","True Grit","Shrug It Off","Dark Embrace+1","Run Through","Iron Wave","Shrug It Off"],"relics":["Burning Blood","halation:EternalFortune","Blood Vial","reliquary:RosewoodLute","Blue Doll","Odd Mushroom","Ice Cream","Ring of Peace","Ring of Fury"],"acts_visited":["Exordium"],"potions_floor_usage":[],"damage_taken":[{"damage":6.0,"enemies":"Cultist","floor":1.0,"turns":3.0},{"damage":10.0,"enemies":"2 Louse","floor":4.0,"turns":3.0},{"damage":0.0,"enemies":"Small Slimes","floor":8.0,"turns":3.0},{"damage":25.0,"enemies":"The Mushroom Lair","floor":10.0,"turns":5.0},{"damage":22.0,"enemies":"Exordium Wildlife","floor":11.0,"turns":4.0},{"damage":16.0,"enemies":"3 Louse","floor":12.0,"turns":4.0},{"damage":50.0,"enemies":"Lagavulin","floor":13.0,"turns":9.0},{"damage":46,"enemies":"The Guardian","floor":16,"turns":8}],"seed_played":"-5660966768378905608","potions_obtained":[{"floor":4.0,"key":"Elixir"},{"floor":10.0,"key":"BloodPotion"}],"is_trial":false,"path_per_floor":["M","?","?","M","$","R","?","M","T","?","M","M","E","?","R_BF","B"],"character_chosen":"IRONCLAD","items_purchased":["True Grit"],"campfire_rested":0,"item_purchase_floors":[5],"current_hp_per_floor":[72,75,70,68,68,68,68,76,76,59,45,37,11,11,35,0,0],"gold":157,"neow_bonus":"REMOVE_CARD","is_daily":false,"chose_seed":false,"campfire_upgraded":1,"win_rate":0.0,"timestamp":1613726780,"path_taken":["M","?","?","M","$","R","?","M","T","?","M","?","E","?","R_BF","BOSS"],"items_purchased_type":["Card"],"build_version":"2020-12-22","purchased_purges":0,"victory":false,"max_hp_per_floor":[80,83,83,83,83,83,83,83,83,83,83,83,83,83,83,83,83],"relic_stats":{"Blood Vial":14,"counters":[8,39],"obtain_stats":[{"Blood Vial":3,"Ice Cream":13,"Ring of Peace":14,"halation:EternalFortune":2,"Blue Doll":9,"Ring of Fury":14,"reliquary:RosewoodLute":7,"Odd Mushroom":10,"Burning Blood":0},{"Blood Vial":1,"Ice Cream":7,"Ring of Peace":7,"halation:EternalFortune":1,"Blue Doll":3,"Ring of Fury":7,"reliquary:RosewoodLute":2,"Odd Mushroom":4,"Burning Blood":0},{"Blood Vial":3,"Ice Cream":31,"Ring of Peace":31,"halation:EternalFortune":3,"Blue Doll":9,"Ring of Fury":31,"reliquary:RosewoodLute":6,"Odd Mushroom":14,"Burning Blood":0}],"Burning Blood":42},"card_choices":[{"not_picked":["Clothesline","Cleave"],"picked":"ReplayTheSpireMod:Strike From Hell","floor":1.0},{"not_picked":["Bloodletting","infinitespire:OneForAll"],"picked":"Anger","floor":4.0},{"not_picked":["Heavy Blade","Blood for Blood"],"picked":"Shrug It Off","floor":8.0},{"not_picked":["Armaments","Body Slam"],"picked":"Dark Embrace","floor":10.0},{"not_picked":["Havoc","Perfected Strike"],"picked":"Run Through","floor":11.0},{"not_picked":["Sword Boomerang","Armaments"],"picked":"Iron Wave","floor":12.0},{"not_picked":["Clash","Defy Death"],"picked":"Shrug It Off","floor":13.0}],"player_experience":774761,"relics_obtained":[{"floor":7.0,"key":"reliquary:RosewoodLute"},{"floor":9.0,"key":"Blue Doll"},{"floor":10.0,"key":"Odd Mushroom"},{"floor":13.0,"key":"Ice Cream"},{"floor":14.0,"key":"Ring of Peace"},{"floor":14.0,"key":"Ring of Fury"}],"event_choices":[{"damage_healed":0.0,"max_hp_gain":0.0,"max_hp_loss":0.0,"gold_gain":0.0,"event_name":"Mushrooms","player_choice":"Fought Mushrooms","floor":10.0,"gold_loss":0.0,"damage_taken":0.0}],"is_beta":false,"boss_relics":[],"items_purged_floors":[],"is_endless":false,"potions_floor_spawned":[4,10,11],"killed_by":"The Guardian","ascension_level":11}}