{"host":"Kubo","time":1613766910,"event":{"mods":["BaseMod","Downfall","Minty Spire (QoL Compilation)","Replay The Spire","StSLib"],"gold_per_floor":[12,12,87,104,104,129,54,82,82,111,111,163,163,178,178,277,277,295,295,295,309,309,344,354,354,354,354,364,364,393,411,411,506,506,526,576,576,576,586,586,597,625,679,706,729,768,790,3,3,3],"floor_reached":51,"language":"ENG","playtime":1669,"items_purged":["Strike_R","Strike_R"],"score":1522,"play_id":"784b6311-5556-4622-8bef-de0bc5a76a97","local_time":"20210219213510","is_ascension_mode":true,"campfire_choices":[{"floor":11,"key":"REST"},{"data":"Limit Break","floor":13,"key":"SMITH"},{"data":"Infernal Blade","floor":15,"key":"SMITH"},{"data":"Sword Boomerang","floor":25,"key":"SMITH"},{"data":"Limit Break","floor":27,"key":"SMITH"},{"data":"Pummel","floor":40,"key":"SMITH"},{"data":"Impervious","floor":49,"key":"SMITH"}],"circlet_count":0,"master_deck":["Strike_R","Defend_R","Defend_R","Defend_R","Defend_R","Bash+1","Sword Boomerang+1","downfall:Haunted","Decay","Replay:Many Hands","Infernal Blade+1","Pummel+1","Limit Break+1","Twin Strike+1","Sentinel","Limit Break+1","Hallucinations","Pummel+1","Flex+1","Sword Boomerang+1","Offering+1","Hallucinations","Twin Strike+1","Thunderclap+1","Cleave+1","Whirlwind+1","Twin Strike+1","Heavy Blade+1","Thunderclap+1","Reaper+1","Twin Strike+1","Sentinel+1","Twin Strike+1","Pummel+1","Impervious+1","Flame Barrier+1","Twin Strike+1","Mind Blast+1","downfall:Icky"],"relics":["Burning Blood","Durian","Du-Vu Doll","Pondfish Scales","Prayer Wheel","Gambling Chip","Molten Egg 2","Strawberry","Replay:Grab Bag","bronze:MakeshiftBattery","ReplayTheSpireMod:DimensionalGlitch","Astrolabe","Bottled Lightning","MutagenicStrength","Pen Nib","Replay:Accelerometer","Ornamental Fan","The Courier","Coffee Dripper","Ring of Greed","Membership Card","Smiling Mask","Ring of Peace","Onion Ring","Eternal Feather","MawBank","White Beast Statue","Lee\u0027s Waffle","Letter Opener","Golden Egg","Snack Pack","Replay:PocketPolymizer","Bag of Marbles","FossilizedHelix","Boot"],"acts_visited":["Exordium","TheCity","TheBeyond"],"potions_floor_usage":[6,33,50,50],"damage_taken":[{"damage":5,"enemies":"Small Slimes","floor":1,"turns":4},{"damage":0,"enemies":"2 Louse","floor":4,"turns":2},{"damage":12,"enemies":"Gremlin Nob","floor":6,"turns":3},{"damage":41,"enemies":"3 Sentries","floor":8,"turns":8},{"damage":21,"enemies":"Lagavulin","floor":10,"turns":4},{"damage":0,"enemies":"Cultist","floor":14,"turns":2},{"damage":28,"enemies":"Fading Forest","floor":16,"turns":11},{"damage":2,"enemies":"Chosen","floor":18,"turns":2},{"damage":0,"enemies":"2 Thieves","floor":21,"turns":2},{"damage":15,"enemies":"Slavers","floor":23,"turns":3},{"damage":9,"enemies":"Snake Plant","floor":24,"turns":1},{"damage":0,"enemies":"Snecko","floor":28,"turns":1},{"damage":0,"enemies":"Gremlin Leader","floor":30,"turns":2},{"damage":0,"enemies":"Sentry and Sphere","floor":31,"turns":1},{"damage":11,"enemies":"Pondfish","floor":33,"turns":3},{"damage":9,"enemies":"Orb Walker","floor":35,"turns":1},{"damage":0,"enemies":"3 Shapes","floor":39,"turns":1},{"damage":0,"enemies":"Jaw Worm Horde","floor":41,"turns":1},{"damage":0,"enemies":"Nemesis","floor":42,"turns":1},{"damage":0,"enemies":"Spire Growth","floor":44,"turns":1},{"damage":6,"enemies":"4 Shapes","floor":45,"turns":3},{"damage":0,"enemies":"Reptomancer","floor":46,"turns":2},{"damage":0,"enemies":"Sphere and 2 Shapes","floor":47,"turns":1},{"damage":0,"enemies":"Time Eater","floor":50,"turns":2}],"seed_played":"1334987403861946023","potions_obtained":[{"floor":1,"key":"LiquidMemories"},{"floor":16,"key":"Ancient Potion"},{"floor":23,"key":"SkillPotion"},{"floor":28,"key":"Doom Potion"},{"floor":41,"key":"LiquidBronze"},{"floor":42,"key":"EssenceOfSteel"},{"floor":44,"key":"SteroidPotion"}],"is_trial":false,"path_per_floor":["M","?","?","M","?","E","$","E","T","E","R","T","R","M","R","B",null,"M","T","?","M","?","E","M","R","T","R","M","?","E","M","R","B",null,"M","?","?","?","M","R","M","E","T","M","M","E","M","$","R","B",null],"character_chosen":"IRONCLAD","items_purchased":["Mind Blast+1","Lee\u0027s Waffle","Letter Opener","Golden Egg","Snack Pack","Replay:PocketPolymizer","Bag of Marbles","FossilizedHelix","Boot"],"campfire_rested":1,"item_purchase_floors":[48,48,48,48,48,48,48,48,48],"current_hp_per_floor":[85,85,74,80,80,74,74,39,39,24,49,56,56,62,62,64,92,92,92,92,92,92,80,74,74,74,74,77,77,80,83,92,84,92,86,86,86,86,89,89,92,92,92,92,89,92,92,99,99,99],"gold":3,"neow_bonus":"ONE_RARE_RELIC","is_daily":false,"chose_seed":false,"campfire_upgraded":6,"win_rate":0.0,"timestamp":1613766910,"path_taken":["M","?","?","M","?","E","$","E","T","E","R","?","R","?","R","BOSS","M","?","?","M","?","E","?","R","T","R","M","?","E","M","R","BOSS","M","?","?","?","M","R","M","E","T","M","M","E","?","$","R","BOSS"],"items_purchased_type":["Card","Relic","Relic","Relic","Relic","Relic","Relic","Relic","Relic"],"build_version":"2020-12-18","purchased_purges":2,"victory":true,"max_hp_per_floor":[85,85,85,85,85,85,85,85,85,85,85,92,92,92,92,92,92,92,92,92,92,92,92,92,92,92,92,92,92,92,92,92,92,92,92,92,92,92,92,92,92,92,92,92,92,92,92,99,99,99],"card_choices":[{"not_picked":["Bloodletting","ReplayReversal"],"picked":"Sword Boomerang","floor":1},{"not_picked":["Body Slam","Warcry","Clothesline"],"picked":"SKIP","floor":4},{"not_picked":["Replay:Undeath\u0027s Touch","True Grit"],"picked":"Infernal Blade","floor":6},{"not_picked":["Shockwave","Sever Soul"],"picked":"Pummel","floor":8},{"not_picked":["ReplayTheSpireMod:Stacked","Clothesline+1"],"picked":"Limit Break","floor":10},{"not_picked":["Searing Blow+1","Second Wind"],"picked":"Twin Strike+1","floor":14},{"not_picked":["Clash+1","Flex"],"picked":"Sentinel","floor":14},{"not_picked":["Exhume","Demon Form"],"picked":"Limit Break","floor":16},{"not_picked":["Anger+1","Abandon"],"picked":"Feel No Pain+1","floor":18},{"not_picked":["Evolve","Headbutt+1"],"picked":"Sword Boomerang+1","floor":18},{"not_picked":["ReplayTheSpireMod:Strike From Hell+1","Flex"],"picked":"Offering","floor":21},{"not_picked":["Run Through+1","Combust","Pommel Strike+1"],"picked":"SKIP","floor":21},{"not_picked":["Blood for Blood+1","Hemogenesis+1","ReplayReversal"],"picked":"SKIP","floor":23},{"not_picked":["Blood for Blood+1","Warcry"],"picked":"Twin Strike+1","floor":24},{"not_picked":["ReplayTheSpireMod:Strike From Hell+1","Pommel Strike+1","Dual Wield"],"picked":"SKIP","floor":24},{"not_picked":["Flex","Flame Barrier"],"picked":"Thunderclap+1","floor":28},{"not_picked":["ReplayTheSpireMod:Muscle Training","Armaments"],"picked":"Cleave+1","floor":28},{"not_picked":["Spot Weakness","Anger+1"],"picked":"Whirlwind+1","floor":30},{"not_picked":["Rupture","Pummel+1"],"picked":"Twin Strike+1","floor":31},{"not_picked":["Whirlwind+1","Armaments+1"],"picked":"Heavy Blade+1","floor":31},{"not_picked":["Wild Strike+1","Life Link+1","Combust+1"],"picked":"SKIP","floor":35},{"not_picked":["Heavy Blade+1","Anger+1","Body Slam+1"],"picked":"SKIP","floor":35},{"not_picked":["Replay:Undeath\u0027s Touch+1","Iron Wave+1"],"picked":"Thunderclap+1","floor":39},{"not_picked":["Body Slam+1","Power Through","ReplayTheSpireMod:Stacked+1"],"picked":"SKIP","floor":39},{"not_picked":["Iron Wave+1","Clothesline+1"],"picked":"Reaper+1","floor":41},{"not_picked":["Massacre+1","Havoc"],"picked":"Twin Strike+1","floor":41},{"not_picked":["Massacre+1","Carnage+1"],"picked":"Sentinel+1","floor":42},{"not_picked":["Pommel Strike+1","Clash+1"],"picked":"Twin Strike+1","floor":44},{"not_picked":["Clash+1","Sentinel"],"picked":"Pummel+1","floor":44},{"not_picked":["True Grit","Warcry"],"picked":"Impervious","floor":45},{"not_picked":["Burning Pact","Intimidate","Heavy Blade+1"],"picked":"SKIP","floor":45},{"not_picked":["Heavy Blade+1","Anger+1"],"picked":"Flame Barrier+1","floor":46},{"not_picked":["Wild Strike+1","Havoc+1"],"picked":"Twin Strike+1","floor":47},{"not_picked":["Pommel Strike+1","Perfected Strike+1","ReplayTheSpireMod:Limb From Limb+1"],"picked":"SKIP","floor":47}],"player_experience":542748,"relics_obtained":[{"floor":6,"key":"Pondfish Scales"},{"floor":8,"key":"Prayer Wheel"},{"floor":9,"key":"Gambling Chip"},{"floor":10,"key":"Molten Egg 2"},{"floor":12,"key":"Strawberry"},{"floor":19,"key":"Bottled Lightning"},{"floor":23,"key":"Pen Nib"},{"floor":26,"key":"Replay:Accelerometer"},{"floor":30,"key":"The Courier"},{"floor":36,"key":"Ring of Greed"},{"floor":36,"key":"Membership Card"},{"floor":36,"key":"Smiling Mask"},{"floor":36,"key":"Ring of Peace"},{"floor":42,"key":"Eternal Feather"},{"floor":43,"key":"MawBank"},{"floor":46,"key":"White Beast Statue"}],"event_choices":[{"damage_healed":0,"gold_gain":0,"player_choice":"Grow","damage_taken":0,"max_hp_gain":0,"max_hp_loss":0,"event_name":"Living Wall","floor":2,"gold_loss":0,"cards_upgraded":["Bash"]},{"damage_healed":0,"gold_gain":75,"player_choice":"Gather Gold","damage_taken":11,"max_hp_gain":0,"max_hp_loss":0,"event_name":"World of Goop","floor":3,"gold_loss":0},{"damage_healed":0,"gold_gain":0,"player_choice":"Inject Mutagens","damage_taken":0,"relics_obtained":["MutagenicStrength"],"max_hp_gain":0,"max_hp_loss":0,"event_name":"Drug Dealer","floor":20,"gold_loss":0},{"damage_healed":0,"gold_gain":0,"player_choice":"Copied","damage_taken":0,"max_hp_gain":0,"max_hp_loss":0,"event_name":"Duplicator","floor":22,"gold_loss":0,"cards_obtained":["Hallucinations"]},{"damage_healed":0,"gold_gain":0,"player_choice":"Opened","damage_taken":0,"relics_obtained":["Ornamental Fan"],"max_hp_gain":0,"max_hp_loss":0,"event_name":"The Mausoleum","floor":29,"gold_loss":0},{"cards_removed":["Feel No Pain"],"damage_healed":0,"gold_gain":0,"player_choice":"Removed Power","damage_taken":0,"max_hp_gain":0,"max_hp_loss":0,"event_name":"Falling","floor":37,"gold_loss":0},{"damage_healed":0,"gold_gain":0,"player_choice":"Gave Potion","damage_taken":0,"relics_obtained":["Onion Ring"],"max_hp_gain":0,"max_hp_loss":0,"event_name":"WeMeetAgain","floor":38,"gold_loss":0}],"is_beta":true,"boss_relics":[{"not_picked":["Sozu","SacredBark"],"picked":"Replay:Grab Bag"},{"not_picked":["Painkiller Herb","Busted Crown"],"picked":"bronze:MakeshiftBattery"},{"not_picked":["Ectoplasm","Velvet Choker"],"picked":"ReplayTheSpireMod:DimensionalGlitch"},{"not_picked":["Replay:Drink Me","Snecko Eye"],"picked":"Astrolabe"},{"not_picked":["Empty Cage","Runic Dome"],"picked":"Coffee Dripper"}],"items_purged_floors":[7,48],"is_endless":false,"potions_floor_spawned":[1,16,23,28,41,42,44,46,47],"ascension_level":1}}