{"host":"en4narc5947t7k9n","time":1613757328,"event":{"mods":["AchievementEnabler","BaseMod","Colored Map","Minty Spire (QoL Compilation)","SuperFastMode"],"gold_per_floor":[111,127,127,140,150,166,166,186,186,186,361,371,141,172,172,172,172],"floor_reached":16,"language":"KOR","playtime":740,"items_purged":["Doubt"],"score":104,"play_id":"0cd9dff0-4fa9-431b-a5d1-f9a98d6f46e5","local_time":"20210220025528","is_ascension_mode":false,"campfire_choices":[{"floor":7,"key":"RECALL"},{"data":"Self Repair","floor":10,"key":"SMITH"},{"data":"Judgement","floor":15,"key":"SMITH"}],"circlet_count":0,"master_deck":["Strike_B","Strike_B","Strike_B","Strike_B","Defend_B","Defend_B","Defend_B","Defend_B","Zap","Dualcast","Auto Shields","Ball Lightning","Genetic Algorithm","Coolheaded","Self Repair+1","Gash","Judgement+1"],"relics":["Cracked Core","NeowsBlessing","MealTicket","PrismaticShard","Blue Candle"],"acts_visited":["Exordium"],"potions_floor_usage":[14,16],"damage_taken":[{"damage":0,"enemies":"2 Louse","floor":1,"turns":1},{"damage":0,"enemies":"Cultist","floor":2,"turns":1},{"damage":0,"enemies":"Jaw Worm","floor":4,"turns":1},{"damage":1,"enemies":"3 Louse","floor":5,"turns":4},{"damage":6,"enemies":"Large Slime","floor":6,"turns":5},{"damage":0,"enemies":"2 Fungi Beasts","floor":8,"turns":4},{"damage":4,"enemies":"Exordium Wildlife","floor":12,"turns":4},{"damage":24,"enemies":"3 Sentries","floor":14,"turns":7},{"damage":62,"enemies":"The Guardian","floor":16,"turns":10}],"seed_played":"1943006273426615651","potions_obtained":[{"floor":4,"key":"SpeedPotion"},{"floor":5,"key":"Weak Potion"},{"floor":8,"key":"SkillPotion"}],"is_trial":false,"path_per_floor":["M","M","?","M","M","M","R","M","T","R","?","M","$","E","R","B"],"character_chosen":"DEFECT","items_purchased":["PrismaticShard"],"campfire_rested":0,"item_purchase_floors":[13],"current_hp_per_floor":[75,75,75,75,74,68,68,68,68,68,68,74,75,61,61,0,0],"gold":172,"neow_bonus":"THREE_ENEMY_KILL","is_daily":false,"chose_seed":false,"campfire_upgraded":2,"win_rate":0.0,"timestamp":1613757328,"path_taken":["M","M","?","?","M","M","R","M","T","R","?","M","$","E","R","BOSS"],"items_purchased_type":["Relic"],"build_version":"2020-12-22","purchased_purges":1,"victory":false,"max_hp_per_floor":[75,75,75,75,75,75,75,75,75,75,75,75,75,75,75,75,75],"card_choices":[{"not_picked":["Cold Snap","Hologram"],"picked":"Auto Shields","floor":1},{"not_picked":["Glacier","Force Field"],"picked":"Leap","floor":2},{"not_picked":["Turbo","Scrape"],"picked":"Ball Lightning","floor":4},{"not_picked":["Glacier","Rebound"],"picked":"Genetic Algorithm","floor":5},{"not_picked":["Hello World","Cold Snap"],"picked":"Coolheaded","floor":6},{"not_picked":["Stack","Beam Cell"],"picked":"Self Repair","floor":8},{"not_picked":["Streamline","Cold Snap"],"picked":"Gash","floor":12},{"not_picked":["Slice","Battle Trance"],"picked":"Judgement","floor":14}],"player_experience":90732,"relics_obtained":[{"floor":14,"key":"Blue Candle"}],"event_choices":[{"cards_removed":["Leap"],"damage_healed":0,"gold_gain":0,"player_choice":"Gave Card","damage_taken":0,"relics_obtained":["MealTicket"],"max_hp_gain":0,"max_hp_loss":0,"event_name":"WeMeetAgain","floor":3,"gold_loss":0},{"damage_healed":0,"gold_gain":175,"player_choice":"AGREE","damage_taken":0,"max_hp_gain":0,"max_hp_loss":0,"event_name":"Liars Game","floor":11,"gold_loss":0,"cards_obtained":["Doubt"]}],"is_beta":false,"boss_relics":[],"items_purged_floors":[13],"is_endless":false,"potions_floor_spawned":[4,5,8],"killed_by":"The Guardian","ascension_level":0}}