{"host":"cpsutu8lprjuipd6","time":1613729985,"event":{"mods":["BaseMod","Colored Map","Minty Spire (QoL Compilation)","Permanent Neow","Quick Restart","StSLib","SuperFastMode","The Bug Knight","Together in Spire"],"gold_per_floor":[114,114,128,128,148,148,158,158,181,181,201,201,126,153,153,153,153],"floor_reached":16,"language":"KOR","playtime":819,"items_purged":["Strike_R"],"score":105,"play_id":"4e7a865d-ece6-495a-9fff-12eabc3e6e6d","local_time":"20210219191945","is_ascension_mode":true,"campfire_choices":[{"floor":6,"key":"RECALL"},{"data":"Bash","floor":10,"key":"SMITH"},{"floor":15,"key":"REST"}],"circlet_count":0,"master_deck":["Strike_R","Strike_R","Strike_R","Defend_R","Defend_R","Defend_R","Defend_R","Bash+1","Dual Wield"],"relics":["SlaversCollar","Akabeko","Regal Pillow"],"acts_visited":["Exordium"],"potions_floor_usage":[7,16],"damage_taken":[{"damage":4,"enemies":"Jaw Worm","floor":1,"turns":5},{"damage":1,"enemies":"Cultist","floor":3,"turns":3},{"damage":1,"enemies":"2 Louse","floor":5,"turns":5},{"damage":5,"enemies":"Looter","floor":7,"turns":4},{"damage":7,"enemies":"2 Fungi Beasts","floor":11,"turns":5},{"damage":42,"enemies":"3 Sentries","floor":14,"turns":13},{"damage":48,"enemies":"Slime Boss","floor":16,"turns":9}],"seed_played":"4250862747304717730","potions_obtained":[{"floor":2,"key":"Dexterity Potion"},{"floor":2,"key":"LiquidBronze"},{"floor":2,"key":"FearPotion"},{"floor":5,"key":"EssenceOfSteel"}],"is_trial":false,"path_per_floor":["M","?","M","?","M","R","M","?","T","R","M","?","$","E","R","B"],"character_chosen":"IRONCLAD","items_purchased":[],"campfire_rested":1,"item_purchase_floors":[],"current_hp_per_floor":[76,76,75,80,79,79,74,74,74,74,67,67,67,25,65,17,17],"gold":153,"neow_bonus":"BOSS_RELIC","is_daily":false,"chose_seed":false,"campfire_upgraded":1,"win_rate":0.0,"timestamp":1613729985,"path_taken":["M","?","?","?","M","R","M","?","T","R","M","?","$","E","R","BOSS"],"items_purchased_type":[],"build_version":"2020-12-22","purchased_purges":1,"victory":false,"max_hp_per_floor":[80,80,80,85,85,85,85,85,85,85,85,85,85,85,85,85,85],"card_choices":[{"not_picked":["Armaments","Sword Boomerang","Dark Embrace"],"picked":"SKIP","floor":1},{"not_picked":["Headbutt","Heavy Blade","Intimidate"],"picked":"SKIP","floor":3},{"not_picked":["Perfected Strike","True Grit","Fire Breathing"],"picked":"SKIP","floor":5},{"not_picked":["True Grit","Body Slam","Havoc"],"picked":"SKIP","floor":7},{"not_picked":["Bloodletting","Heavy Blade"],"picked":"Dual Wield","floor":11},{"not_picked":["Sword Boomerang","Combust","Warcry"],"picked":"SKIP","floor":14}],"player_experience":118786,"relics_obtained":[{"floor":9,"key":"Akabeko"},{"floor":14,"key":"Regal Pillow"}],"event_choices":[{"damage_healed":0,"gold_gain":0,"player_choice":"Got Potions","damage_taken":0,"max_hp_gain":0,"max_hp_loss":0,"event_name":"Lab","floor":2,"gold_loss":0},{"damage_healed":0,"gold_gain":0,"player_choice":"Donut","damage_taken":0,"max_hp_gain":5,"max_hp_loss":0,"event_name":"Big Fish","floor":4,"gold_loss":0},{"damage_healed":0,"gold_gain":0,"player_choice":"Ignored","damage_taken":0,"max_hp_gain":0,"max_hp_loss":0,"event_name":"Liars Game","floor":8,"gold_loss":0},{"cards_removed":["Strike_R"],"damage_healed":0,"gold_gain":0,"player_choice":"Forget","damage_taken":0,"max_hp_gain":0,"max_hp_loss":0,"event_name":"Living Wall","floor":12,"gold_loss":0}],"is_beta":false,"boss_relics":[],"items_purged_floors":[13],"is_endless":false,"potions_floor_spawned":[3,5],"killed_by":"Slime Boss","ascension_level":1}}