{"host":"8g24zuco0epbjwbo","time":1613710199,"event":{"mods":["Act Like it!","Aspiration","Bard","BaseMod","Beaked The Cultist","Hermit","Hubris","Infinite Spire","Minty Spire (QoL Compilation)","Relic Stats","Reliquary","Replay The Spire","Small Relic Pack","Spire Arcade","StSLib","The Blue Laboratory","The Construct","The IronCluck","The Judge","The Jungle","The Runesmith","[IsaacMod]????"],"gold_per_floor":[117,200,216,216,216,245,245,257,257,290,304,304,337,349,349,349,349],"floor_reached":16,"language":"ENG","playtime":627,"items_purged":[],"score":126,"play_id":"07a1dda2-a121-4309-b755-e6d0012a10aa","local_time":"20210218234959","is_ascension_mode":true,"campfire_choices":[{"floor":15,"key":"DIG"}],"circlet_count":0,"master_deck":["Strike_G","Strike_G","Strike_G","Strike_G","Strike_G","Defend_G","Defend_G","Defend_G","Defend_G","Defend_G","Survivor","Neutralize","Venomology","Dagger Spray","Bouncing Flask+1","Blade Dance+1","Bomb","Noxious Fumes","Runesmith:Fortify+1","Distraction+1"],"relics":["Ring of the Snake","HushsDoor","m_RuneBlood","Void","Toxic Egg 2","infinitespire:BottledMercury","Bottled Lightning","reliquary:Pushpin","Snake Skull","reliquary:TatteredRug"],"acts_visited":["Exordium"],"potions_floor_usage":[6,8,10,10,11,11,13,16,16],"damage_taken":[{"damage":0,"enemies":"2 Louse","floor":1,"turns":4},{"damage":0,"enemies":"Cultist","floor":3,"turns":5},{"damage":24,"enemies":"Gremlin Nob","floor":6,"turns":5},{"damage":6,"enemies":"Jaw Worm","floor":8,"turns":4},{"damage":26,"enemies":"Lagavulin","floor":10,"turns":4},{"damage":0,"enemies":"Looter","floor":11,"turns":3},{"damage":6,"enemies":"Gremlin Nob","floor":13,"turns":4},{"damage":1,"enemies":"3 Louse","floor":14,"turns":2},{"damage":16,"enemies":"Slime Boss","floor":16,"turns":4}],"seed_played":"5075454722152924866","potions_obtained":[{"floor":1,"key":"blueLaboratory:ArtificerPotion"},{"floor":6,"key":"SteroidPotion"},{"floor":10,"key":"blueLaboratory:HorrorPotion"}],"is_trial":false,"path_per_floor":["M","?","M","?","?","E","?","M","T","E","M","T","E","M","R","B"],"character_chosen":"THE_SILENT","items_purchased":[],"campfire_rested":0,"item_purchase_floors":[],"current_hp_per_floor":[70,55,58,58,58,37,37,34,34,12,15,15,12,14,14,0,0],"gold":349,"neow_bonus":"NOSTALGIA","is_daily":false,"chose_seed":false,"campfire_upgraded":0,"win_rate":0.0,"timestamp":1613710199,"path_taken":["M","?","M","?","?","E","?","M","T","E","M","?","E","M","R","BOSS"],"items_purchased_type":[],"build_version":"2020-12-22","purchased_purges":0,"victory":false,"max_hp_per_floor":[70,70,70,70,70,70,70,70,70,70,70,70,70,70,70,70,70],"relic_stats":{"counters":[9,35],"Snake Skull":[12],"obtain_stats":[{"KeepersGift":0,"infinitespire:BottledMercury":6,"PunchingBag":13,"aspiration:Nostalgia":0,"Snake Skull":12,"reliquary:TatteredRug":15,"reliquary:Pushpin":10,"relicPack:OneForAll":7,"Bottled Lightning":9,"Void":0,"Toxic Egg 2":4,"HushsDoor":0,"Ring of the Snake":0,"m_RuneBlood":0},{"KeepersGift":0,"infinitespire:BottledMercury":3,"PunchingBag":7,"aspiration:Nostalgia":0,"Snake Skull":6,"reliquary:TatteredRug":8,"reliquary:Pushpin":5,"relicPack:OneForAll":3,"Bottled Lightning":4,"Void":0,"Toxic Egg 2":2,"HushsDoor":0,"Ring of the Snake":0,"m_RuneBlood":0},{"KeepersGift":0,"infinitespire:BottledMercury":14,"PunchingBag":29,"aspiration:Nostalgia":0,"Snake Skull":25,"reliquary:TatteredRug":31,"reliquary:Pushpin":22,"relicPack:OneForAll":14,"Bottled Lightning":18,"Void":0,"Toxic Egg 2":9,"HushsDoor":0,"Ring of the Snake":0,"m_RuneBlood":0}],"Ring of the Snake":[18]},"card_choices":[{"not_picked":["Quick Slash","ReplayTheSpireMod:The Works"],"picked":"Venomology","floor":1},{"not_picked":["Searing Blow","Headbutt"],"picked":"Dagger Spray","floor":3},{"not_picked":["Quick Slash","Acrobatics+1"],"picked":"Bouncing Flask+1","floor":6},{"not_picked":["Concentrate+1","Escape Plan+1"],"picked":"Blade Dance+1","floor":8},{"not_picked":["Bane","Expertise+1"],"picked":"Bomb","floor":10},{"not_picked":["Endless Agony","Choke"],"picked":"Noxious Fumes","floor":11},{"not_picked":["hubris:TrickCloak+1","Concentrate+1"],"picked":"Runesmith:Fortify+1","floor":13},{"not_picked":["Runesmith:ShiftingStrike","ReplayTheSpireMod:Shiv Toss+1"],"picked":"Distraction+1","floor":14}],"player_experience":431451,"relics_obtained":[{"floor":6,"key":"infinitespire:BottledMercury"},{"floor":9,"key":"Bottled Lightning"},{"floor":10,"key":"reliquary:Pushpin"},{"floor":12,"key":"Snake Skull"},{"floor":13,"key":"PunchingBag"},{"floor":15,"key":"reliquary:TatteredRug"}],"event_choices":[{"cards_removed":["Injury"],"damage_healed":0,"gold_gain":0,"player_choice":"Forget","damage_taken":0,"max_hp_gain":0,"max_hp_loss":0,"event_name":"Living Wall","floor":5,"gold_loss":0}],"is_beta":false,"boss_relics":[],"items_purged_floors":[],"is_endless":false,"potions_floor_spawned":[1,6,10],"killed_by":"Slime Boss","ascension_level":1}}