{"host":"wqsqub3crsxqknzv","time":1613749906,"event":{"mods":["BaseMod","Colored Powertips","Lobotomy","LobotomyExtend","Minty Spire (QoL Compilation)","StSLib"],"gold_per_floor":[112,112,187,187,25,56,56,74,74,74,99,118,137,172,172,248,248,260,310,193,213,213,242,242,271,271,271,303,320,132,146,146,221,221,240,240,240,253,264,296,314,314,314,314,314,330,348,348,348,348,348],"floor_reached":52,"playtime":1790,"items_purged":["TodaysExpression","Funeral"],"score":2166,"play_id":"f1232c38-6743-4d27-94e6-d3b4df429763","local_time":"20210219175146","is_ascension_mode":true,"campfire_choices":[],"circlet_count":0,"master_deck":["WhiteNight","BlueStar","QueenOfHatred","LongBird","Woodsman","SpecialBullet","SpecialBullet","SpecialBullet","SpecialBullet","SpecialBullet","SpecialBullet","SpecialBullet","SpecialBullet","HereticApostle","TrainingCode","CentralCode","WristCuter","Diffraction+1","ScreamingWedge+1","Logging","GreenStem","FeatherOfHonor","Hornet+1","WallGazer","LifeForTheDareDevil","RecordCode"],"relics":["CogitoBucket","RabbitCall","LetterFromLob","Regal Pillow","Omamori","Mercury Hourglass","Pear","Kunai","TreeSap","MealTicket","Coffee Dripper","MutagenicStrength","SolemnVow_r","Logging_r","Bottled Flame","Vajra","Matryoshka","Blue Candle","FossilizedHelix","AdjustmentMirror","Snecko Eye","Justitia_r","Potion Belt","InTheNameOfLoveAndHate_r","War Paint","Bottled Lightning","Twilight","SoundOfStar_r","DeathAngel"],"acts_visited":["Exordium","TheCity","TheBeyond"],"potions_floor_usage":[13,14,48,48],"damage_taken":[{"damage":19,"enemies":"2 Louse","floor":1,"turns":3},{"damage":3,"enemies":"Lagavulin","floor":6,"turns":3},{"damage":13,"enemies":"Small Slimes","floor":8,"turns":2},{"damage":34,"enemies":"Gremlin Nob","floor":11,"turns":4},{"damage":13,"enemies":"Jaw Worm","floor":12,"turns":2},{"damage":15,"enemies":"Exordium Wildlife","floor":13,"turns":3},{"damage":20,"enemies":"Lagavulin","floor":14,"turns":5},{"damage":45,"enemies":"Hexaghost","floor":16,"turns":7},{"damage":21,"enemies":"3 Byrds","floor":18,"turns":5},{"damage":13,"enemies":"Spheric Guardian","floor":21,"turns":4},{"damage":30,"enemies":"Gremlin Leader","floor":23,"turns":6},{"damage":24,"enemies":"Book of Stabbing","floor":25,"turns":2},{"damage":34,"enemies":"Slavers","floor":28,"turns":3},{"damage":39,"enemies":"Centurion and Healer","floor":29,"turns":4},{"damage":0,"enemies":"Shelled Parasite and Fungi","floor":31,"turns":2},{"damage":65,"enemies":"Collector","floor":33,"turns":4},{"damage":7,"enemies":"3 Shapes","floor":35,"turns":2},{"damage":14,"enemies":"3 Darklings","floor":38,"turns":5},{"damage":0,"enemies":"Spire Growth","floor":39,"turns":2},{"damage":0,"enemies":"Nemesis","floor":40,"turns":1},{"damage":30,"enemies":"Maw","floor":41,"turns":4},{"damage":42,"enemies":"Reptomancer","floor":44,"turns":4},{"damage":0,"enemies":"3 Darklings","floor":46,"turns":2},{"damage":0,"enemies":"Sphere and 2 Shapes","floor":47,"turns":2},{"damage":87,"enemies":"4 Shapes","floor":48,"turns":7},{"damage":30,"enemies":"Donu and Deca","floor":50,"turns":5},{"damage":58,"enemies":"Awakened One","floor":51,"turns":4},{"damage":46,"enemies":"Malkuth","floor":52,"turns":3},{"damage":26,"enemies":"Hod","floor":52,"turns":3}],"seed_played":"-7820167654235567783","potions_obtained":[{"floor":1,"key":"Explosive Potion"},{"floor":12,"key":"LiquidMemories"},{"floor":16,"key":"PowerPotion"},{"floor":18,"key":"DistilledChaos"},{"floor":46,"key":"SkillPotion"},{"floor":47,"key":"BlessingOfTheForge"},{"floor":48,"key":"FearPotion"}],"is_trial":false,"path_per_floor":["M","?","?","?","$","E","R","M","T","R","E","M","M","E","R","B",null,"M","?","$","M","?","E","R","E","T","?","E","M","$","M","R","B",null,"M","?","?","M","M","E","M","R","T","E","R","M","M","M","R","B","B",null],"character_chosen":"Angela","items_purchased":["Omamori","FeatherOfHonor","LifeForTheDareDevil"],"campfire_rested":0,"item_purchase_floors":[5,20,30],"current_hp_per_floor":[52,52,41,30,30,35,35,37,47,47,33,44,67,80,80,77,80,80,80,80,80,80,80,80,80,80,80,80,80,80,80,80,33,71,79,80,90,90,90,90,62,72,82,48,58,90,90,1,1,80,128],"gold":348,"neow_bonus":"THREE_CARDS","is_daily":false,"chose_seed":false,"campfire_upgraded":0,"win_rate":0.0,"timestamp":1613749906,"path_taken":["M","?","?","?","?","E","R","M","T","R","E","M","M","E","R","BOSS","M","?","$","?","?","E","R","E","T","?","E","M","$","M","R","BOSS","M","?","?","M","?","E","?","R","T","E","R","M","M","M","R","BOSS","BOSS"],"items_purchased_type":["Relic","Card","Card"],"build_version":"2020-11-29","purchased_purges":2,"victory":true,"max_hp_per_floor":[70,70,70,70,70,70,70,70,80,80,80,80,80,80,80,80,80,80,80,80,80,80,80,80,80,80,80,80,80,80,80,80,80,80,80,80,90,90,90,90,90,90,90,90,90,90,90,90,180,180,180],"card_choices":[{"not_picked":["VoidDream","MHz"],"picked":"PunishingBird","floor":1},{"not_picked":["Regret_ego","TodaysExpression"],"picked":"SKIP","floor":1},{"not_picked":["Christmas"],"picked":"TodaysExpression","floor":6},{"not_picked":["Harvest"],"picked":"WristCuter","floor":8},{"not_picked":["ShyLook","BeautyBeast"],"picked":"Woodsman","floor":11},{"not_picked":["Horn"],"picked":"Diffraction","floor":11},{"not_picked":["Soda"],"picked":"ScreamingWedge","floor":12},{"not_picked":["WhitesApple","HappyTeddy"],"picked":"Funeral","floor":13},{"not_picked":["TodaysExpression"],"picked":"Logging","floor":13},{"not_picked":["Laetitia","Alriune"],"picked":"CrumblingArmor","floor":14},{"not_picked":["TodaysExpression"],"picked":"GreenStem","floor":14},{"not_picked":["TheSmile"],"picked":"CENSORED_ego","floor":16},{"not_picked":["Horn","Galaxy"],"picked":"SKIP","floor":18},{"not_picked":["GrinderMk4","BloodyDesire"],"picked":"SKIP","floor":21},{"not_picked":["ShyLook","UniverseFragment"],"picked":"QueenOfHatred","floor":23},{"not_picked":["Tough","Beak"],"picked":"SKIP","floor":23},{"not_picked":["Pleasure"],"picked":"Hornet+1","floor":25},{"not_picked":["LittleHelper","NothingThere"],"picked":"WallGazer","floor":28},{"not_picked":["Lamp","GoldRush"],"picked":"SKIP","floor":28},{"not_picked":["FourthMatchFlame+1","Gaze"],"picked":"SKIP","floor":29},{"not_picked":["Heaven","Pleasure"],"picked":"SKIP","floor":31},{"not_picked":["NothingThere","CrumblingArmor"],"picked":"LongBird","floor":33},{"not_picked":["GrinderMk4","Penitence"],"picked":"SKIP","floor":35},{"not_picked":["NakedNest","Wellcheers"],"picked":"BlueStar","floor":38},{"not_picked":["CUTE","Noise+1"],"picked":"SKIP","floor":38},{"not_picked":["CherryBlossom+1","TodaysExpression"],"picked":"SKIP","floor":39},{"not_picked":["WristCuter","RapturousDream"],"picked":"SKIP","floor":40},{"not_picked":["BlackSwan","Variant"],"picked":"BigBird","floor":41},{"not_picked":["Pleasure","BlackSwan_ego"],"picked":"SKIP","floor":41},{"not_picked":["Lantern+1","SwordSharpenedByTears"],"picked":"SKIP","floor":46},{"not_picked":["GalaxyChild","DreamingCurrent"],"picked":"WhiteNight","floor":47},{"not_picked":["Ecstasy","FeatherOfHonor"],"picked":"SKIP","floor":47}],"player_experience":39858,"relics_obtained":[{"floor":1,"key":"LetterFromLob"},{"floor":6,"key":"Mercury Hourglass"},{"floor":9,"key":"Pear"},{"floor":11,"key":"Kunai"},{"floor":14,"key":"MealTicket"},{"floor":23,"key":"Bottled Flame"},{"floor":25,"key":"Vajra"},{"floor":26,"key":"Matryoshka"},{"floor":28,"key":"FossilizedHelix"},{"floor":40,"key":"Potion Belt"},{"floor":43,"key":"War Paint"},{"floor":43,"key":"Bottled Lightning"},{"floor":44,"key":"Twilight"},{"floor":48,"key":"DeathAngel"}],"event_choices":[{"damage_healed":0,"gold_gain":0,"player_choice":"Ignored","damage_taken":0,"max_hp_gain":0,"max_hp_loss":0,"event_name":"Shining Light","floor":2,"gold_loss":0},{"damage_healed":0,"gold_gain":75,"player_choice":"Gather Gold","damage_taken":11,"max_hp_gain":0,"max_hp_loss":0,"event_name":"World of Goop","floor":3,"gold_loss":0},{"damage_healed":0,"gold_gain":0,"player_choice":"Success","damage_taken":11,"relics_obtained":["Regal Pillow"],"max_hp_gain":0,"max_hp_loss":0,"event_name":"Scrap Ooze","floor":4,"gold_loss":0},{"damage_healed":0,"gold_gain":50,"player_choice":"Pray","damage_taken":0,"max_hp_gain":0,"max_hp_loss":0,"event_name":"Golden Shrine","floor":19,"gold_loss":0},{"damage_healed":0,"gold_gain":0,"player_choice":"Inject Mutagens","damage_taken":0,"relics_obtained":["MutagenicStrength"],"max_hp_gain":0,"max_hp_loss":0,"event_name":"Drug Dealer","floor":22,"gold_loss":0},{"damage_healed":0,"gold_gain":0,"player_choice":"Stole Relic","damage_taken":0,"relics_obtained":["Blue Candle"],"max_hp_gain":0,"max_hp_loss":0,"event_name":"Addict","floor":27,"gold_loss":0,"cards_obtained":["Shame"]},{"damage_healed":0,"gold_gain":0,"player_choice":"Memory 1","damage_taken":0,"max_hp_gain":0,"max_hp_loss":0,"event_name":"SensoryStone","floor":36,"gold_loss":0},{"cards_removed":["CENSORED_ego"],"damage_healed":0,"gold_gain":0,"player_choice":"Offered Rare","damage_taken":0,"max_hp_gain":10,"max_hp_loss":0,"event_name":"Bonfire Elementals","floor":37,"gold_loss":0}],"is_beta":false,"boss_relics":[{"not_picked":["Empty Cage","Black Star"],"picked":"Coffee Dripper"},{"not_picked":["SlaversCollar","SacredBark"],"picked":"Snecko Eye"}],"items_purged_floors":[20,30],"is_endless":false,"potions_floor_spawned":[1,12,16,18,31,33,35,46,47,48],"ascension_level":20}}