{"host":"q9qwbotttpvtd6fn","time":1613705068,"event":{"mods":["BaseMod","Colored Map","Minty Spire (QoL Compilation)","StSLib"],"gold_per_floor":[18,33,33,208,218,218,248,28,52,52,83,3,3,33,33,131,131,145,145,158,158,172,172,205,205,205,305,340,356,74,74,74,170,170,182,200,58,58,58,58,91,91,91,146,179,24,24,38,38,38],"floor_reached":51,"language":"ENG","playtime":1900,"items_purged":["Doubt","Strike_R"],"score":1193,"play_id":"d7497308-9c1a-4292-ac73-8ea2feb8c6bc","local_time":"20210218222428","is_ascension_mode":true,"campfire_choices":[{"data":"Inflame","floor":6,"key":"SMITH"},{"data":"Metallicize","floor":10,"key":"SMITH"},{"data":"Sword Boomerang","floor":15,"key":"SMITH"},{"data":"Armaments","floor":23,"key":"SMITH"},{"data":"Metallicize","floor":32,"key":"SMITH"},{"data":"Limit Break","floor":40,"key":"SMITH"},{"data":"Berserk","floor":47,"key":"SMITH"},{"data":"Offering","floor":49,"key":"SMITH"}],"circlet_count":0,"master_deck":["AscendersBane","Defend_R","Defend_R","Defend_R","Bash","Armaments+1","Bludgeon","Shockwave+1","Seeing Red+1","Fiend Fire","Inflame+1","Metallicize+1","Shrug It Off","Pummel","Sword Boomerang+1","Reaper","Infernal Blade","Sentinel","True Grit","Spot Weakness+1","Offering+1","Sever Soul","Whirlwind+1","Feel No Pain+1","Metallicize+1","Limit Break+1","Berserk+1","Madness","Madness","Dual Wield","Limit Break"],"relics":["Burning Blood","PreservedInsect","Vajra","Art of War","Juzu Bracelet","Odd Mushroom","Philosopher\u0027s Stone","Incense Burner","Bag of Marbles","War Paint","Charon\u0027s Ashes","Singing Bowl","Anchor","ClockworkSouvenir","Enchiridion","Busted Crown","Akabeko","Sundial","Magic Flower","Kunai"],"acts_visited":["Exordium","TheCity","TheBeyond"],"potions_floor_usage":[22,24,33,41,41],"damage_taken":[{"damage":7,"enemies":"Small Slimes","floor":1,"turns":3},{"damage":7,"enemies":"Jaw Worm","floor":2,"turns":4},{"damage":1,"enemies":"2 Louse","floor":5,"turns":3},{"damage":17,"enemies":"Lagavulin","floor":7,"turns":7},{"damage":8,"enemies":"Gremlin Nob","floor":11,"turns":3},{"damage":15,"enemies":"The Mushroom Lair","floor":14,"turns":4},{"damage":21,"enemies":"Hexaghost","floor":16,"turns":9},{"damage":12,"enemies":"Spheric Guardian","floor":18,"turns":3},{"damage":21,"enemies":"3 Byrds","floor":20,"turns":5},{"damage":12,"enemies":"Shelled Parasite and Fungi","floor":22,"turns":3},{"damage":19,"enemies":"Book of Stabbing","floor":24,"turns":3},{"damage":9,"enemies":"Colosseum Slavers","floor":27,"turns":4},{"damage":10,"enemies":"Colosseum Nobs","floor":27,"turns":3},{"damage":0,"enemies":"Slavers","floor":28,"turns":1},{"damage":0,"enemies":"Centurion and Healer","floor":29,"turns":1},{"damage":34,"enemies":"Collector","floor":33,"turns":5},{"damage":2,"enemies":"3 Shapes","floor":35,"turns":1},{"damage":6,"enemies":"Orb Walker","floor":36,"turns":2},{"damage":7,"enemies":"Giant Head","floor":41,"turns":5},{"damage":10,"enemies":"2 Orb Walkers","floor":44,"turns":4},{"damage":0,"enemies":"Reptomancer","floor":45,"turns":2},{"damage":7,"enemies":"Jaw Worm Horde","floor":48,"turns":2},{"damage":53,"enemies":"Donu and Deca","floor":50,"turns":7}],"seed_played":"2575083862745751792","potions_obtained":[{"floor":2,"key":"SteroidPotion"},{"floor":5,"key":"Fire Potion"},{"floor":11,"key":"Strength Potion"},{"floor":21,"key":"PowerPotion"},{"floor":22,"key":"Ancient Potion"},{"floor":24,"key":"CultistPotion"},{"floor":33,"key":"Explosive Potion"},{"floor":44,"key":"Ancient Potion"},{"floor":48,"key":"ElixirPotion"}],"is_trial":false,"path_per_floor":["M","M","?","?","M","R","E","$","T","R","E","$","$","?","R","B",null,"M","?","M","?","M","R","E","?","T","?","E","M","$","?","R","B",null,"M","M","$","?","?","R","E","?","T","?","E","$","R","M","R","B",null],"character_chosen":"IRONCLAD","items_purchased":["Vajra","Pummel","Metallicize","ClockworkSouvenir","Limit Break","Limit Break"],"campfire_rested":0,"item_purchase_floors":[8,12,30,30,37,46],"current_hp_per_floor":[71,70,70,70,75,75,64,64,64,64,62,62,62,53,53,38,70,72,72,57,57,51,51,38,38,38,57,65,71,71,55,55,84,84,86,88,88,88,77,77,76,76,76,74,85,85,85,94,94,50],"gold":38,"neow_bonus":"TRANSFORM_TWO_CARDS","is_daily":false,"chose_seed":false,"campfire_upgraded":8,"win_rate":0.0,"timestamp":1613705068,"path_taken":["M","M","?","?","M","R","E","$","T","R","E","?","$","?","R","BOSS","M","?","M","?","M","R","E","?","T","?","E","M","?","?","R","BOSS","M","M","$","?","?","R","E","?","T","?","E","?","R","M","R","BOSS"],"items_purchased_type":["Relic","Card","Card","Relic","Card","Card"],"build_version":"2020-12-22","purchased_purges":2,"victory":true,"max_hp_per_floor":[80,80,80,80,80,80,80,80,80,80,80,80,80,80,80,80,80,80,80,80,80,80,80,80,80,80,80,82,82,82,82,82,84,84,86,88,88,88,88,88,88,88,88,90,92,92,92,94,94,94],"card_choices":[{"not_picked":["Warcry","Uppercut"],"picked":"Shockwave","floor":1},{"not_picked":["Clash","Thunderclap"],"picked":"Seeing Red","floor":2},{"not_picked":["Wild Strike","Shockwave"],"picked":"Inflame","floor":5},{"not_picked":["Clothesline","Armaments"],"picked":"Metallicize","floor":7},{"not_picked":["Wild Strike","Body Slam"],"picked":"Shrug It Off","floor":11},{"not_picked":["Inflame","Blood for Blood"],"picked":"Sword Boomerang","floor":14},{"not_picked":["Impervious","Bludgeon"],"picked":"Reaper","floor":16},{"not_picked":["Second Wind","Shrug It Off"],"picked":"Infernal Blade","floor":18},{"not_picked":["Iron Wave","Perfected Strike+1"],"picked":"Sentinel","floor":20},{"not_picked":["Flex","Battle Trance"],"picked":"True Grit","floor":22},{"not_picked":["Shrug It Off","Combust+1"],"picked":"Spot Weakness+1","floor":24},{"not_picked":["Spot Weakness","Sword Boomerang"],"picked":"Whirlwind+1","floor":27},{"not_picked":["Shockwave","Entrench+1","Impervious"],"picked":"Singing Bowl","floor":28},{"not_picked":["Evolve+1","Power Through"],"picked":"Feel No Pain+1","floor":29},{"not_picked":["Fiend Fire","Impervious","Juggernaut"],"picked":"Singing Bowl","floor":33},{"not_picked":["Combust"],"picked":"Singing Bowl","floor":35},{"not_picked":["Carnage+1"],"picked":"Singing Bowl","floor":36},{"not_picked":[],"picked":"Dual Wield","floor":41},{"not_picked":["Body Slam+1"],"picked":"Singing Bowl","floor":44},{"not_picked":["Power Through+1"],"picked":"Singing Bowl","floor":45},{"not_picked":["Pummel"],"picked":"Singing Bowl","floor":48}],"player_experience":472881,"relics_obtained":[{"floor":7,"key":"PreservedInsect"},{"floor":9,"key":"Art of War"},{"floor":11,"key":"Juzu Bracelet"},{"floor":14,"key":"Odd Mushroom"},{"floor":24,"key":"Bag of Marbles"},{"floor":26,"key":"War Paint"},{"floor":27,"key":"Charon\u0027s Ashes"},{"floor":27,"key":"Singing Bowl"},{"floor":28,"key":"Anchor"},{"floor":31,"key":"Enchiridion"},{"floor":41,"key":"Akabeko"},{"floor":43,"key":"Sundial"},{"floor":44,"key":"Magic Flower"},{"floor":45,"key":"Kunai"}],"event_choices":[{"damage_healed":0,"gold_gain":0,"cards_transformed":["Strike_R"],"player_choice":"Change","damage_taken":0,"max_hp_gain":0,"max_hp_loss":0,"event_name":"Living Wall","floor":3,"gold_loss":0,"cards_obtained":["Fiend Fire"]},{"damage_healed":0,"gold_gain":175,"player_choice":"AGREE","damage_taken":0,"max_hp_gain":0,"max_hp_loss":0,"event_name":"Liars Game","floor":4,"gold_loss":0,"cards_obtained":["Doubt"]},{"damage_healed":0,"gold_gain":0,"player_choice":"Fought Mushrooms","damage_taken":0,"max_hp_gain":0,"max_hp_loss":0,"event_name":"Mushrooms","floor":14,"gold_loss":0},{"damage_healed":0,"gold_gain":0,"player_choice":"Opened","damage_taken":0,"relics_obtained":["Incense Burner"],"max_hp_gain":0,"max_hp_loss":0,"event_name":"The Mausoleum","floor":19,"gold_loss":0},{"damage_healed":0,"gold_gain":0,"player_choice":"Got Potions","damage_taken":0,"max_hp_gain":0,"max_hp_loss":0,"event_name":"Lab","floor":21,"gold_loss":0},{"damage_healed":0,"gold_gain":0,"cards_transformed":["Strike_R","Strike_R"],"player_choice":"Became Test Subject","damage_taken":0,"max_hp_gain":0,"max_hp_loss":0,"event_name":"Drug Dealer","floor":25,"gold_loss":0,"cards_obtained":["Offering","Sever Soul"]},{"damage_healed":0,"gold_gain":0,"player_choice":"Fight","damage_taken":0,"max_hp_gain":0,"max_hp_loss":0,"event_name":"Colosseum","floor":27,"gold_loss":0},{"damage_healed":0,"gold_gain":0,"player_choice":"Fought Nobs","damage_taken":0,"max_hp_gain":0,"max_hp_loss":0,"event_name":"Colosseum","floor":27,"gold_loss":0},{"damage_healed":0,"gold_gain":0,"player_choice":"Obtained Book","damage_taken":16,"max_hp_gain":0,"max_hp_loss":0,"event_name":"Cursed Tome","floor":31,"gold_loss":0},{"damage_healed":0,"gold_gain":0,"player_choice":"1 cards matched","damage_taken":0,"max_hp_gain":0,"max_hp_loss":0,"event_name":"Match and Keep!","floor":38,"gold_loss":0,"cards_obtained":["Berserk"]},{"damage_healed":0,"gold_gain":0,"player_choice":"Embrace Madness","damage_taken":11,"max_hp_gain":0,"max_hp_loss":0,"event_name":"Winding Halls","floor":39,"gold_loss":0,"cards_obtained":["Madness","Madness"]},{"damage_healed":0,"gold_gain":0,"player_choice":"Ignored","damage_taken":0,"max_hp_gain":0,"max_hp_loss":0,"event_name":"Tomb of Lord Red Mask","floor":42,"gold_loss":0},{"damage_healed":0,"gold_gain":0,"player_choice":"Fight","damage_taken":0,"max_hp_gain":0,"max_hp_loss":0,"event_name":"Mysterious Sphere","floor":44,"gold_loss":0}],"is_beta":false,"boss_relics":[{"not_picked":["Sozu","Velvet Choker"],"picked":"Philosopher\u0027s Stone"},{"not_picked":["Tiny House","Calling Bell"],"picked":"Busted Crown"}],"items_purged_floors":[8,30],"is_endless":false,"potions_floor_spawned":[2,5,11,16,22,24,27,29,33,44,48],"ascension_level":10}}