{"host":"wmojtwekh6s3tor5","time":1613753783,"event":{"mods":["BaseMod","Colored Map","Colored Powertips","DeckTracker","Highlight Path","Minty Spire (QoL Compilation)","Quick Restart","StSLib"],"gold_per_floor":[113,128,128,143,0,0,26,26,94,94,42,42,55,72,72,171,171,188,203,203,221,234,234,234,244,270,287,322,322,322,342,342,442,442,458,476,0,11,11,46,46,61,109,109,34,51,51,67,67,67,67],"floor_reached":50,"language":"ZHS","playtime":3632,"items_purged":["Adaptation+1"],"score":677,"play_id":"a607a2ca-58b1-4cc8-8c86-8db05840fa17","local_time":"20210220005623","is_ascension_mode":true,"campfire_choices":[{"data":"Eruption","floor":6.0,"key":"SMITH"},{"data":"EmptyFist","floor":8.0,"key":"SMITH"},{"data":"CutThroughFate","floor":12.0,"key":"SMITH"},{"data":"Vigilance","floor":15.0,"key":"SMITH"},{"data":"Collect","floor":23.0,"key":"SMITH"},{"data":"Swivel","floor":29.0,"key":"SMITH"},{"floor":32.0,"key":"REST"},{"floor":41,"key":"REST"},{"data":"EmptyMind","floor":49,"key":"SMITH"}],"circlet_count":0,"master_deck":["Eruption+1","Vigilance+1","CutThroughFate+1","EmptyFist+1","DeusExMachina","Consecrate+1","Swivel+1","Collect+1","ClearTheMind","FearNoEvil+1","EmptyMind+1","BowlingBash+1","CrushJoints+1","FlyingSleeves+1","FlurryOfBlows+1"],"relics":["PureWater","HandDrill","Bag of Marbles","Molten Egg 2","CultistMask","Pandora\u0027s Box","Potion Belt","Gremlin Horn","Mummified Hand","VioletLotus","Red Mask","Ginger","Dream Catcher"],"acts_visited":["Exordium","TheCity","TheBeyond"],"potions_floor_usage":[33,35,50],"damage_taken":[{"damage":2.0,"enemies":"Jaw Worm","floor":1.0,"turns":3.0},{"damage":0.0,"enemies":"2 Louse","floor":2.0,"turns":1.0},{"damage":0.0,"enemies":"Cultist","floor":4.0,"turns":2.0},{"damage":12.0,"enemies":"3 Sentries","floor":7.0,"turns":6.0},{"damage":3.0,"enemies":"Blue Slaver","floor":13.0,"turns":2.0},{"damage":0.0,"enemies":"Exordium Thugs","floor":14.0,"turns":2.0},{"damage":24.0,"enemies":"The Guardian","floor":16.0,"turns":11.0},{"damage":3.0,"enemies":"Spheric Guardian","floor":18.0,"turns":3.0},{"damage":2.0,"enemies":"Shell Parasite","floor":19.0,"turns":2.0},{"damage":0.0,"enemies":"Snake Plant","floor":21.0,"turns":2.0},{"damage":3.0,"enemies":"Centurion and Healer","floor":22.0,"turns":3.0},{"damage":4.0,"enemies":"Cultist and Chosen","floor":25.0,"turns":3.0},{"damage":0.0,"enemies":"Snecko","floor":27.0,"turns":2.0},{"damage":0.0,"enemies":"Gremlin Leader","floor":28.0,"turns":3.0},{"damage":24.0,"enemies":"Snake Plant","floor":31.0,"turns":2.0},{"damage":16,"enemies":"Automaton","floor":33,"turns":4},{"damage":4,"enemies":"Orb Walker","floor":35,"turns":3},{"damage":0,"enemies":"3 Darklings","floor":36,"turns":3},{"damage":15,"enemies":"Maw","floor":38,"turns":5},{"damage":2,"enemies":"Giant Head","floor":40,"turns":5},{"damage":19,"enemies":"4 Shapes","floor":42,"turns":4},{"damage":0,"enemies":"3 Darklings","floor":46,"turns":2},{"damage":8,"enemies":"Jaw Worm Horde","floor":48,"turns":2},{"damage":82,"enemies":"Awakened One","floor":50,"turns":7}],"seed_played":"-7998903601920319668","potions_obtained":[{"floor":2.0,"key":"SkillPotion"},{"floor":7.0,"key":"AttackPotion"},{"floor":14.0,"key":"FearPotion"},{"floor":19.0,"key":"Ancient Potion"},{"floor":21.0,"key":"BottledMiracle"},{"floor":25.0,"key":"SpeedPotion"},{"floor":28.0,"key":"Dexterity Potion"},{"floor":38,"key":"BottledMiracle"},{"floor":46,"key":"CultistPotion"}],"is_trial":false,"path_per_floor":["M","M","?","M","$","R","E","R","T","?","$","R","M","M","R","B",null,"M","M","?","M","M","R","?","M","T","M","E","R","?","M","R","B",null,"M","M","?","M","$","E","R","M","T","?","$","M","$","M","R","B"],"character_chosen":"WATCHER","items_purchased":["HandDrill","Consecrate+1"],"campfire_rested":2,"item_purchase_floors":[5,11],"current_hp_per_floor":[63,63,56,56,56,56,44,44,44,44,44,44,41,41,41,17,58,55,53,53,53,50,50,50,46,46,46,46,46,46,22,43,27,61,57,57,57,42,42,40,61,42,42,82,82,82,82,74,74,0,0],"gold":67,"neow_bonus":"TRANSFORM_CARD","is_daily":false,"chose_seed":false,"campfire_upgraded":7,"win_rate":0.0,"timestamp":1613753783,"path_taken":["M","M","?","M","$","R","E","R","T","?","$","R","M","M","R","BOSS","M","?","?","M","?","R","?","M","T","?","E","R","?","?","R","BOSS","M","?","?","M","$","E","R","M","T","?","$","M","$","M","R","BOSS"],"items_purchased_type":["Relic","Card"],"build_version":"2020-12-22","purchased_purges":1,"victory":false,"max_hp_per_floor":[72,72,72,72,72,72,72,72,72,72,72,72,72,72,72,72,72,72,72,72,72,72,72,72,72,72,72,72,72,72,72,72,72,72,72,72,72,72,72,72,72,72,72,82,82,82,82,82,82,82,82],"card_choices":[{"not_picked":["SashWhip","Tantrum","Evaluate"],"picked":"SKIP","floor":1.0},{"not_picked":["LikeWater","WindmillStrike","WreathOfFlame"],"picked":"SKIP","floor":2.0},{"not_picked":["ClearTheMind","Adaptation"],"picked":"EmptyFist","floor":4.0},{"not_picked":["Adaptation","Meditate"],"picked":"DeusExMachina","floor":7.0},{"not_picked":["Evaluate","FlurryOfBlows+1","CrushJoints+1"],"picked":"SKIP","floor":13.0},{"not_picked":["EmptyFist+1","WindmillStrike+1","JustLucky+1"],"picked":"SKIP","floor":14.0},{"not_picked":["Tantrum+1","ForeignInfluence+1","Indignation"],"picked":"SKIP","floor":18.0},{"not_picked":["Wireheading","Halt"],"picked":"EmptyMind","floor":19.0},{"not_picked":["ThirdEye+1","PathToVictory"],"picked":"BowlingBash+1","floor":21.0},{"not_picked":["FearNoEvil+1","PathToVictory"],"picked":"CrushJoints+1","floor":22.0},{"not_picked":["SashWhip+1","SandsOfTime+1","ClearTheMind"],"picked":"SKIP","floor":25.0},{"not_picked":["InnerPeace","Collect+1"],"picked":"FlyingSleeves+1","floor":27.0},{"not_picked":["PathToVictory","EmptyBody","Judgement"],"picked":"SKIP","floor":28.0},{"not_picked":["Halt","EmptyFist+1","SignatureMove+1"],"picked":"SKIP","floor":31.0},{"not_picked":["MasterReality","DevaForm"],"picked":"Establishment","floor":33},{"not_picked":["EmptyFist+1","WreathOfFlame","Protect+1"],"picked":"SKIP","floor":35},{"not_picked":["Protect+1","JustLucky+1","Crescendo+1"],"picked":"SKIP","floor":36},{"not_picked":["WindmillStrike+1","SignatureMove+1","EmptyBody+1"],"picked":"SKIP","floor":38},{"not_picked":["BowlingBash+1","EmptyFist+1","MasterReality"],"picked":"SKIP","floor":40},{"not_picked":["Prostrate+1","Pray","BowlingBash+1"],"picked":"SKIP","floor":42},{"not_picked":["Consecrate+1","Halt+1"],"picked":"FlurryOfBlows+1","floor":46},{"not_picked":["FollowUp+1","ThirdEye","Perseverance"],"picked":"SKIP","floor":48}],"player_experience":680096,"relics_obtained":[{"floor":7.0,"key":"Bag of Marbles"},{"floor":9.0,"key":"Molten Egg 2"},{"floor":26.0,"key":"Potion Belt"},{"floor":28.0,"key":"Gremlin Horn"},{"floor":30.0,"key":"Mummified Hand"},{"floor":40,"key":"Ginger"},{"floor":43,"key":"Dream Catcher"}],"event_choices":[{"cards_removed":["Defend_P"],"damage_healed":0.0,"max_hp_gain":0.0,"max_hp_loss":0.0,"gold_gain":0.0,"event_name":"Golden Wing","player_choice":"Card Removal","floor":3.0,"gold_loss":0.0,"damage_taken":7.0},{"damage_healed":0.0,"max_hp_gain":0.0,"max_hp_loss":0.0,"gold_gain":0.0,"event_name":"FaceTrader","player_choice":"Trade","floor":10.0,"gold_loss":0.0,"damage_taken":0.0,"relics_obtained":["CultistMask"]},{"cards_removed":["SpiritShield"],"damage_healed":0.0,"max_hp_gain":0.0,"max_hp_loss":0.0,"gold_gain":0.0,"event_name":"Purifier","player_choice":"Purged","floor":20.0,"gold_loss":0.0,"damage_taken":0.0},{"damage_healed":0.0,"max_hp_gain":0.0,"max_hp_loss":0.0,"gold_gain":0.0,"event_name":"Upgrade Shrine","player_choice":"Upgraded","floor":24.0,"gold_loss":0.0,"damage_taken":0.0,"cards_upgraded":["Adaptation"]},{"damage_healed":0.0,"max_hp_gain":0.0,"max_hp_loss":0.0,"gold_gain":0.0,"event_name":"Wheel of Change","player_choice":"Relic","floor":30.0,"gold_loss":0.0,"damage_taken":0.0},{"damage_healed":0,"gold_gain":0,"player_choice":"Paid","damage_taken":0,"relics_obtained":["Red Mask"],"max_hp_gain":0,"max_hp_loss":0,"event_name":"Tomb of Lord Red Mask","floor":37,"gold_loss":476},{"cards_removed":["Establishment"],"damage_healed":30,"gold_gain":0,"player_choice":"Offered Rare","damage_taken":0,"max_hp_gain":10,"max_hp_loss":0,"event_name":"Bonfire Elementals","floor":44,"gold_loss":0}],"is_beta":false,"boss_relics":[{"not_picked":["Astrolabe","Coffee Dripper"],"picked":"Pandora\u0027s Box"},{"not_picked":["Cursed Key","Busted Crown"],"picked":"VioletLotus"}],"items_purged_floors":[45],"is_endless":false,"potions_floor_spawned":[2,7,14,19,21,25,28,38,46],"killed_by":"Awakened One","ascension_level":6}}