{"host":"rb2p2z6v6vieend5","time":1613755859,"event":{"mods":["BaseMod","Block Reminder","Colored Map","DeckTracker","Highlight Path","Minty Spire (QoL Compilation)","Random Character Button","Relic Stats"],"gold_per_floor":[117,133,133,146,157,157,167,167,167],"floor_reached":8,"language":"ENG","playtime":454,"items_purged":[],"score":68,"play_id":"5a9033c6-0110-4809-946f-5a003de5745a","local_time":"20210219183059","is_ascension_mode":true,"campfire_choices":[{"data":"White Noise","floor":6,"key":"SMITH"}],"circlet_count":0,"master_deck":["Strike_B","Strike_B","Strike_B","Strike_B","Defend_B","Defend_B","Defend_B","Defend_B","Zap","Dualcast","Shame","Creative AI+1","White Noise+1","Conserve Battery","Loop","Amplify"],"relics":["Cracked Core"],"acts_visited":["Exordium"],"potions_floor_usage":[8,8],"damage_taken":[{"damage":4,"enemies":"Jaw Worm","floor":1,"turns":3},{"damage":5,"enemies":"Cultist","floor":2,"turns":4},{"damage":13,"enemies":"Small Slimes","floor":4,"turns":3},{"damage":16,"enemies":"3 Louse","floor":5,"turns":4},{"damage":14,"enemies":"Large Slime","floor":7,"turns":8},{"damage":16,"enemies":"3 Sentries","floor":8,"turns":5}],"seed_played":"2760813793162288191","potions_obtained":[{"floor":1,"key":"FearPotion"},{"floor":2,"key":"LiquidMemories"},{"floor":7,"key":"BlessingOfTheForge"}],"is_trial":false,"path_per_floor":["M","M","?","M","M","R","M","E"],"character_chosen":"DEFECT","items_purchased":[],"campfire_rested":0,"item_purchase_floors":[],"current_hp_per_floor":[64,59,59,46,30,30,16,0,0],"gold":167,"neow_bonus":"THREE_RARE_CARDS","is_daily":false,"chose_seed":false,"campfire_upgraded":1,"win_rate":0.0,"timestamp":1613755859,"path_taken":["M","M","?","M","M","R","?","E"],"items_purchased_type":[],"build_version":"2020-12-22","purchased_purges":0,"victory":false,"max_hp_per_floor":[75,75,75,75,75,75,75,75,75],"relic_stats":{"counters":[6,27],"obtain_stats":[{"Cracked Core":0},{"Cracked Core":0},{"Cracked Core":0}]},"card_choices":[{"not_picked":["Reboot","Machine Learning"],"picked":"Creative AI","floor":0},{"not_picked":["Cold Snap","Doom and Gloom"],"picked":"White Noise","floor":1},{"not_picked":["Turbo","Barrage"],"picked":"Conserve Battery","floor":2},{"not_picked":["Ball Lightning","Fusion","Redo"],"picked":"SKIP","floor":4},{"not_picked":["Undo","Beam Cell"],"picked":"Loop","floor":5},{"not_picked":["Stack","Coolheaded"],"picked":"Amplify","floor":7}],"player_experience":780500,"relics_obtained":[],"event_choices":[{"damage_healed":0,"gold_gain":0,"player_choice":"Upgraded","damage_taken":0,"max_hp_gain":0,"max_hp_loss":0,"event_name":"Upgrade Shrine","floor":3,"gold_loss":0,"cards_upgraded":["Creative AI"]}],"is_beta":false,"boss_relics":[],"items_purged_floors":[],"is_endless":false,"potions_floor_spawned":[1,2,7],"killed_by":"3 Sentries","ascension_level":7}}