{"host":"snczp9esof91ppiq","time":1613770935,"event":{"mods":["AchievementEnabler","BaseMod","Better Match","Better Note","Better Sensory Stone","Better Skull","Colored Map","Colored Powertips","Hermit","Minty Spire (QoL Compilation)","Relic Stats","StSLib"],"gold_per_floor":[113,113,129,147,222,222,247,247,247,0,0,10,10,20,20,95,95,105,105,122,136,136,136,155,171,219,219,248,12,12,12,12,12,12],"floor_reached":33,"language":"ENG","playtime":2330,"items_purged":["Strike_R"],"score":536,"play_id":"33348f5f-0401-47e7-a11d-d5afdd44e826","local_time":"20210219154215","is_ascension_mode":true,"campfire_choices":[{"data":"Shockwave","floor":6,"key":"SMITH"},{"floor":8,"key":"REST"},{"data":"Armaments","floor":11,"key":"SMITH"},{"data":"True Grit","floor":15,"key":"SMITH"},{"floor":23,"key":"REST"},{"floor":27,"key":"REST"},{"floor":32,"key":"REST"}],"circlet_count":0,"master_deck":["AscendersBane","Strike_R","Strike_R","Strike_R","Strike_R","Defend_R","Defend_R","Defend_R","Bash+1","Carnage","Shrug It Off","Shockwave+1","Rampage","Bludgeon","Armaments+1","Shrug It Off","True Grit+1","Seeing Red","Barricade","Sword Boomerang+1","Sentinel+1","Panacea","Panacea"],"relics":["Burning Blood","Mercury Hourglass","DollysMirror","Runic Pyramid","Nloth\u0027s Gift","NlothsMask","Art of War","Dream Catcher"],"acts_visited":["Exordium","TheCity"],"potions_floor_usage":[7,16,21,25,28,33],"damage_taken":[{"damage":7,"enemies":"Jaw Worm","floor":1,"turns":2},{"damage":3,"enemies":"2 Louse","floor":3,"turns":3},{"damage":0,"enemies":"Small Slimes","floor":4,"turns":3},{"damage":26,"enemies":"Gremlin Nob","floor":7,"turns":4},{"damage":9,"enemies":"Red Slaver","floor":12,"turns":4},{"damage":0,"enemies":"Large Slime","floor":14,"turns":4},{"damage":0,"enemies":"The Guardian","floor":16,"turns":11},{"damage":0,"enemies":"Chosen","floor":18,"turns":5},{"damage":10,"enemies":"Shell Parasite","floor":20,"turns":6},{"damage":30,"enemies":"Centurion and Healer","floor":21,"turns":6},{"damage":48,"enemies":"3 Cultists","floor":24,"turns":7},{"damage":15,"enemies":"Snake Plant","floor":25,"turns":3},{"damage":40,"enemies":"Slavers","floor":28,"turns":8},{"damage":54,"enemies":"Collector","floor":33,"turns":7}],"seed_played":"5606817396369933006","potions_obtained":[{"floor":4,"key":"Strength Potion"},{"floor":12,"key":"Strength Potion"},{"floor":16,"key":"FairyPotion"},{"floor":20,"key":"FearPotion"},{"floor":24,"key":"SteroidPotion"},{"floor":25,"key":"Block Potion"},{"floor":28,"key":"SpeedPotion"}],"is_trial":false,"path_per_floor":["M","?","M","M","?","R","E","R","T","$","R","M","$","M","R","B",null,"M","?","M","M","?","R","M","M","T","R","E","$","?","$","R","B"],"character_chosen":"IRONCLAD","items_purchased":["Armaments","DollysMirror","Dream Catcher","Panacea"],"campfire_rested":4,"item_purchase_floors":[10,10,29,29],"current_hp_per_floor":[67,67,70,75,64,64,44,66,66,66,66,63,63,69,69,75,75,75,75,71,47,47,69,27,18,18,40,28,28,28,28,50,0,0],"gold":12,"neow_bonus":"TRANSFORM_CARD","is_daily":false,"chose_seed":false,"campfire_upgraded":3,"win_rate":0.0,"timestamp":1613770935,"path_taken":["M","?","M","M","?","R","E","R","T","$","R","M","$","M","R","BOSS","M","?","?","M","?","R","M","M","T","R","E","?","?","?","R","BOSS"],"items_purchased_type":["Card","Relic","Relic","Card"],"build_version":"2020-12-22","purchased_purges":1,"victory":false,"max_hp_per_floor":[75,75,75,75,75,75,75,75,75,75,75,75,75,75,75,75,75,75,75,75,75,75,75,75,75,75,75,75,75,75,75,75,75,75],"relic_stats":{"Dream Catcher":1,"counters":[14,73],"Nloth\u0027s Gift":2,"Art of War":[1],"obtain_stats":[{"Darkstone Periapt":9,"Dream Catcher":29,"DollysMirror":10,"Nloth\u0027s Gift":19,"Art of War":28,"Burning Blood":0,"Mercury Hourglass":7,"Runic Pyramid":17,"NlothsMask":22},{"Darkstone Periapt":4,"Dream Catcher":13,"DollysMirror":4,"Nloth\u0027s Gift":8,"Art of War":13,"Burning Blood":0,"Mercury Hourglass":4,"Runic Pyramid":7,"NlothsMask":10},{"Darkstone Periapt":12,"Dream Catcher":66,"DollysMirror":12,"Nloth\u0027s Gift":36,"Art of War":66,"Burning Blood":0,"Mercury Hourglass":12,"Runic Pyramid":31,"NlothsMask":48}],"Burning Blood":71,"Mercury Hourglass":[259]},"card_choices":[{"not_picked":["True Grit","Havoc"],"picked":"Shrug It Off","floor":1},{"not_picked":["Twin Strike","Armaments"],"picked":"Shockwave","floor":3},{"not_picked":["Twin Strike","Warcry"],"picked":"Rampage","floor":4},{"not_picked":["Infernal Blade","Rupture"],"picked":"Bludgeon","floor":7},{"not_picked":["Bloodletting","Clothesline"],"picked":"True Grit","floor":12},{"not_picked":["Iron Wave","Ghostly Armor"],"picked":"Seeing Red","floor":14},{"not_picked":["Double Tap","Juggernaut"],"picked":"Barricade","floor":16},{"not_picked":["Dual Wield+1","Pommel Strike","Flame Barrier"],"picked":"SKIP","floor":18},{"not_picked":["Rupture","True Grit","Heavy Blade"],"picked":"SKIP","floor":20},{"not_picked":["Corruption","Pummel"],"picked":"Sword Boomerang+1","floor":21},{"not_picked":["Second Wind","Dual Wield","Wild Strike"],"picked":"SKIP","floor":24},{"not_picked":["Heavy Blade+1","Pummel"],"picked":"Sentinel+1","floor":25},{"not_picked":["Sword Boomerang+1","Flex","Corruption"],"picked":"SKIP","floor":28}],"player_experience":925530,"relics_obtained":[{"floor":7,"key":"Mercury Hourglass"},{"floor":9,"key":"Darkstone Periapt"},{"floor":28,"key":"Art of War"}],"event_choices":[{"damage_healed":0,"gold_gain":0,"player_choice":"Grow","damage_taken":0,"max_hp_gain":0,"max_hp_loss":0,"event_name":"Living Wall","floor":2,"gold_loss":0,"cards_upgraded":["Bash"]},{"damage_healed":0,"gold_gain":75,"player_choice":"Gather Gold","damage_taken":11,"max_hp_gain":0,"max_hp_loss":0,"event_name":"World of Goop","floor":5,"gold_loss":0},{"damage_healed":0,"gold_gain":0,"player_choice":"Traded Relic","damage_taken":0,"relics_obtained":["Nloth\u0027s Gift"],"max_hp_gain":0,"max_hp_loss":0,"event_name":"N\u0027loth","floor":19,"relics_lost":["Darkstone Periapt"],"gold_loss":0},{"damage_healed":0,"gold_gain":0,"player_choice":"Trade","damage_taken":0,"relics_obtained":["NlothsMask"],"max_hp_gain":0,"max_hp_loss":0,"event_name":"FaceTrader","floor":22,"gold_loss":0},{"damage_healed":0,"gold_gain":0,"player_choice":"Copied","damage_taken":0,"max_hp_gain":0,"max_hp_loss":0,"event_name":"Duplicator","floor":30,"gold_loss":0,"cards_obtained":["Panacea"]}],"is_beta":false,"boss_relics":[{"not_picked":["SacredBark","Runic Dome"],"picked":"Runic Pyramid"}],"items_purged_floors":[10],"is_endless":false,"potions_floor_spawned":[4,12,16,20,24,25,28],"killed_by":"Collector","ascension_level":14}}