{"host":"7wi4qgm5yw4j7oz0","time":1613729879,"event":{"mods":["AchievementEnabler","BaseMod","Block Reminder","Colored Map","Colored Powertips","Highlight Path","Minty Spire (QoL Compilation)","Permanent Neow","Random Character Button","StSLib","SuperFastMode","everything is the same but u backflip on backflip"],"gold_per_floor":[117,117,127,146,165,197,197,208,231,231,72,86,99,64,64,136,136,149,74,0,0,0],"floor_reached":21,"language":"KOR","playtime":881,"items_purged":["Strike_R"],"score":308,"play_id":"97be74f4-861d-4a89-b09c-a04f610dff96","local_time":"20210219191759","is_ascension_mode":true,"campfire_choices":[{"data":"Warcry","floor":7,"key":"SMITH"},{"data":"Armaments","floor":10,"key":"SMITH"},{"data":"Demon Form","floor":15,"key":"SMITH"}],"circlet_count":0,"master_deck":["AscendersBane","Strike_R","Strike_R","Strike_R","Defend_R","Defend_R","Defend_R","Defend_R","Bash+1","Iron Wave","Iron Wave","Clothesline","Disarm","Warcry+1","Armaments+1","Demon Form+1","Sword Boomerang","Immolate","CurseOfTheBell","Warcry+1"],"relics":["Burning Blood","Regal Pillow","Happy Flower","Calling Bell","Juzu Bracelet","Frozen Egg 2","Gambling Chip"],"acts_visited":["Exordium","TheCity"],"potions_floor_usage":[8,13,16],"damage_taken":[{"damage":7.0,"enemies":"Small Slimes","floor":1.0,"turns":3.0},{"damage":1.0,"enemies":"Cultist","floor":3.0,"turns":3.0},{"damage":6.0,"enemies":"2 Louse","floor":4.0,"turns":3.0},{"damage":15.0,"enemies":"Exordium Thugs","floor":5.0,"turns":6.0},{"damage":35,"enemies":"Lagavulin","floor":6,"turns":9},{"damage":23,"enemies":"Exordium Wildlife","floor":8,"turns":6},{"damage":19,"enemies":"Lots of Slimes","floor":12,"turns":7},{"damage":1,"enemies":"Exordium Thugs","floor":13,"turns":4},{"damage":27,"enemies":"Hexaghost","floor":16,"turns":7},{"damage":59,"enemies":"Spheric Guardian","floor":18,"turns":6},{"damage":24,"enemies":"3 Byrds","floor":21,"turns":4}],"seed_played":"-1702066400519125015","potions_obtained":[{"floor":1.0,"key":"Regen Potion"},{"floor":5.0,"key":"Fruit Juice"},{"floor":8,"key":"ColorlessPotion"},{"floor":12,"key":"ColorlessPotion"}],"is_trial":false,"path_per_floor":["M","?","M","M","M","E","R","M","T","R","$","M","M","?","R","B",null,"M","$","?","M"],"character_chosen":"IRONCLAD","items_purchased":["Demon Form"],"campfire_rested":0,"item_purchase_floors":[11],"current_hp_per_floor":[67,67,72,72,68,39,39,36,36,36,36,23,28,48,48,27,67,14,14,14,0,0],"gold":0,"neow_bonus":"UPGRADE_CARD","is_daily":false,"chose_seed":false,"campfire_upgraded":3,"win_rate":0.0,"timestamp":1613729879,"path_taken":["M","?","M","M","M","E","R","?","T","R","$","M","?","?","R","BOSS","M","$","?","M"],"items_purchased_type":["Card"],"build_version":"2020-12-22","purchased_purges":1,"victory":false,"max_hp_per_floor":[75,75,75,75,80,80,80,80,80,80,80,80,80,80,80,80,80,80,80,80,80,80],"card_choices":[{"not_picked":["Feel No Pain","Armaments"],"picked":"Iron Wave","floor":1.0},{"not_picked":["Armaments","Sentinel"],"picked":"Iron Wave","floor":3.0},{"not_picked":["Shrug It Off","Twin Strike"],"picked":"Clothesline","floor":4.0},{"not_picked":["Clash","Dual Wield"],"picked":"Disarm","floor":5.0},{"not_picked":["Exhume","Reckless Charge"],"picked":"Warcry","floor":6},{"not_picked":["Shockwave","Havoc"],"picked":"Armaments","floor":8},{"not_picked":["True Grit","Dual Wield"],"picked":"Sword Boomerang","floor":12},{"not_picked":["Dual Wield","Twin Strike","Cleave"],"picked":"SKIP","floor":13},{"not_picked":["Brutality","Fiend Fire"],"picked":"Immolate","floor":16},{"not_picked":["Havoc","Infernal Blade"],"picked":"Warcry+1","floor":18}],"player_experience":330835,"relics_obtained":[{"floor":6,"key":"Regal Pillow"},{"floor":9,"key":"Happy Flower"},{"floor":17,"key":"Juzu Bracelet"},{"floor":17,"key":"Frozen Egg 2"},{"floor":17,"key":"Gambling Chip"}],"event_choices":[{"cards_removed":["Strike_R"],"damage_healed":0.0,"max_hp_gain":0.0,"max_hp_loss":0.0,"gold_gain":0.0,"event_name":"Bonfire Elementals","player_choice":"Offered Basic","floor":2.0,"gold_loss":0.0,"damage_taken":0.0},{"damage_healed":20,"gold_gain":0,"player_choice":"Healed","damage_taken":0,"max_hp_gain":0,"max_hp_loss":0,"event_name":"The Cleric","floor":14,"gold_loss":35},{"damage_healed":0,"gold_gain":0,"player_choice":"Paid Fearfully","damage_taken":0,"max_hp_gain":0,"max_hp_loss":0,"event_name":"Masked Bandits","floor":20,"gold_loss":74}],"is_beta":false,"boss_relics":[{"not_picked":["Fusion Hammer","Runic Dome"],"picked":"Calling Bell"}],"items_purged_floors":[19],"is_endless":false,"potions_floor_spawned":[1,5,8,12],"killed_by":"3 Byrds","ascension_level":14}}