{"host":"8is2j71l4wmybkoi","time":1613718705,"event":{"mods":["AchievementEnabler","BaseMod","Colored Map","DeckTracker","Minty Spire (QoL Compilation)","Rare Cards Sparkle","Relic Stats","StSLib","SuperFastMode"],"gold_per_floor":[116,130,130,146,157,157,307,307,307,98,373,390,390,425,425,496,496,509,272,322,334,334,334,359,203,251,266,266,280,300,325,325,325,325],"floor_reached":33,"language":"KOR","playtime":1089,"items_purged":["Doubt","Regret","Strike_R"],"score":543,"play_id":"b0dfa695-c5ec-4e6c-ae17-a02a15d63e9f","local_time":"20210219161145","is_ascension_mode":true,"campfire_choices":[{"data":"Blood for Blood","floor":6,"key":"SMITH"},{"data":"Barricade","floor":8,"key":"SMITH"},{"data":"Armaments","floor":13,"key":"SMITH"},{"data":"Uppercut","floor":15,"key":"SMITH"},{"floor":23,"key":"RECALL"},{"floor":28,"key":"REST"},{"floor":32,"key":"REST"}],"circlet_count":0,"master_deck":["AscendersBane","Strike_R","Strike_R","Strike_R","Strike_R","Defend_R","Defend_R","Defend_R","Defend_R","Bash","Barricade+1","Blood for Blood+1","Battle Trance","Hemokinesis","Armaments+1","Uppercut+1","Fiend Fire","Body Slam","Dark Embrace","Necronomicurse","Apotheosis","Evolve","True Grit+1","Burning Pact"],"relics":["Burning Blood","Meat on the Bone","Membership Card","Ancient Tea Set","Fusion Hammer","Bag of Marbles","Akabeko","Necronomicon","Tiny Chest","Ornamental Fan"],"acts_visited":["Exordium","TheCity"],"potions_floor_usage":[16,18,21,27,33],"damage_taken":[{"damage":12,"enemies":"2 Louse","floor":1,"turns":3},{"damage":5,"enemies":"Cultist","floor":2,"turns":4},{"damage":19,"enemies":"Small Slimes","floor":4,"turns":4},{"damage":16,"enemies":"Looter","floor":5,"turns":4},{"damage":16,"enemies":"2 Fungi Beasts","floor":12,"turns":3},{"damage":7,"enemies":"Lagavulin","floor":14,"turns":5},{"damage":28,"enemies":"The Guardian","floor":16,"turns":12},{"damage":24,"enemies":"3 Byrds","floor":18,"turns":6},{"damage":0,"enemies":"Shell Parasite","floor":21,"turns":1},{"damage":35,"enemies":"Book of Stabbing","floor":24,"turns":4},{"damage":6,"enemies":"Chosen and Byrds","floor":27,"turns":4},{"damage":24,"enemies":"Snake Plant","floor":29,"turns":3},{"damage":15,"enemies":"Centurion and Healer","floor":30,"turns":4},{"damage":50,"enemies":"Gremlin Leader","floor":31,"turns":5},{"damage":53,"enemies":"Collector","floor":33,"turns":6}],"seed_played":"6481991384535679792","potions_obtained":[{"floor":4,"key":"GamblersBrew"},{"floor":12,"key":"Strength Potion"},{"floor":14,"key":"SkillPotion"},{"floor":16,"key":"Block Potion"},{"floor":18,"key":"Explosive Potion"},{"floor":24,"key":"Block Potion"},{"floor":30,"key":"PowerPotion"}],"is_trial":false,"path_per_floor":["M","M","?","M","M","R","?","R","T","$","?","M","R","E","R","B",null,"M","$","?","M","?","R","E","$","T","M","R","M","M","E","R","B"],"character_chosen":"IRONCLAD","items_purchased":["Membership Card","Hemokinesis","Dark Embrace","Bag of Marbles","Akabeko","Apotheosis"],"campfire_rested":2,"item_purchase_floors":[10,10,19,19,19,25],"current_hp_per_floor":[62,63,68,55,45,45,45,45,45,45,45,47,47,58,58,48,72,54,54,54,60,39,39,22,22,22,34,58,52,55,23,47,0,0],"gold":325,"neow_bonus":"ONE_RANDOM_RARE_CARD","is_daily":false,"chose_seed":false,"campfire_upgraded":4,"win_rate":0.0,"timestamp":1613718705,"path_taken":["M","M","?","M","M","R","?","R","T","$","?","?","R","E","R","BOSS","M","?","?","M","?","R","E","$","T","M","R","M","M","E","R","BOSS"],"items_purchased_type":["Relic","Card","Card","Relic","Relic","Card"],"build_version":"2020-12-22","purchased_purges":3,"victory":false,"max_hp_per_floor":[75,75,80,80,80,80,80,80,80,80,80,80,80,80,80,80,80,80,80,80,80,80,80,80,80,80,80,80,80,80,80,80,80,80],"relic_stats":{"counters":[15,68],"Ornamental Fan":[20],"Tiny Chest":0,"Necronomicon":[20],"obtain_stats":[{"Ornamental Fan":31,"Tiny Chest":24,"Fusion Hammer":17,"Bag of Marbles":19,"Necronomicon":22,"Membership Card":10,"Ancient Tea Set":14,"Burning Blood":0,"Akabeko":19,"Meat on the Bone":9},{"Ornamental Fan":14,"Tiny Chest":10,"Fusion Hammer":7,"Bag of Marbles":8,"Necronomicon":9,"Membership Card":4,"Ancient Tea Set":6,"Burning Blood":0,"Akabeko":8,"Meat on the Bone":4},{"Ornamental Fan":62,"Tiny Chest":46,"Fusion Hammer":35,"Bag of Marbles":41,"Necronomicon":42,"Membership Card":15,"Ancient Tea Set":23,"Burning Blood":0,"Akabeko":41,"Meat on the Bone":15}],"Burning Blood":84,"Meat on the Bone":96},"card_choices":[{"not_picked":["Flex","Burning Pact","Heavy Blade"],"picked":"SKIP","floor":1},{"not_picked":["Pommel Strike","Reckless Charge"],"picked":"Blood for Blood","floor":2},{"not_picked":["Cleave","Clothesline"],"picked":"Battle Trance","floor":4},{"not_picked":["Wild Strike","Headbutt","Clash"],"picked":"SKIP","floor":5},{"not_picked":["Pummel","Cleave"],"picked":"Armaments","floor":12},{"not_picked":["Reckless Charge","Rage"],"picked":"Uppercut","floor":14},{"not_picked":["Juggernaut","Brutality"],"picked":"Fiend Fire","floor":16},{"not_picked":["Clash","Searing Blow"],"picked":"Body Slam","floor":18},{"not_picked":["Perfected Strike","Metallicize","Searing Blow+1"],"picked":"SKIP","floor":21},{"not_picked":["Battle Trance","Dual Wield","Thunderclap+1"],"picked":"SKIP","floor":24},{"not_picked":["Havoc","Anger"],"picked":"Evolve","floor":27},{"not_picked":["Warcry","Body Slam","Barricade"],"picked":"SKIP","floor":29},{"not_picked":["Headbutt","Evolve"],"picked":"True Grit+1","floor":30},{"not_picked":["Warcry","Hemokinesis"],"picked":"Burning Pact","floor":31}],"player_experience":1242078,"relics_obtained":[{"floor":9,"key":"Meat on the Bone"},{"floor":14,"key":"Ancient Tea Set"},{"floor":22,"key":"Necronomicon"},{"floor":24,"key":"Tiny Chest"},{"floor":31,"key":"Ornamental Fan"}],"event_choices":[{"damage_healed":0,"gold_gain":0,"player_choice":"Donut","damage_taken":0,"max_hp_gain":5,"max_hp_loss":0,"event_name":"Big Fish","floor":3,"gold_loss":0},{"damage_healed":0,"gold_gain":150,"player_choice":"AGREE","damage_taken":0,"max_hp_gain":0,"max_hp_loss":0,"event_name":"Liars Game","floor":7,"gold_loss":0,"cards_obtained":["Doubt"]},{"damage_healed":0,"gold_gain":275,"player_choice":"Desecrate","damage_taken":0,"max_hp_gain":0,"max_hp_loss":0,"event_name":"Golden Shrine","floor":11,"gold_loss":0,"cards_obtained":["Regret"]},{"damage_healed":0,"gold_gain":50,"player_choice":"Stole From Cult","damage_taken":0,"max_hp_gain":0,"max_hp_loss":0,"event_name":"Nest","floor":20,"gold_loss":0},{"damage_healed":0,"gold_gain":0,"player_choice":"Obtained Book","damage_taken":21,"max_hp_gain":0,"max_hp_loss":0,"event_name":"Cursed Tome","floor":22,"gold_loss":0}],"is_beta":false,"boss_relics":[{"not_picked":["Philosopher\u0027s Stone","SlaversCollar"],"picked":"Fusion Hammer"}],"items_purged_floors":[10,19,25],"is_endless":false,"potions_floor_spawned":[4,12,14,16,18,24,30],"killed_by":"Collector","ascension_level":15}}