{"host":"28bpuzdckreop5i0","time":1613717253,"event":{"mods":["BaseMod","Downfall","Minty Spire (QoL Compilation)","Relic Stats","Shop Mod","StSLib"],"gold_per_floor":[99,114,114,129,129,39,64,64,94,109,139,154,154,169,184,284,284,284,299,314,414,245,125,125,125,125,56,56,71,101,101,116,216,216,216,231,131,131,131,31,56,86,101,101,103,118,148,178,78,78],"floor_reached":51,"language":"ENG","playtime":3501,"items_purged":["Pride","Normality"],"score":1011,"play_id":"99d3805e-0f1b-462c-9a06-d86ff895162a","local_time":"20210219004733","daily_mods":["SealedDeck","Flight","Lethality"],"is_ascension_mode":false,"campfire_choices":[{"data":"champ:IronFortress","floor":1,"key":"SMITH"},{"data":"champ:PreemptiveStrike","floor":8,"key":"SMITH"},{"data":"champ:IronFortress","floor":18,"key":"SMITH"},{"data":"champ:SkillfulDodge","floor":28,"key":"SMITH"},{"floor":35,"key":"RECALL"},{"data":"champ:IronFortress","floor":40,"key":"SMITH"},{"data":"champ:Parry","floor":49,"key":"SMITH"}],"circlet_count":0,"master_deck":["champ:SwordSigil+1","champ:SkillfulDodge+1","champ:BringItOn","champ:CalledShot+1","champ:Backstep","champ:IronFortress+1","champ:CalledShot","champ:IronFortress+1","champ:PreemptiveStrike+1","champ:StanceDance","champ:DefensiveShout","champ:Circumvent","champ:IronFortress+1","champ:FlashCut+1","champ:StanceDance","champ:StanceDance","champ:Circumvent+1","champ:StanceDance","champ:Parry+1","champ:FlashCut+1","champ:UltimateStance","champ:PreemptiveStrike+1","champ:RageSigil+1","champ:ShieldWall","champ:GutPunch","champ:RageSigil+1","champ:DancingMaster","champ:StanceDance","champ:IronFortress","Parasite","champ:Lariat+1","champ:FancyFootwork+1","champ:Lariat+1"],"relics":["champ:ChampionCrown","PreservedInsect","Pantograph","Tiny Chest","Philosopher\u0027s Stone","champ:BlackKnightHelmet","Question Card","Bag of Preparation","Guardian:GemstoneGun","Whetstone","Guardian:PocketSentry","MutagenicStrength","Sozu","downfall:HeartBlessingRed","Pen Nib","StoneCalendar","Eternal Feather","champ:SignatureFinisher","MealTicket","Shuriken","downfall:HeartBlessingGreen"],"acts_visited":["Exordium","TheCity","TheBeyond"],"potions_floor_usage":[11,12,12,22,23,48],"damage_taken":[{"damage":3,"enemies":"Small Slimes","floor":2,"turns":4},{"damage":13,"enemies":"2 Louse","floor":4,"turns":3},{"damage":5,"enemies":"downfall:FleeingMerchant","floor":6,"turns":4},{"damage":0,"enemies":"Lagavulin","floor":9,"turns":4},{"damage":0,"enemies":"Cultist","floor":10,"turns":3},{"damage":3,"enemies":"3 Sentries","floor":11,"turns":3},{"damage":0,"enemies":"2 Fungi Beasts","floor":12,"turns":2},{"damage":7,"enemies":"Exordium Thugs","floor":14,"turns":4},{"damage":5,"enemies":"3 Louse","floor":15,"turns":2},{"damage":5,"enemies":"Slime Boss","floor":16,"turns":7},{"damage":4,"enemies":"Shell Parasite","floor":19,"turns":3},{"damage":5,"enemies":"Chosen","floor":20,"turns":4},{"damage":15,"enemies":"Chosen","floor":21,"turns":6},{"damage":15,"enemies":"downfall:FleeingMerchant","floor":22,"turns":4},{"damage":30,"enemies":"downfall:FleeingMerchant","floor":23,"turns":4},{"damage":0,"enemies":"Snake Plant","floor":29,"turns":2},{"damage":27,"enemies":"Book of Stabbing","floor":30,"turns":3},{"damage":5,"enemies":"Centurion and Healer","floor":32,"turns":4},{"damage":0,"enemies":"SI_MIRROR_ARCHETYPE","floor":33,"turns":4},{"damage":3,"enemies":"3 Shapes","floor":36,"turns":3},{"damage":5,"enemies":"Giant Head","floor":42,"turns":4},{"damage":0,"enemies":"3 Darklings","floor":43,"turns":3},{"damage":50,"enemies":"2 Orb Walkers","floor":45,"turns":3},{"damage":12,"enemies":"Writhing Mass","floor":46,"turns":4},{"damage":0,"enemies":"Reptomancer","floor":47,"turns":2},{"damage":13,"enemies":"Nemesis","floor":48,"turns":3},{"damage":67,"enemies":"IC_BLOCK_ARCHETYPE","floor":50,"turns":7}],"seed_played":"778547550210687013","potions_obtained":[{"floor":2,"key":"FearPotion"},{"floor":9,"key":"GamblersBrew"},{"floor":11,"key":"Swift Potion"},{"floor":15,"key":"sneckomod:MuddlingPotion"},{"floor":21,"key":"ColorlessPotion"},{"floor":29,"key":"PowerPotion"},{"floor":32,"key":"sneckomod:MuddlingPotion"},{"floor":33,"key":"hexamod:SoulburnPotion"}],"is_trial":false,"path_per_floor":["R","M","?","M","?","$","T","R","E","M","E","M","?","M","M","B",null,"R","M","M","?","$","$","T","?","T","$","R","M","E","?","M","B",null,"R","M","$","?","?","R","T","E","M","T","?","M","E","E","R","B",null],"character_chosen":"THE_CHAMP","items_purchased":["champ:UltimateStance","champ:PreemptiveStrike","Bag of Preparation","Guardian:GemstoneGun","champ:ShieldWall"],"campfire_rested":0,"item_purchase_floors":[22,22,23,23,27],"current_hp_per_floor":[90,87,87,74,39,39,39,39,39,39,36,36,36,29,29,54,90,90,86,86,86,76,71,71,71,71,71,71,71,54,54,54,79,90,90,87,87,87,87,87,87,87,87,87,77,70,70,57,75,68],"gold":78,"neow_bonus":"","is_daily":true,"chose_seed":false,"campfire_upgraded":6,"win_rate":0.0,"timestamp":1613717253,"path_taken":["R","M","?","M","?","$","T","R","E","?","E","M","?","M","M","BOSS","R","M","M","?","$","$","T","?","?","$","R","M","E","?","M","BOSS","R","M","$","?","?","R","T","E","M","?","?","?","E","E","R","BOSS"],"items_purchased_type":["Card","Card","Relic","Relic","Card"],"build_version":"2020-12-22","purchased_purges":2,"victory":true,"max_hp_per_floor":[90,90,90,90,90,90,90,90,90,90,90,90,90,90,90,90,90,90,90,90,90,90,90,90,90,90,90,90,90,90,90,90,90,90,90,90,90,90,90,90,90,90,90,90,90,90,90,90,90,90],"relic_stats":{"counters":[27,99],"StoneCalendar":[0],"Eternal Feather":18,"PreservedInsect":391,"Pen Nib":[3],"Bag of Preparation":[24],"Whetstone":["champ:PreemptiveStrike","champ:FlashCut"],"Question Card":14,"Sozu":4,"Shuriken":[2],"Pantograph":65,"Tiny Chest":2,"MealTicket":0,"obtain_stats":[{"champ:BlackKnightHelmet":21,"downfall:HeartBlessingRed":40,"Guardian:GemstoneGun":23,"champ:ChampionCrown":0,"StoneCalendar":42,"Eternal Feather":44,"downfall:HeartBlessingGreen":49,"PreservedInsect":7,"Pen Nib":41,"Bag of Preparation":23,"Guardian:PocketSentry":30,"Whetstone":24,"Question Card":21,"Sozu":34,"Shuriken":48,"Pantograph":9,"MutagenicStrength":31,"Tiny Chest":11,"Philosopher\u0027s Stone":17,"MealTicket":47,"champ:SignatureFinisher":45},{"champ:BlackKnightHelmet":13,"downfall:HeartBlessingRed":20,"Guardian:GemstoneGun":15,"champ:ChampionCrown":0,"StoneCalendar":21,"Eternal Feather":22,"downfall:HeartBlessingGreen":26,"PreservedInsect":3,"Pen Nib":20,"Bag of Preparation":15,"Guardian:PocketSentry":17,"Whetstone":15,"Question Card":13,"Sozu":19,"Shuriken":26,"Pantograph":4,"MutagenicStrength":17,"Tiny Chest":6,"Philosopher\u0027s Stone":10,"MealTicket":25,"champ:SignatureFinisher":23},{"champ:BlackKnightHelmet":49,"downfall:HeartBlessingRed":73,"Guardian:GemstoneGun":57,"champ:ChampionCrown":0,"StoneCalendar":77,"Eternal Feather":80,"downfall:HeartBlessingGreen":92,"PreservedInsect":11,"Pen Nib":73,"Bag of Preparation":57,"Guardian:PocketSentry":62,"Whetstone":57,"Question Card":49,"Sozu":70,"Shuriken":92,"Pantograph":15,"MutagenicStrength":62,"Tiny Chest":21,"Philosopher\u0027s Stone":36,"MealTicket":89,"champ:SignatureFinisher":83}]},"card_choices":[{"not_picked":["champ:EnGarde","champ:FocusedBerserking","champ:HeartStrike"],"picked":"SKIP","floor":2},{"not_picked":["champ:ShieldSigil","champ:TornadoPunch"],"picked":"champ:DefensiveShout","floor":4},{"not_picked":["champ:FocusedDefense","champ:SteelEdge"],"picked":"champ:Circumvent","floor":6},{"not_picked":["champ:DefensiveShout","champ:SkillfulDodge"],"picked":"champ:IronFortress","floor":9},{"not_picked":["champ:GutPunch","champ:FalseCounter","champ:DefensiveShout"],"picked":"SKIP","floor":10},{"not_picked":["champ:SwordSigil","champ:Improvising","champ:RapidStrikes"],"picked":"SKIP","floor":11},{"not_picked":["champ:ShieldSigil","champ:EnGarde"],"picked":"champ:FlashCut","floor":12},{"not_picked":["champ:Circumvent","champ:BerserkersShout"],"picked":"champ:StanceDance","floor":14},{"not_picked":["champ:DeathBlow","champ:AdrenalArmor"],"picked":"champ:StanceDance","floor":15},{"not_picked":["champ:CrownThrow","champ:BladeFlurry"],"picked":"champ:Circumvent+1","floor":19},{"not_picked":["champ:CrookedStrike","champ:PreciseThrust"],"picked":"champ:StanceDance","floor":20},{"not_picked":["champ:FlashCut","champ:ShieldSigil"],"picked":"champ:Parry","floor":21},{"not_picked":["champ:ShieldSlam","champ:PreciseThrust","champ:StanceDance"],"picked":"champ:FlashCut+1","floor":22},{"not_picked":["champ:EndlessRage","champ:AdrenalArmor","champ:RecklessLeap"],"picked":"champ:RageSigil+1","floor":23},{"not_picked":["champ:HeavySlash","champ:BerserkersShout","champ:CrookedStrike+1","champ:BringItOn"],"picked":"SKIP","floor":29},{"not_picked":["champ:Haymaker+1","champ:CrownThrow","champ:SkillfulDodge"],"picked":"champ:GutPunch","floor":30},{"not_picked":["champ:DeathBlow+1","champ:FalseCounter","champ:AdrenalArmor"],"picked":"champ:RageSigil+1","floor":32},{"not_picked":["champ:VampiricStrike","champ:SteelEdge","champ:UltimateStance"],"picked":"champ:DancingMaster","floor":33},{"not_picked":["champ:BerserkersShout+1","champ:CrownThrow","champ:BringItOn"],"picked":"champ:StanceDance","floor":36},{"not_picked":["champ:BerserkerStyle+1","champ:IgnorePain","champ:Encircle","champ:FocusedBerserking"],"picked":"SKIP","floor":42},{"not_picked":["champ:FlashCut+1","champ:ArenaPreparation+1","champ:EnGarde"],"picked":"champ:IronFortress","floor":43},{"not_picked":["champ:IronFortress","champ:EnGarde+1","champ:PreciseThrust"],"picked":"champ:Lariat+1","floor":46},{"not_picked":["champ:FlashCut+1","champ:Encircle","champ:RecklessLeap"],"picked":"champ:FancyFootwork+1","floor":47},{"not_picked":["champ:BerserkersShout","champ:AdrenalArmor+1","champ:FaceSlap"],"picked":"champ:Lariat+1","floor":48}],"player_experience":1000331,"relics_obtained":[{"floor":7,"key":"PreservedInsect"},{"floor":9,"key":"Pantograph"},{"floor":11,"key":"Tiny Chest"},{"floor":21,"key":"champ:BlackKnightHelmet"},{"floor":21,"key":"Question Card"},{"floor":24,"key":"Whetstone"},{"floor":30,"key":"Guardian:PocketSentry"},{"floor":41,"key":"Pen Nib"},{"floor":42,"key":"StoneCalendar"},{"floor":44,"key":"Eternal Feather"},{"floor":45,"key":"champ:SignatureFinisher"},{"floor":47,"key":"MealTicket"},{"floor":48,"key":"Shuriken"}],"event_choices":[{"damage_healed":0,"gold_gain":0,"player_choice":"Ignored","damage_taken":0,"max_hp_gain":0,"max_hp_loss":0,"event_name":"Golden Wing","floor":3,"gold_loss":0},{"damage_healed":0,"gold_gain":0,"player_choice":"Inject Mutagens","damage_taken":0,"relics_obtained":["MutagenicStrength"],"max_hp_gain":0,"max_hp_loss":0,"event_name":"Drug Dealer","floor":31,"gold_loss":0},{"damage_healed":0,"gold_gain":0,"player_choice":"Fight","damage_taken":0,"max_hp_gain":0,"max_hp_loss":0,"event_name":"Mysterious Sphere","floor":45,"gold_loss":0}],"is_beta":false,"boss_relics":[{"not_picked":["expansioncontent:StudyCardRelic","Astrolabe"],"picked":"Philosopher\u0027s Stone"},{"not_picked":["Velvet Choker","Calling Bell"],"picked":"Sozu"}],"items_purged_floors":[6,37],"is_endless":false,"potions_floor_spawned":[2,9,11,15,21,29,32,33,36,45,47,48],"ascension_level":0}}