{"host":"wshey5htrz8rni6u","time":1613735702,"event":{"mods":["2.2 Compatiblity","BaseMod","Block Reminder","Colored Map","Colored Powertips","Current Relic Mod","Curses Come First","Dark Map","Key Reminder","Keyboard Shortcuts","Minty Spire (QoL Compilation)","Potion Indicator Mod","Quick Restart","Random Character Button","Relic Sorter","Relic Stats","StSLib","SuperFastMode","Unceasing Turn Reminder","UnlockEverythingMod","Weighted Paths"],"gold_per_floor":[118,118,8,32,9,9,52,79,102,145,175,175,184,209,209,319,319,348,348,348,348,66,96,96,117,192,229,59,78,173,198,198,310,319,343,411,432,482,496,496,496],"floor_reached":40,"language":"ENG","playtime":2110,"items_purged":["Strike_B","Strike_B","Strike_B"],"score":551,"play_id":"e35a2bfc-17d5-4aa2-a89c-2ce5a1f0b328","local_time":"20210219035502","is_ascension_mode":true,"campfire_choices":[{"data":"Zap","floor":6,"key":"SMITH"},{"data":"Chaos","floor":12,"key":"SMITH"},{"data":"Dualcast","floor":15,"key":"SMITH"},{"floor":24,"key":"RECALL"},{"floor":32,"key":"REST"}],"circlet_count":0,"master_deck":["Defend_B","Defend_B","Defend_B","Defend_B","Zap+1","Dualcast+1","Melter","Genetic Algorithm","Ball Lightning","Chaos+1","Gash","Rebound","Melter","Glacier","Electrodynamics","Scrape+1","Capacitor","Body Slam","Intimidate","Leap","Pray","Ghostly","Ghostly","Ghostly","Ghostly","Ghostly","Blade Dance+1","Burst","CurseOfTheBell","Fire Breathing+1","Madness","Madness","Lockon"],"relics":["Cracked Core","NeowsBlessing","keyreminder:keyreminder","CeramicFish","Juzu Bracelet","Orichalcum","Odd Mushroom","WarpedTongs","Fusion Hammer","SsserpentHead","PrismaticShard","Centennial Puzzle","Kunai","Emotion Chip","Calling Bell","Lantern","Matryoshka","Bird Faced Urn"],"acts_visited":["Exordium","TheCity","TheBeyond"],"potions_floor_usage":[11,40],"damage_taken":[{"damage":0,"enemies":"2 Louse","floor":1,"turns":1},{"damage":0,"enemies":"3 Sentries","floor":7,"turns":1},{"damage":0,"enemies":"Cultist","floor":8,"turns":1},{"damage":26,"enemies":"Lagavulin","floor":10,"turns":6},{"damage":4,"enemies":"The Mushroom Lair","floor":11,"turns":3},{"damage":9,"enemies":"Jaw Worm","floor":14,"turns":2},{"damage":25,"enemies":"The Guardian","floor":16,"turns":9},{"damage":6,"enemies":"Shell Parasite","floor":18,"turns":4},{"damage":12,"enemies":"Gremlin Leader","floor":23,"turns":5},{"damage":0,"enemies":"Spheric Guardian","floor":25,"turns":3},{"damage":6,"enemies":"Book of Stabbing","floor":27,"turns":5},{"damage":10,"enemies":"Centurion and Healer","floor":29,"turns":4},{"damage":0,"enemies":"Shelled Parasite and Fungi","floor":31,"turns":6},{"damage":6,"enemies":"Automaton","floor":33,"turns":11},{"damage":0,"enemies":"Orb Walker","floor":35,"turns":4},{"damage":0,"enemies":"3 Shapes","floor":37,"turns":4},{"damage":0,"enemies":"Spire Growth","floor":39,"turns":7},{"damage":56,"enemies":"Giant Head","floor":40,"turns":9}],"seed_played":"-8124273541730977753","potions_obtained":[{"floor":1,"key":"Dexterity Potion"},{"floor":8,"key":"DuplicationPotion"},{"floor":18,"key":"LiquidMemories"},{"floor":29,"key":"FearPotion"},{"floor":33,"key":"LiquidBronze"}],"is_trial":false,"path_per_floor":["M","?","$","T","$","R","E","M","T","E","?","R","?","M","R","B",null,"M","?","?","?","$","E","R","M","T","E","$","M","?","M","R","B",null,"M","?","M","?","M","E"],"character_chosen":"DEFECT","items_purchased":["Genetic Algorithm","Ball Lightning","Capacitor","PrismaticShard","Leap"],"campfire_rested":1,"item_purchase_floors":[3,5,22,22,28],"current_hp_per_floor":[75,75,75,75,75,75,75,75,75,49,45,45,45,36,36,11,75,69,69,69,69,69,57,57,57,57,51,51,41,37,37,37,31,37,37,32,36,36,37,0,0],"gold":496,"neow_bonus":"THREE_ENEMY_KILL","is_daily":false,"chose_seed":false,"campfire_upgraded":3,"win_rate":0.0,"timestamp":1613735702,"path_taken":["M","?","$","?","$","R","E","?","T","E","?","R","?","M","R","BOSS","M","?","?","?","$","E","R","M","T","E","$","M","?","M","R","BOSS","M","?","M","?","M","E"],"items_purchased_type":["Card","Card","Card","Relic","Card"],"build_version":"2020-12-13","purchased_purges":3,"victory":false,"max_hp_per_floor":[75,75,75,75,75,75,75,75,75,75,75,75,75,75,75,75,75,75,75,75,75,75,75,75,75,75,75,75,75,37,37,37,37,37,37,37,37,37,37,37,37],"relic_stats":{"SsserpentHead":150,"Centennial Puzzle":[12],"Emotion Chip":[12,6,2,0,4],"counters":[18,85],"CeramicFish":225,"Bird Faced Urn":[5],"Juzu Bracelet":2,"Kunai":[21],"Orichalcum":[180],"obtain_stats":[{"Lantern":34,"NeowsBlessing":0,"CeramicFish":7,"Juzu Bracelet":9,"Orichalcum":10,"Odd Mushroom":11,"PrismaticShard":22,"WarpedTongs":13,"keyreminder:keyreminder":4,"Calling Bell":34,"SsserpentHead":21,"Centennial Puzzle":23,"Emotion Chip":27,"Matryoshka":34,"Bird Faced Urn":34,"Fusion Hammer":17,"Kunai":26,"Cracked Core":0},{"Lantern":14,"NeowsBlessing":0,"CeramicFish":2,"Juzu Bracelet":3,"Orichalcum":4,"Odd Mushroom":5,"PrismaticShard":8,"WarpedTongs":5,"keyreminder:keyreminder":1,"Calling Bell":14,"SsserpentHead":8,"Centennial Puzzle":9,"Emotion Chip":11,"Matryoshka":14,"Bird Faced Urn":14,"Fusion Hammer":7,"Kunai":10,"Cracked Core":0},{"Lantern":61,"NeowsBlessing":0,"CeramicFish":2,"Juzu Bracelet":3,"Orichalcum":9,"Odd Mushroom":12,"PrismaticShard":27,"WarpedTongs":12,"keyreminder:keyreminder":1,"Calling Bell":61,"SsserpentHead":27,"Centennial Puzzle":32,"Emotion Chip":40,"Matryoshka":61,"Bird Faced Urn":61,"Fusion Hammer":23,"Kunai":35,"Cracked Core":0}],"WarpedTongs":[73]},"card_choices":[{"not_picked":["Barrage","Storm"],"picked":"Melter","floor":1},{"not_picked":["Scrape","Coolheaded"],"picked":"Chaos","floor":7},{"not_picked":["Conserve Battery","Beam Cell"],"picked":"Gash","floor":8},{"not_picked":["Undo","Storm"],"picked":"Rebound","floor":10},{"not_picked":["Steam","Streamline"],"picked":"Melter","floor":11},{"not_picked":["Redo","Streamline"],"picked":"Glacier","floor":14},{"not_picked":["Hyperbeam","Amplify"],"picked":"Electrodynamics","floor":16},{"not_picked":["Turbo+1","Steam"],"picked":"Scrape+1","floor":18},{"not_picked":["Dagger Throw","Underhanded Strike+1","Cleave"],"picked":"SKIP","floor":23},{"not_picked":["Protect","Dodge and Roll+1"],"picked":"Body Slam","floor":25},{"not_picked":["Pommel Strike","Outmaneuver+1"],"picked":"Intimidate","floor":27},{"not_picked":["Backflip+1","JustLucky"],"picked":"Pray","floor":29},{"not_picked":["Indignation","Second Wind+1"],"picked":"Blade Dance+1","floor":31},{"not_picked":["Grand Finale","Bludgeon"],"picked":"Burst","floor":33},{"not_picked":["Second Wind+1","ThirdEye"],"picked":"Fire Breathing+1","floor":35},{"not_picked":["Consecrate+1","Poisoned Stab"],"picked":"Lockon","floor":37},{"not_picked":["True Grit+1","EmptyBody","Dagger Spray+1"],"picked":"SKIP","floor":39}],"player_experience":130785,"relics_obtained":[{"floor":7,"key":"CeramicFish"},{"floor":9,"key":"Juzu Bracelet"},{"floor":10,"key":"Orichalcum"},{"floor":11,"key":"Odd Mushroom"},{"floor":23,"key":"Centennial Puzzle"},{"floor":26,"key":"Kunai"},{"floor":27,"key":"Emotion Chip"},{"floor":34,"key":"Lantern"},{"floor":34,"key":"Matryoshka"},{"floor":34,"key":"Bird Faced Urn"}],"event_choices":[{"cards_removed":["Strike_B"],"damage_healed":0,"gold_gain":0,"player_choice":"Card Removal","damage_taken":0,"max_hp_gain":0,"max_hp_loss":0,"event_name":"Wheel of Change","floor":2,"gold_loss":0},{"damage_healed":0,"gold_gain":0,"player_choice":"Fought Mushrooms","damage_taken":0,"max_hp_gain":0,"max_hp_loss":0,"event_name":"Mushrooms","floor":11,"gold_loss":0},{"damage_healed":0,"gold_gain":0,"player_choice":"Rummage","damage_taken":0,"relics_obtained":["WarpedTongs"],"max_hp_gain":0,"max_hp_loss":0,"event_name":"Accursed Blacksmith","floor":13,"gold_loss":0,"cards_obtained":["Pain"]},{"cards_removed":["Pain"],"damage_healed":0,"gold_gain":0,"player_choice":"Elegance","damage_taken":0,"max_hp_gain":0,"max_hp_loss":0,"event_name":"Back to Basics","floor":19,"gold_loss":0},{"damage_healed":0,"gold_gain":0,"player_choice":"Ignored","damage_taken":0,"max_hp_gain":0,"max_hp_loss":0,"event_name":"Vampires","floor":20,"gold_loss":0},{"damage_healed":0,"gold_gain":0,"player_choice":"Trade","damage_taken":0,"relics_obtained":["SsserpentHead"],"max_hp_gain":0,"max_hp_loss":0,"event_name":"FaceTrader","floor":21,"gold_loss":0},{"damage_healed":0,"gold_gain":0,"player_choice":"Became a Ghost","damage_taken":0,"max_hp_gain":0,"max_hp_loss":38,"event_name":"Ghosts","floor":30,"gold_loss":0,"cards_obtained":["Ghostly","Ghostly","Ghostly","Ghostly","Ghostly"]},{"damage_healed":0,"gold_gain":0,"player_choice":"Embrace Madness","damage_taken":5,"max_hp_gain":0,"max_hp_loss":0,"event_name":"Winding Halls","floor":36,"gold_loss":0,"cards_obtained":["Madness","Madness"]},{"damage_healed":0,"gold_gain":0,"player_choice":"Ignored","damage_taken":0,"max_hp_gain":0,"max_hp_loss":0,"event_name":"Tomb of Lord Red Mask","floor":38,"gold_loss":0}],"is_beta":false,"boss_relics":[{"not_picked":["Runic Pyramid","Runic Dome"],"picked":"Fusion Hammer"},{"not_picked":["Empty Cage","Black Star"],"picked":"Calling Bell"}],"items_purged_floors":[3,22,28],"is_endless":false,"potions_floor_spawned":[1,8,18,29,33,37,39],"killed_by":"Giant Head","ascension_level":2}}