{"host":"ryj999m4rfm064ad","time":1613750220,"event":{"mods":["BaseMod","Colored Map","Downfall","Highlight Path","Minty Spire (QoL Compilation)","Permanent Neow","StSLib","The Servant 0.9.4","UnlockEverythingMod"],"gold_per_floor":[110,129,141,154,169,195,207,221,221,146,157,167,132,132,132,231,231,242,260,288,203,128,138,138,138,138],"floor_reached":25,"language":"ENG","playtime":2192,"items_purged":["Strike_R"],"score":209,"play_id":"f0b0d257-c84f-4a87-ab7f-966ed77d59c7","local_time":"20210219105700","is_ascension_mode":false,"campfire_choices":[{"data":"Body Slam","floor":15,"key":"SMITH"},{"floor":24,"key":"REST"}],"circlet_count":0,"master_deck":["Strike_R","Strike_R","Strike_R","Defend_R+1","Defend_R","Defend_R","Defend_R","Bash","Body Slam+1","Offering","Iron Wave","Shrug It Off","Iron Wave","Body Slam"],"relics":["Burning Blood","Ancient Tea Set","Bag of Preparation","Sundial","Philosopher\u0027s Stone","Red Mask","Blue Candle"],"acts_visited":["Exordium","TheCity"],"potions_floor_usage":[6,16,23,25],"damage_taken":[{"damage":1,"enemies":"Cultist","floor":1,"turns":3},{"damage":5,"enemies":"2 Louse","floor":2,"turns":3},{"damage":0,"enemies":"Small Slimes","floor":3,"turns":4},{"damage":8,"enemies":"Red Slaver","floor":4,"turns":5},{"damage":6,"enemies":"2 Fungi Beasts","floor":5,"turns":4},{"damage":38,"enemies":"3 Sentries","floor":6,"turns":14},{"damage":6,"enemies":"Large Slime","floor":7,"turns":7},{"damage":8,"enemies":"Looter","floor":8,"turns":3},{"damage":3,"enemies":"2 Fungi Beasts","floor":11,"turns":4},{"damage":6,"enemies":"Blue Slaver","floor":12,"turns":3},{"damage":42,"enemies":"Hexaghost","floor":16,"turns":11},{"damage":18,"enemies":"Spheric Guardian","floor":18,"turns":5},{"damage":18,"enemies":"2 Thieves","floor":19,"turns":4},{"damage":33,"enemies":"Masked Bandits","floor":20,"turns":6},{"damage":11,"enemies":"Centurion and Healer","floor":23,"turns":6},{"damage":57,"enemies":"Gremlin Leader","floor":25,"turns":7}],"seed_played":"-5003031695485560442","potions_obtained":[{"floor":1,"key":"PowerPotion"},{"floor":3,"key":"ElixirPotion"},{"floor":4,"key":"DistilledChaos"},{"floor":8,"key":"Swift Potion"},{"floor":18,"key":"Regen Potion"},{"floor":23,"key":"SpeedPotion"}],"is_trial":false,"path_per_floor":["M","M","M","M","M","E","M","M","T","$","M","M","?","?","R","B",null,"M","M","?","?","?","M","R","E"],"character_chosen":"IRONCLAD","items_purchased":[],"campfire_rested":1,"item_purchase_floors":[],"current_hp_per_floor":[80,80,80,78,78,46,46,44,44,44,47,47,67,55,55,19,80,68,56,29,29,29,24,48,0,0],"gold":138,"neow_bonus":"UPGRADE_CARD","is_daily":false,"chose_seed":false,"campfire_upgraded":1,"win_rate":0.0,"timestamp":1613750220,"path_taken":["M","M","M","?","?","E","M","M","T","$","M","M","?","?","R","BOSS","M","M","?","?","?","M","R","E"],"items_purchased_type":[],"build_version":"2020-12-22","purchased_purges":1,"victory":false,"max_hp_per_floor":[80,80,80,80,80,80,80,80,80,80,80,80,80,80,80,80,80,80,80,80,80,80,80,80,80,80],"card_choices":[{"not_picked":["Dual Wield","Cleave","Clash"],"picked":"SKIP","floor":1},{"not_picked":["Flex","Inflame"],"picked":"Body Slam","floor":2},{"not_picked":["Dual Wield","Warcry","Inflame"],"picked":"SKIP","floor":3},{"not_picked":["Cleave","Dual Wield"],"picked":"Offering","floor":4},{"not_picked":["Flame Barrier","Sword Boomerang","Flex"],"picked":"SKIP","floor":5},{"not_picked":["Flame Barrier","Seeing Red"],"picked":"Iron Wave","floor":6},{"not_picked":["Sentinel","Reaper"],"picked":"Shrug It Off","floor":7},{"not_picked":["Clothesline","True Grit"],"picked":"Iron Wave","floor":8},{"not_picked":["Iron Wave","Perfected Strike","Hemokinesis"],"picked":"SKIP","floor":11},{"not_picked":["Clothesline","Sword Boomerang","Havoc"],"picked":"SKIP","floor":12},{"not_picked":["Infernal Blade+1","Armaments+1"],"picked":"Body Slam","floor":18},{"not_picked":["True Grit","Combust","Flex"],"picked":"SKIP","floor":19},{"not_picked":["Bloodletting","Warcry+1","Body Slam"],"picked":"SKIP","floor":23}],"player_experience":602292,"relics_obtained":[{"floor":6,"key":"Ancient Tea Set"},{"floor":9,"key":"Bag of Preparation"},{"floor":20,"key":"Red Mask"}],"event_choices":[{"damage_healed":20,"gold_gain":0,"player_choice":"Healed","damage_taken":0,"max_hp_gain":0,"max_hp_loss":0,"event_name":"The Cleric","floor":13,"gold_loss":35},{"damage_healed":0,"gold_gain":0,"player_choice":"Success","damage_taken":12,"relics_obtained":["Sundial"],"max_hp_gain":0,"max_hp_loss":0,"event_name":"Scrap Ooze","floor":14,"gold_loss":0},{"damage_healed":0,"gold_gain":0,"player_choice":"Fought Bandits","damage_taken":0,"max_hp_gain":0,"max_hp_loss":0,"event_name":"Masked Bandits","floor":20,"gold_loss":0},{"damage_healed":0,"gold_gain":0,"player_choice":"Obtained Relic","damage_taken":0,"relics_obtained":["Blue Candle"],"max_hp_gain":0,"max_hp_loss":0,"event_name":"Addict","floor":21,"gold_loss":85},{"cards_removed":["Strike_R"],"damage_healed":0,"gold_gain":0,"player_choice":"Gave Gold","damage_taken":0,"max_hp_gain":0,"max_hp_loss":0,"event_name":"Beggar","floor":22,"gold_loss":75}],"is_beta":false,"boss_relics":[{"not_picked":["bronze:MakeshiftBattery","SacredBark"],"picked":"Philosopher\u0027s Stone"}],"items_purged_floors":[10],"is_endless":false,"potions_floor_spawned":[1,3,4,8,12,18,23],"killed_by":"Gremlin Leader","ascension_level":0}}