{"host":"tcvx534jwa5yj36h","time":1613772911,"event":{"mods":["BaseMod","Defuse TimeMaze Blight","Hubris","Infinite Spire","Minty Spire (QoL Compilation)","Quick Restart","Replay The Spire","StSLib"],"gold_per_floor":[119,119,119,139,33,68,81,81,81,81,132,189,209,221,255,36,36,36,36],"floor_reached":18,"language":"ENG","playtime":625,"items_purged":["Strike_R"],"score":181,"play_id":"675ffd02-7859-41a6-a549-2c552ea6fba9","local_time":"20210219141511","is_ascension_mode":true,"campfire_choices":[{"data":"Feed","floor":8,"key":"SMITH"},{"data":"Power Through","floor":17,"key":"SMITH"}],"circlet_count":0,"master_deck":["Strike_R","Strike_R","Strike_R","Strike_R","Defend_R","Defend_R+1","Defend_R+1","Defend_R","Bash","hubris:CleavingFinish","Juggernaut","Whirlwind","Limit Break","Limit Break","Feed+1","Impervious","Flex","Power Through+1"],"relics":["Burning Blood","NeowsBlessing","hubris:Towel","PreservedInsect","ReplayTheSpireMod:Lightbulb","War Paint","Dead Branch","Medical Kit"],"acts_visited":["Exordium"],"potions_floor_usage":[18],"damage_taken":[{"damage":0,"enemies":"Small Slimes","floor":1,"turns":1},{"damage":0,"enemies":"Cultist","floor":4,"turns":1},{"damage":0,"enemies":"Gremlin Nob","floor":6,"turns":1},{"damage":17,"enemies":"2 Louse","floor":7,"turns":3},{"damage":20,"enemies":"3 Sentries","floor":12,"turns":3},{"damage":23,"enemies":"Looter","floor":13,"turns":4},{"damage":16,"enemies":"2 Fungi Beasts","floor":14,"turns":4},{"damage":15,"enemies":"Lagavulin","floor":15,"turns":6},{"damage":49,"enemies":"Fading Forest","floor":18,"turns":8}],"seed_played":"-736027440479810578","potions_obtained":[{"floor":4,"key":"EssenceOfSteel"},{"floor":6,"key":"BloodPotion"},{"floor":12,"key":"CultistPotion"}],"is_trial":false,"path_per_floor":["M","?","?","M","$","E","M","R","PTL","PTL","T","?","M","M","E","$","R","B"],"character_chosen":"IRONCLAD","items_purchased":["Limit Break","Medical Kit"],"campfire_rested":0,"item_purchase_floors":[5,16],"current_hp_per_floor":[80,80,80,80,80,80,69,69,69,69,69,59,42,36,27,27,27,0,0],"gold":36,"neow_bonus":"THREE_ENEMY_KILL","is_daily":false,"chose_seed":false,"campfire_upgraded":2,"win_rate":0.0,"timestamp":1613772911,"path_taken":["M","?","?","?","?","E","M","R","PTL","PTL","T","?","M","M","E","$","R","BOSS"],"items_purchased_type":["Card","Relic"],"build_version":"2020-12-22","purchased_purges":1,"victory":false,"max_hp_per_floor":[80,80,80,80,80,80,80,80,80,80,80,84,84,88,88,88,88,88,88],"card_choices":[{"not_picked":["Burning Pact","Power Through"],"picked":"hubris:CleavingFinish","floor":1},{"not_picked":["Iron Wave","Cleave","Shrug It Off"],"picked":"SKIP","floor":4},{"not_picked":["Twin Strike","Shrug It Off","Massacre"],"picked":"SKIP","floor":6},{"not_picked":["Warcry","Cleave"],"picked":"Feed","floor":7},{"not_picked":["Body Slam","Thunderclap"],"picked":"Impervious","floor":13},{"not_picked":["Perfected Strike","Ghostly Armor"],"picked":"Flex","floor":14},{"not_picked":["hubris:ReadiedAction","Havoc"],"picked":"Power Through","floor":15}],"player_experience":356536,"relics_obtained":[{"floor":6,"key":"PreservedInsect"},{"floor":11,"key":"ReplayTheSpireMod:Lightbulb"},{"floor":12,"key":"War Paint"},{"floor":15,"key":"Dead Branch"}],"event_choices":[{"damage_healed":0,"gold_gain":0,"player_choice":"2 cards matched","damage_taken":0,"max_hp_gain":0,"max_hp_loss":0,"event_name":"Match and Keep!","floor":3,"gold_loss":0,"cards_obtained":["Juggernaut","Whirlwind"]},{"damage_healed":0,"gold_gain":0,"player_choice":"Searched \u00272\u0027 times","damage_taken":0,"max_hp_gain":0,"max_hp_loss":0,"event_name":"Dead Adventurer","floor":12,"gold_loss":0}],"is_beta":false,"boss_relics":[],"items_purged_floors":[16],"is_endless":false,"potions_floor_spawned":[4,6,12,13,14],"killed_by":"Fading Forest","ascension_level":5}}