{"host":"pjjzz70vl4t83ifx","time":1613761413,"event":{"mods":["AchievementEnabler","BaseMod","Card Forge","Colored Map","Colored Powertips","Highlight Path","Infinite Spire","Minty Spire (QoL Compilation)","Permanent Neow","Practice Mode","Rare Cards Sparkle","Relic Stats","StSLib","Synergy Search"],"gold_per_floor":[119,129,144,144,161,196,196,231,306,321,321,351,97,47,47,118,118,136,136,136,150,150,183,183,209,235,252,272,272,300,300,300,373,373,390,17,42,94,22,22,22,41,65,65,77,104,0,30,30,30,30,30,4,35,35],"floor_reached":56,"language":"ENG","playtime":2254,"items_purged":["Defend_R","Defend_R","Strike_R"],"score":2015,"play_id":"269a4f45-5d58-4f02-b1f8-85dc1450799d","local_time":"20210219110333","is_ascension_mode":true,"campfire_choices":[{"data":"Armaments","floor":7,"key":"SMITH"},{"data":"infinitespire:Oblivion","floor":11,"key":"SMITH"},{"data":"Limit Break","floor":15,"key":"SMITH"},{"data":"Flex","floor":24,"key":"SMITH"},{"data":"Burning Pact","floor":29,"key":"SMITH"},{"data":"infinitespire:Collect","floor":32,"key":"SMITH"},{"floor":40,"key":"RECALL"},{"data":"infinitespire:Collect","floor":44,"key":"SMITH"},{"data":"Demon Form","floor":49,"key":"SMITH"},{"data":"Fiend Fire","floor":52,"key":"SMITH"}],"circlet_count":0,"master_deck":["AscendersBane","Strike_R","Strike_R","Strike_R+1","Strike_R","Defend_R","Bash","Havoc","Clash+1","infinitespire:Oblivion+1","Shockwave","Armaments+1","Limit Break+1","Metallicize","Flex+1","Double Tap","Whirlwind","infinitespire:Oblivion+1","Fire Breathing","Burning Pact+1","Clash","infinitespire:Collect+1","Demon Form+1","Rupture+1","Feel No Pain","Heavy Blade","Pommel Strike+1","Feel No Pain","infinitespire:Collect+1","Fiend Fire+1","Second Wind","Rage+1","Seeing Red","Headbutt","Flex"],"relics":["Burning Blood","Hammer of Thor","Seething Fire","Anvil of the Gods","NeowsBlessing","Anchor","Calipers","Pen Nib","Bag of Marbles","infinitespire:Burning Sword","Matryoshka","Thread and Needle","HornCleat","Whetstone","Lantern","Letter Opener","Happy Flower","SlaversCollar","TungstenRod","Ice Cream","Du-Vu Doll","infinitespire:FocusingShard","Smiling Mask","infinitespire:Lucky Rock","Charon\u0027s Ashes","Red Mask","infinitespire:Joker Card","Orichalcum"],"acts_visited":["Exordium","TheCity","TheBeyond","TheEnding"],"potions_floor_usage":[10,27,33,33,50,50],"damage_taken":[{"damage":0,"enemies":"Small Slimes","floor":1,"turns":1},{"damage":0,"enemies":"Jaw Worm","floor":2,"turns":1},{"damage":0,"enemies":"2 Louse","floor":3,"turns":1},{"damage":8,"enemies":"Looter","floor":5,"turns":3},{"damage":13,"enemies":"3 Sentries","floor":6,"turns":7},{"damage":3,"enemies":"Lagavulin","floor":8,"turns":4},{"damage":3,"enemies":"Lots of Slimes","floor":10,"turns":4},{"damage":28,"enemies":"Hexaghost","floor":16,"turns":8},{"damage":0,"enemies":"Chosen","floor":18,"turns":3},{"damage":12,"enemies":"Shell Parasite","floor":21,"turns":3},{"damage":8,"enemies":"Slavers","floor":23,"turns":4},{"damage":21,"enemies":"Gremlin Leader","floor":25,"turns":3},{"damage":8,"enemies":"Centurion and Healer","floor":27,"turns":3},{"damage":6,"enemies":"Snake Plant","floor":28,"turns":3},{"damage":8,"enemies":"Book of Stabbing","floor":30,"turns":4},{"damage":12,"enemies":"Champ","floor":33,"turns":4},{"damage":0,"enemies":"Orb Walker","floor":35,"turns":2},{"damage":8,"enemies":"Mind Bloom Boss Battle","floor":37,"turns":3},{"damage":3,"enemies":"2 Orb Walkers","floor":38,"turns":3},{"damage":0,"enemies":"3 Shapes","floor":42,"turns":4},{"damage":0,"enemies":"Writhing Mass","floor":45,"turns":1},{"damage":25,"enemies":"Reptomancer","floor":46,"turns":3},{"damage":0,"enemies":"Nemesis","floor":48,"turns":5},{"damage":23,"enemies":"infinitespire:MassOfShapes","floor":50,"turns":5},{"damage":18,"enemies":"Shield and Spear","floor":54,"turns":3},{"damage":62,"enemies":"The Heart","floor":55,"turns":8}],"seed_played":"-2681076396560532278","potions_obtained":[{"floor":1,"key":"Energy Potion"},{"floor":2,"key":"Swift Potion"},{"floor":6,"key":"DuplicationPotion"},{"floor":10,"key":"Fruit Juice"},{"floor":21,"key":"Explosive Potion"},{"floor":23,"key":"AttackPotion"},{"floor":27,"key":"Ancient Potion"},{"floor":28,"key":"PowerPotion"},{"floor":37,"key":"Block Potion"},{"floor":42,"key":"SneckoOil"},{"floor":46,"key":"DistilledChaos"}],"is_trial":false,"path_per_floor":["M","M","M","?","M","E","R","E","T","M","R","?","$","?","R","B",null,"M","?","?","M","?","E","R","E","T","M","M","R","E","AVR","R","B",null,"M","$","?","?","$","R","AVR","M","T","R","M","E","?","E","R","B",null,"R","$","E","B",null],"character_chosen":"IRONCLAD","items_purchased":["Bag of Marbles","Flex","TungstenRod","Feel No Pain","Feel No Pain","Headbutt"],"campfire_rested":0,"item_purchase_floors":[13,13,36,36,39,53],"current_hp_per_floor":[78,80,80,59,57,50,50,53,53,61,61,61,61,61,61,39,74,80,80,64,58,58,56,56,41,41,39,39,39,37,37,37,31,75,81,81,79,82,82,82,82,88,88,88,90,71,71,77,77,60,83,83,83,71,15],"gold":35,"neow_bonus":"THREE_ENEMY_KILL","is_daily":false,"chose_seed":false,"campfire_upgraded":9,"win_rate":0.0,"timestamp":1613761413,"path_taken":["M","M","M","?","M","E","R","E","T","M","R","?","$","?","R","BOSS","M","?","?","M","?","E","R","E","T","M","?","R","E","AVR","R","BOSS","M","$","?","?","?","R","AVR","M","T","R","?","E","?","E","R","BOSS","R","$","E","BOSS"],"items_purchased_type":["Relic","Card","Relic","Card","Card","Card"],"build_version":"2020-12-22","purchased_purges":3,"victory":true,"max_hp_per_floor":[80,80,80,80,80,80,80,80,80,85,85,85,85,85,85,85,85,85,85,90,90,90,90,90,90,90,90,90,90,90,90,90,90,90,90,90,90,90,90,90,90,90,90,90,90,90,90,90,90,90,90,90,90,90,90],"relic_stats":{"Happy Flower":[13],"counters":[26,93],"Pen Nib":[13],"Charon\u0027s Ashes":[131],"Whetstone":["Strike_R","Clash"],"Letter Opener":[133],"Orichalcum":[0],"Smiling Mask":0,"obtain_stats":[{"Ice Cream":37,"Lantern":26,"Calipers":8,"Hammer of Thor":0,"Whetstone":26,"Smiling Mask":43,"Burning Blood":0,"Matryoshka":19,"HornCleat":25,"Red Mask":47,"NeowsBlessing":0,"Happy Flower":31,"Thread and Needle":23,"Pen Nib":12,"infinitespire:FocusingShard":41,"Charon\u0027s Ashes":46,"infinitespire:Joker Card":48,"Seething Fire":0,"Letter Opener":30,"infinitespire:Lucky Rock":43,"Orichalcum":54,"Du-Vu Doll":38,"SlaversCollar":34,"Anchor":6,"Anvil of the Gods":0,"Bag of Marbles":13,"infinitespire:Burning Sword":17,"TungstenRod":36},{"Ice Cream":18,"Lantern":12,"Calipers":6,"Hammer of Thor":0,"Whetstone":12,"Smiling Mask":20,"Burning Blood":0,"Matryoshka":9,"HornCleat":12,"Red Mask":22,"NeowsBlessing":0,"Happy Flower":15,"Thread and Needle":11,"Pen Nib":7,"infinitespire:FocusingShard":19,"Charon\u0027s Ashes":22,"infinitespire:Joker Card":23,"Seething Fire":0,"Letter Opener":15,"infinitespire:Lucky Rock":20,"Orichalcum":25,"Du-Vu Doll":19,"SlaversCollar":16,"Anchor":5,"Anvil of the Gods":0,"Bag of Marbles":7,"infinitespire:Burning Sword":8,"TungstenRod":17},{"Ice Cream":61,"Lantern":42,"Calipers":17,"Hammer of Thor":0,"Whetstone":42,"Smiling Mask":68,"Burning Blood":0,"Matryoshka":32,"HornCleat":42,"Red Mask":72,"NeowsBlessing":0,"Happy Flower":52,"Thread and Needle":39,"Pen Nib":21,"infinitespire:FocusingShard":64,"Charon\u0027s Ashes":72,"infinitespire:Joker Card":77,"Seething Fire":0,"Letter Opener":52,"infinitespire:Lucky Rock":68,"Orichalcum":85,"Du-Vu Doll":64,"SlaversCollar":56,"Anchor":13,"Anvil of the Gods":0,"Bag of Marbles":21,"infinitespire:Burning Sword":29,"TungstenRod":58}],"Burning Blood":142,"TungstenRod":37},"card_choices":[{"not_picked":["True Grit","Uppercut"],"picked":"Havoc","floor":1},{"not_picked":["Heavy Blade","Warcry"],"picked":"Clash","floor":2},{"not_picked":["Power Through","Evolve","True Grit"],"picked":"SKIP","floor":3},{"not_picked":["infinitespire:FinalStrike","infinitespire:FutureSight"],"picked":"infinitespire:Oblivion","floor":4},{"not_picked":["Battle Trance","Havoc"],"picked":"Shockwave","floor":5},{"not_picked":["Clothesline","Shrug It Off"],"picked":"Armaments","floor":6},{"not_picked":["Intimidate","Rage"],"picked":"Limit Break","floor":8},{"not_picked":["Havoc","Body Slam"],"picked":"Metallicize","floor":10},{"not_picked":["Barricade","Corruption"],"picked":"Double Tap","floor":16},{"not_picked":["Disarm","Armaments"],"picked":"Whirlwind","floor":18},{"not_picked":["Iron Wave","Perfected Strike","Flex"],"picked":"SKIP","floor":21},{"not_picked":["True Grit","Armaments+1"],"picked":"Fire Breathing","floor":23},{"not_picked":["Impervious","Anger","infinitespire:OneForAll"],"picked":"SKIP","floor":25},{"not_picked":["Twin Strike","Sword Boomerang+1"],"picked":"Burning Pact","floor":27},{"not_picked":["Pummel+1","Reckless Charge","Wild Strike"],"picked":"SKIP","floor":28},{"not_picked":["Impervious","Heavy Blade+1"],"picked":"Clash","floor":30},{"not_picked":["Exhume","Feed"],"picked":"Demon Form","floor":33},{"not_picked":["Blood for Blood","Havoc"],"picked":"Rupture+1","floor":35},{"not_picked":["Evolve","Clothesline"],"picked":"Heavy Blade","floor":37},{"not_picked":["Flame Barrier","Sentinel"],"picked":"Pommel Strike+1","floor":38},{"not_picked":["Rage","Shrug It Off"],"picked":"Fiend Fire","floor":42},{"not_picked":["Iron Wave","Searing Blow"],"picked":"Second Wind","floor":45},{"not_picked":["Clash","Whirlwind"],"picked":"Rage+1","floor":46},{"not_picked":["True Grit+1","Anger"],"picked":"Seeing Red","floor":48},{"not_picked":["Headbutt","Clash"],"picked":"Flex","floor":54}],"player_experience":242673,"relics_obtained":[{"floor":6,"key":"Anchor"},{"floor":8,"key":"Calipers"},{"floor":23,"key":"Thread and Needle"},{"floor":25,"key":"HornCleat"},{"floor":26,"key":"Whetstone"},{"floor":26,"key":"Lantern"},{"floor":30,"key":"Letter Opener"},{"floor":37,"key":"Ice Cream"},{"floor":38,"key":"Du-Vu Doll"},{"floor":43,"key":"Smiling Mask"},{"floor":43,"key":"infinitespire:Lucky Rock"},{"floor":46,"key":"Charon\u0027s Ashes"},{"floor":48,"key":"infinitespire:Joker Card"},{"floor":54,"key":"Orichalcum"}],"event_choices":[{"damage_healed":0,"gold_gain":30,"player_choice":"Searched \u00273\u0027 times","damage_taken":0,"relics_obtained":["Pen Nib"],"max_hp_gain":0,"max_hp_loss":0,"event_name":"Dead Adventurer","floor":12,"gold_loss":0},{"cards_removed":["Defend_R"],"damage_healed":0,"gold_gain":0,"player_choice":"Card Removal","damage_taken":0,"max_hp_gain":0,"max_hp_loss":0,"event_name":"The Cleric","floor":14,"gold_loss":50},{"damage_healed":0,"gold_gain":0,"player_choice":"Opened","damage_taken":0,"relics_obtained":["Matryoshka"],"max_hp_gain":0,"max_hp_loss":0,"event_name":"The Mausoleum","floor":19,"gold_loss":0},{"damage_healed":0,"gold_gain":0,"player_choice":"Shed Blood","damage_taken":21,"max_hp_gain":5,"max_hp_loss":0,"event_name":"Forgotten Altar","floor":20,"gold_loss":0},{"damage_healed":0,"gold_gain":0,"player_choice":"Copied","damage_taken":0,"max_hp_gain":0,"max_hp_loss":0,"event_name":"Duplicator","floor":22,"gold_loss":0,"cards_obtained":["infinitespire:Oblivion"]},{"damage_healed":0,"gold_gain":0,"player_choice":"Fight","damage_taken":0,"max_hp_gain":0,"max_hp_loss":0,"event_name":"MindBloom","floor":37,"gold_loss":0},{"damage_healed":0,"gold_gain":0,"player_choice":"Fight","damage_taken":0,"max_hp_gain":0,"max_hp_loss":0,"event_name":"Mysterious Sphere","floor":38,"gold_loss":0},{"damage_healed":0,"gold_gain":0,"player_choice":"Paid","damage_taken":0,"relics_obtained":["Red Mask"],"max_hp_gain":0,"max_hp_loss":0,"event_name":"Tomb of Lord Red Mask","floor":47,"gold_loss":104}],"is_beta":false,"boss_relics":[{"not_picked":["Mark of Pain","Runic Cube"],"picked":"infinitespire:Burning Sword"},{"not_picked":["Fusion Hammer","Runic Pyramid"],"picked":"SlaversCollar"}],"items_purged_floors":[13,31,41],"is_endless":false,"potions_floor_spawned":[1,2,6,10,21,23,27,28,37,42,46],"ascension_level":13}}