{"host":"xumidyqji6pg2yy3","time":1613728620,"event":{"mods":["ATMod(阿瑾Mod)","Act Like it!","BaseMod","Colored Map","Gensokyo","Minty Spire (QoL Compilation)","MostiFishMod","Quick Restart","StSLib","Yakumo Yukari mod","[功能]功能增强和修复MOD"],"gold_per_floor":[132,132,2,2,2,33,33,61,107,107,132,152,152,166,166,264,264,277,151,164,176,276,306,306,336,360,395,395,420,430,430,430,532,532,547,391,404,420,351,377,392,421,421,434,468,468,468,495,495,495,495,495,427,458,458],"floor_reached":56,"language":"ZHS","playtime":3964,"items_purged":["Pain","Clumsy","AT_purpleEX","AT_purpleEX","AT_purpleEX","AT_purpleEX","Defend_purpleEX","Defend_purpleEX","Defend_purpleEX","Defend_purpleEX","Gensokyo:AllTheWorldsEvil","MostiFishMod:Kaleido","MeetDecomposer_purple","Observe_purple_1"],"score":1949,"play_id":"be8b9126-73af-4e99-9538-7e32fe2ec3a0","local_time":"20210219175700","is_ascension_mode":true,"campfire_choices":[{"data":"AT_ThistleTea","floor":7.0,"key":"SMITH"},{"floor":10.0,"key":"REST"},{"data":"PositiveMatter_Antimatter_Universe_purple","floor":15.0,"key":"SMITH"},{"floor":32.0,"key":"RECALL"},{"data":"Observe_purple_2","floor":49.0,"key":"SMITH"},{"data":"Anti_communist_purple","floor":52.0,"key":"SMITH"}],"circlet_count":0,"master_deck":["Observe_purple_2+1","AT_ThistleTea+1","Umbrella_purple+1","Bait_HighSpeedFlying_purple","AT_LightSaberMaster","Anti_communist_purple+1","PositiveMatter_Antimatter_Universe_purple+1","MeetDecomposer_purple+1","WasteWire_Metro_purple","OmniscientAndOmnipotent_Monster_purple","GluttonyofRealm_purpleEX","LoveAcrossDimensions_purple+1","Boundary_DynamicStaticEquilibrium_purple+1","SfantasyHide_purple+1","Boundary_LifeAndDeath_purple+1","ButterflyHabitatTemple_purple+1","ProofOfUnderstanding_purple+1","RuleDissolution_purple+1","Umbrella_purple+1"],"relics":["Boundary_crack","Memoryfragments_purpleEX","AT_ATBox","DaveBox","CombinedTypeHook","SynthV:TestCard","Gensokyo:NagashiBinaDoll","SentryEyes","Frozen Egg 2","Pocketwatch","ThornShield","Dream Catcher","SynthV:C4","Transparent","ChiLing","Chi","Ling","Centennial Puzzle","Pantograph","Turnip","Mango","Tiny Chest","AT_SilvercatRing","AT_ForceNature","InkBottle","ImprovedEquipment","GreenFoldingFan","MetatronsCube","Membership Card","Boot","Vajra","MealTicket","AT_Kusabimaru","Prayer Wheel","Molten Egg 2","HollowDreamFlower","Bag of Preparation","Bronze Scales","TheEssenceOfRealm","AT_DeathDance"],"acts_visited":["Exordium","Gensokyo:Gensokyo","Gensokyo:Gensokyoer","TheEnding"],"potions_floor_usage":[55,55,55],"damage_taken":[{"damage":6.0,"enemies":"Gensokyo:3_Fairies","floor":1.0,"turns":4.0},{"damage":16.0,"enemies":"Gensokyo:Mamizou","floor":6.0,"turns":3.0},{"damage":12.0,"enemies":"Gensokyo:Cirno","floor":8.0,"turns":4.0},{"damage":16.0,"enemies":"Gensokyo:Aya","floor":11.0,"turns":2.0},{"damage":0.0,"enemies":"Gensokyo:2_Kodama","floor":12.0,"turns":2.0},{"damage":0.0,"enemies":"Gensokyo:Python","floor":14.0,"turns":2.0},{"damage":3.0,"enemies":"Gensokyo:Kokoro","floor":16.0,"turns":4.0},{"damage":14.0,"enemies":"Gensokyo:2_Gloops","floor":18.0,"turns":1.0},{"damage":17.0,"enemies":"Gensokyo:AngelMirror","floor":20.0,"turns":1.0},{"damage":33.0,"enemies":"Gensokyo:Wraith","floor":21.0,"turns":2.0},{"damage":33.0,"enemies":"Gensokyo:Wraith","floor":22.0,"turns":2.0},{"damage":45.0,"enemies":"Gensokyo:Tenshi","floor":23.0,"turns":1.0},{"damage":40.0,"enemies":"Gensokyo:Reisen","floor":25.0,"turns":2.0},{"damage":45.0,"enemies":"Gensokyo:Koishi","floor":27.0,"turns":2.0},{"damage":9.0,"enemies":"Gensokyo:Reisen","floor":29.0,"turns":2.0},{"damage":9.0,"enemies":"Gensokyo:Chomper_and_Gloop","floor":30.0,"turns":1.0},{"damage":20.0,"enemies":"Gensokyo:Eiki","floor":33.0,"turns":2.0},{"damage":11.0,"enemies":"Gensokyo:3_Bats","floor":35.0,"turns":1.0},{"damage":11.0,"enemies":"Gensokyo:3_Boulders","floor":37.0,"turns":1.0},{"damage":22.0,"enemies":"Gensokyo:Rafflesia","floor":38.0,"turns":2.0},{"damage":11.0,"enemies":"Gensokyo:Marisa","floor":40.0,"turns":1.0},{"damage":11.0,"enemies":"Gensokyo:4_Bats","floor":41.0,"turns":1.0},{"damage":11.0,"enemies":"Gensokyo:Kasen","floor":42.0,"turns":1.0},{"damage":11.0,"enemies":"Gensokyo:3_Boulders","floor":44.0,"turns":1.0},{"damage":12.0,"enemies":"Gensokyo:Doremy","floor":45.0,"turns":1.0},{"damage":24.0,"enemies":"Gensokyo:Kasen","floor":48.0,"turns":2.0},{"damage":48.0,"enemies":"Gensokyo:Shinki","floor":50.0,"turns":4.0},{"damage":12.0,"enemies":"Shield and Spear","floor":54.0,"turns":1.0},{"damage":36,"enemies":"The Heart","floor":55,"turns":3}],"seed_played":"4963921227925421917","potions_obtained":[{"floor":6.0,"key":"Fruit Juice"},{"floor":11.0,"key":"LiquidBronze"},{"floor":16.0,"key":"Dexterity Potion"},{"floor":20.0,"key":"Energy Potion"},{"floor":23.0,"key":"DistilledChaos"},{"floor":25.0,"key":"SkillPotion"},{"floor":30.0,"key":"DuplicationPotion"},{"floor":30.0,"key":"SkillPotion"}],"is_trial":false,"path_per_floor":["M","?","$","?","$","E","R","E","T","R","E","M","?","M","R","B",null,"M","$","M","M","?","E","?","E","T","E","?","E","M","T","R","B",null,"M","COS","M","M","$","E","M","E","T","M","E","?","?","E","R","B",null,"R","$","E","B",null],"character_chosen":"Youkari","items_purchased":["SentryEyes","CommonSense_AntiCommonSense_purple","Bait_HighSpeedFlying_purple","AT_LightSaberMaster","ChiLing","Centennial Puzzle","Pantograph","Membership Card","Boot","Vajra","ProofOfUnderstanding_purple+1","Bronze Scales","TheEssenceOfRealm","RuleDissolution_purple","MeetDecomposer_purple","Umbrella_purple+1"],"campfire_rested":1,"item_purchase_floors":[3,3,3,3,19,19,19,39,39,39,53,53,53,53,53,53],"current_hp_per_floor":[66,66,66,52,52,40,40,33,33,54,40,41,34,38,38,40,70,70,70,78,78,95,98,98,98,98,98,98,98,101,101,101,101,101,104,104,107,107,107,107,107,107,107,110,113,68,68,113,113,116,116,116,116,116,116],"gold":458,"neow_bonus":"RANDOM_COLORLESS_2","is_daily":false,"chose_seed":false,"campfire_upgraded":4,"win_rate":0.0,"timestamp":1613728620,"path_taken":["M","?","$","?","?","E","R","E","T","R","E","M","?","?","R","BOSS","M","$","M","?","?","E","?","E","T","E","?","E","?","?","R","BOSS","M","COS","M","M","$","E","?","E","T","M","E","?","?","E","R","BOSS","R","$","E","BOSS"],"items_purchased_type":["Relic","Card","Card","Card","Relic","Relic","Relic","Relic","Relic","Relic","Card","Relic","Relic","Card","Card","Card"],"build_version":"2020-12-22","purchased_purges":14,"victory":true,"max_hp_per_floor":[70,70,70,70,70,70,70,70,70,70,70,70,70,70,70,70,70,70,70,78,78,95,98,98,98,98,98,98,98,101,101,101,101,101,104,104,107,107,107,107,107,107,107,110,113,113,113,113,113,116,116,116,116,116,116],"card_choices":[{"not_picked":["AT_FalsePromise","Panache"],"picked":"MostiFishMod:Kaleido","floor":0.0},{"not_picked":["Mirror_FourBoundary_purple","Charmbait_purple"],"picked":"Umbrella_purple","floor":1.0},{"not_picked":["Umbrella_purple","StateErode_purple","Mirror_WaveAndshot_purple","Worldmountain_purple"],"picked":"Anti_communist_purple","floor":6.0},{"not_picked":["Worldmountain_purple","Realm_recovery_purpleEX","Price_of_realm_purpleEX","RuleDissolution_purple"],"picked":"PositiveMatter_Antimatter_Universe_purple","floor":8.0},{"not_picked":["Shallow_ocean_purpleEX","Worldmountain_purple","Line_surface_state_purple","DarkRealmRedLine_purple"],"picked":"MeetDecomposer_purple","floor":11.0},{"not_picked":["MeetDecomposer_purple","Boundary_LightAndDark_purple","Realm_recovery_purpleEX","AdvanceAttack_purple"],"picked":"WasteWire_Metro_purple","floor":12.0},{"not_picked":["Boundary_LightAndDark_purple","Worldmountain_purple","Charmbait_purple","Shallow_ocean_purpleEX"],"picked":"OmniscientAndOmnipotent_Monster_purple","floor":14.0},{"not_picked":["Mirror_TwoAndThreeElementRealm_purple","MagicEyes_LaplaceDemon_purple","Theboundaryofcreation_purpleEX","WasteWire_Metro_purple"],"picked":"GluttonyofRealm_purpleEX","floor":16.0},{"not_picked":["StateDuplicate_purple","OmniscientAndOmnipotent_Monster_purple","ButterflyHabitatTemple_purple+1","Mirror_FourBoundary_purple+1","DimensionStaggered_purple"],"picked":"SKIP","floor":18.0},{"not_picked":["Bait_HighSpeedFlying_purple+1","MeetDecomposer_purple","MetroBOOM_purple","Shallow_ocean_purpleEX","StateDuplicate_purple+1"],"picked":"SKIP","floor":20.0},{"not_picked":["MNeedle_purple+1","PurpleNeedle_purple+1","Mirror_FormAndEmptin_purple+1","ExistenceContinue_purple"],"picked":"LoveAcrossDimensions_purple+1","floor":21.0},{"not_picked":["Shallow_ocean_purpleEX","Charmbait_purple","Line_surface_state_purple","DimensionStaggered_purple"],"picked":"Boundary_DynamicStaticEquilibrium_purple+1","floor":22.0},{"not_picked":["Mirror_FormAndEmptin_purple","MeetDecomposer_purple","OmniscientAndOmnipotent_Monster_purple","StateDuplicate_purple","Charmbait_purple"],"picked":"SKIP","floor":23.0},{"not_picked":["ButterflyHabitatTemple_purple+1","Mirror_WaveAndshot_purple","ContainerChange_purple+1","Boundary_ObjectiveBoundary_purple"],"picked":"SfantasyHide_purple","floor":25.0},{"not_picked":["WorldDissolvedintheRealm_purple","Charmbait_purple","Erosivefilter_purple","RuptureOfTimeAndSpace_purple+1","Umbrella_purple"],"picked":"SKIP","floor":27.0},{"not_picked":["ExternalForce_HighSpeedFlying_purple","Boundary_DreamRealityDamnation_purple","MetroBOOM_purple","Shallow_ocean_purpleEX","WeekHit_purple"],"picked":"SKIP","floor":29.0},{"not_picked":["MeetDecomposer_purple","ExternalForce_HighSpeedFlying_purple","RuptureOfTimeAndSpace_purple","Boundary_ObjectiveBoundary_purple+1","RuleDissolution_purple"],"picked":"SKIP","floor":30.0},{"not_picked":["Theboundaryofcreation_purpleEX","Mirror_TwoAndThreeElementRealm_purple","GluttonyofRealm_purpleEX","Human_Monster_Realm_purple"],"picked":"Boundary_LifeAndDeath_purple","floor":33.0},{"not_picked":["Line_surface_state_purple","Worldmountain_purple","OmniscientAndOmnipotent_Monster_purple","Shallow_ocean_purpleEX+1","DimensionStaggered_purple+1"],"picked":"SKIP","floor":35.0},{"not_picked":["StretchesForeverDream_purple","StateDuplicate_purple+1","RuleDissolution_purple","PurpleNeedle_purple+1","Worldmountain_purple+1"],"picked":"SKIP","floor":37.0},{"not_picked":["Shallow_ocean_purpleEX+1","WingOfChimera_purple+1","Extrememeaning_purpleEX+1","StateErode_purple+1","AdvanceAttack_purple+1"],"picked":"SKIP","floor":38.0},{"not_picked":["Line_surface_state_purple","MNeedle_purple+1","Charmbait_purple","PurpleNeedle_purple"],"picked":"ButterflyHabitatTemple_purple+1","floor":40.0},{"not_picked":["RuleDissolution_purple","SharpContractionReality_purple","Human_Monster_Realm_purple","OmniscientAndOmnipotent_Monster_purple","Line_surface_state_purple+1"],"picked":"SKIP","floor":41.0},{"not_picked":["Human_Monster_Realm_purple","PositiveMatter_Antimatter_Universe_purple+1","SharpContractionReality_purple+1","DarkRealmRedLine_purple+1","Boundary_LightAndDark_purple+1"],"picked":"SKIP","floor":42.0},{"not_picked":["Charmbait_purple+1","StateErode_purple","ButterflyHabitatTemple_purple+1","Line_surface_state_purple+1","RuptureOfTimeAndSpace_purple"],"picked":"SKIP","floor":44.0},{"not_picked":["Mirror_Drifter_purple","MeetDecomposer_purple+1","StateDuplicate_purple+1","CommonSense_AntiCommonSense_purple+1","SfantasyHide_purple+1"],"picked":"SKIP","floor":44.0},{"not_picked":["Boundary_DynamicStaticEquilibrium_purple+1","SharpContractionReality_purple+1","Shallow_ocean_purpleEX+1","MNeedle_purple+1","Line_surface_state_purple+1"],"picked":"SKIP","floor":45.0},{"not_picked":["SfantasyHide_purple+1","Mirror_FourBoundary_purple+1","Boundary_ObjectiveBoundary_purple+1","PositiveMatter_Antimatter_Universe_purple+1","Photoelasticity_Doppler_Effect_purple+1"],"picked":"SKIP","floor":48.0},{"not_picked":["StateDuplicate_purple","Line_surface_state_purple+1","RuleDissolution_purple","Mirror_FormAndEmptin_purple+1","ExternalForce_HighSpeedFlying_purple+1"],"picked":"SKIP","floor":54.0}],"player_experience":81161,"relics_obtained":[{"floor":1.0,"key":"SynthV:TestCard"},{"floor":6.0,"key":"Pocketwatch"},{"floor":8.0,"key":"ThornShield"},{"floor":9.0,"key":"Dream Catcher"},{"floor":11.0,"key":"SynthV:C4"},{"floor":22.0,"key":"Turnip"},{"floor":22.0,"key":"Mango"},{"floor":23.0,"key":"Tiny Chest"},{"floor":25.0,"key":"AT_SilvercatRing"},{"floor":27.0,"key":"AT_ForceNature"},{"floor":29.0,"key":"InkBottle"},{"floor":31.0,"key":"ImprovedEquipment"},{"floor":40.0,"key":"MealTicket"},{"floor":42.0,"key":"AT_Kusabimaru"},{"floor":43.0,"key":"Prayer Wheel"},{"floor":45.0,"key":"Molten Egg 2"},{"floor":48.0,"key":"Bag of Preparation"},{"floor":54.0,"key":"AT_DeathDance"}],"event_choices":[],"is_beta":false,"boss_relics":[{"not_picked":["Empty Cage","MoonlightInvasionPlan"],"picked":"Transparent"},{"not_picked":["Cursed Key","Snecko Eye"],"picked":"GreenFoldingFan"}],"items_purged_floors":[3,3,3,3,3,3,3,19,19,19,39,39,53,53],"is_endless":false,"potions_floor_spawned":[6,11,16,18,20,20,23,23,25,27,30,30,37,37,38,40,41,44,48,54],"ascension_level":1}}