{"host":"g2yp6paluzgljz05","time":1613707994,"event":{"mods":["BaseMod","Bestiary","Colored Powertips","DeckTracker","Highlight Path","Minty Spire (QoL Compilation)","Quick Restart"],"gold_per_floor":[110,60,71,71,71,71,112,112,165,165,165],"floor_reached":10,"language":"ENG","playtime":574,"items_purged":[],"score":102,"play_id":"86dda5ba-afb5-4a0b-90eb-4033a9a2d5a8","local_time":"20210219151314","is_ascension_mode":true,"campfire_choices":[{"data":"Shrug It Off","floor":6,"key":"SMITH"},{"data":"Shrug It Off","floor":8,"key":"SMITH"}],"circlet_count":0,"master_deck":["AscendersBane","Strike_R","Strike_R","Strike_R","Strike_R","Defend_R","Defend_R","Defend_R","Defend_R","Bash","Shrug It Off+1","Shrug It Off+1","Ghostly Armor"],"relics":["Burning Blood","Golden Idol","Ornamental Fan","Centennial Puzzle"],"acts_visited":["Exordium"],"potions_floor_usage":[7],"damage_taken":[{"damage":4,"enemies":"Small Slimes","floor":1,"turns":4},{"damage":1,"enemies":"2 Louse","floor":3,"turns":4},{"damage":47,"enemies":"3 Sentries","floor":7,"turns":18},{"damage":32,"enemies":"Gremlin Nob","floor":10,"turns":4}],"seed_played":"4914334171613274529","potions_obtained":[{"floor":3,"key":"BloodPotion"}],"is_trial":false,"path_per_floor":["M","?","M","?","$","R","E","R","T","E"],"character_chosen":"IRONCLAD","items_purchased":[],"campfire_rested":0,"item_purchase_floors":[],"current_hp_per_floor":[74,74,79,59,59,59,34,34,34,2,2],"gold":165,"neow_bonus":"THREE_CARDS","is_daily":false,"chose_seed":false,"campfire_upgraded":2,"win_rate":0.0,"timestamp":1613707994,"path_taken":["M","?","M","?","$","R","E","R","T","E"],"items_purchased_type":[],"build_version":"2020-12-22","purchased_purges":0,"victory":false,"max_hp_per_floor":[80,80,80,80,80,80,80,80,80,80,80],"card_choices":[{"not_picked":["Armaments","Sever Soul"],"picked":"Shrug It Off","floor":0},{"not_picked":["Heavy Blade","Burning Pact"],"picked":"Shrug It Off","floor":1},{"not_picked":["Flex","Sword Boomerang"],"picked":"Ghostly Armor","floor":3},{"not_picked":["Pummel","Pommel Strike","Twin Strike"],"picked":"SKIP","floor":7}],"player_experience":393715,"relics_obtained":[{"floor":7,"key":"Ornamental Fan"},{"floor":9,"key":"Centennial Puzzle"}],"event_choices":[{"cards_removed":["Strike_R"],"damage_healed":0,"gold_gain":0,"player_choice":"Card Removal","damage_taken":0,"max_hp_gain":0,"max_hp_loss":0,"event_name":"The Cleric","floor":2,"gold_loss":50},{"damage_healed":0,"gold_gain":0,"player_choice":"Take Damage","damage_taken":20,"relics_obtained":["Golden Idol"],"max_hp_gain":0,"max_hp_loss":0,"event_name":"Golden Idol","floor":4,"gold_loss":0}],"is_beta":false,"boss_relics":[],"items_purged_floors":[],"is_endless":false,"potions_floor_spawned":[3],"killed_by":"Gremlin Nob","ascension_level":12}}