{"host":"snn1c4qsf0fj7fzf","time":1613703481,"event":{"mods":["AchievementEnabler","Act Like it!","Aspiration","Astrologer","BaseMod","Colored Powertips","Downfall","Gensokyo","Hermit","Hubris","Infinite Spire","Lobotomy","Minty Spire (QoL Compilation)","Random Character Button","Rare Cards Sparkle","Reimu??????","Reliquary","Replay The Spire","Shop Mod","Spire Arcade","StSLib","The Administrix","The Bug Knight","The Cursed","The Gatherer","The Hierophant","The Poker Player","The Runesmith"],"gold_per_floor":[99,116,126,86,98,127,127,146,173,173,185,185,13,25,38,38,38,38],"floor_reached":16,"language":"ENG","playtime":4547,"items_purged":["Guardian:Strike_Guardian"],"score":114,"play_id":"48bdbaae-8c4e-4241-9670-2837ddcc0611","local_time":"20210219105801","is_ascension_mode":false,"campfire_choices":[{"data":"Guardian:CurlUp","floor":1,"key":"SMITH"},{"data":"Guardian:TwinSlam","floor":12,"key":"SMITH"}],"circlet_count":0,"master_deck":["Guardian:Strike_Guardian","Guardian:Strike_Guardian","Guardian:Strike_Guardian","Guardian:Defend_Guardian","Guardian:Defend_Guardian","Guardian:Defend_Guardian","Guardian:Defend_Guardian","Guardian:CurlUp+1","Guardian:TwinSlam+1","Guardian:Planning","Guardian:ExploitGems","Guardian:Incinerate","Guardian:Gem_Lightblue","Guardian:Gem_White","Guardian:Gem_Green","Guardian:SpikerProtocol"],"relics":["Guardian:ModeShifter","Mastiff:ReiMu","PaintedHorse:ReiMu","reliquary:Sideboard","Replay:Bottled Flurry","ReplayTheSpireMod:Lightbulb"],"acts_visited":["Exordium"],"potions_floor_usage":[6,9,15,16],"damage_taken":[{"damage":8,"enemies":"Jaw Worm","floor":2,"turns":6},{"damage":1,"enemies":"2 Louse","floor":3,"turns":4},{"damage":5,"enemies":"Small Slimes","floor":5,"turns":4},{"damage":10,"enemies":"Lagavulin","floor":6,"turns":8},{"damage":4,"enemies":"2 Fungi Beasts","floor":8,"turns":5},{"damage":12,"enemies":"Gremlin Nob","floor":9,"turns":5},{"damage":11,"enemies":"Lots of Slimes","floor":11,"turns":5},{"damage":0,"enemies":"downfall:FleeingMerchant","floor":13,"turns":4},{"damage":4,"enemies":"Exordium Wildlife","floor":14,"turns":6},{"damage":4,"enemies":"downfall:LooterAlt","floor":15,"turns":3},{"damage":25,"enemies":"IC_STATUS_ARCHETYPE","floor":16,"turns":8}],"seed_played":"2810874691034062231","potions_obtained":[{"floor":3,"key":"EssenceOfSteel"},{"floor":8,"key":"SpeedPotion"},{"floor":11,"key":"Guardian:StasisDiscoveryPotion"},{"floor":14,"key":"Guardian:StasisDiscoveryPotion"}],"is_trial":false,"path_per_floor":["R","M","M","?","M","E","T","M","E","?","M","R","$","M","M","B"],"character_chosen":"GUARDIAN","items_purchased":["Guardian:SpikerProtocol"],"campfire_rested":0,"item_purchase_floors":[13],"current_hp_per_floor":[80,72,71,71,66,56,56,52,40,40,29,29,29,25,21,0,0,0],"gold":38,"neow_bonus":"RANDOM_COMMON_RELIC","is_daily":false,"chose_seed":false,"campfire_upgraded":2,"win_rate":0.0,"timestamp":1613703481,"path_taken":["R","M","M","?","M","E","T","M","E","?","?","R","$","M","M","BOSS"],"items_purchased_type":["Card"],"build_version":"2020-12-22","purchased_purges":1,"victory":false,"max_hp_per_floor":[80,80,80,80,80,80,80,80,80,80,80,80,80,80,80,80,80,80],"card_choices":[{"not_picked":["Guardian:PiercingHide","Guardian:PrimingBeam"],"picked":"Guardian:Planning","floor":2},{"not_picked":["Guardian:DonusPower","Guardian:ChargeCore"],"picked":"Guardian:ExploitGems","floor":3},{"not_picked":["Guardian:DecasProtection","Guardian:BronzeArmor"],"picked":"Guardian:Incinerate","floor":5},{"not_picked":["Guardian:WalkerClaw","Guardian:PolyBeam","Guardian:PrismaticBarrier"],"picked":"SKIP","floor":6},{"not_picked":["Guardian:Gem_Red","Guardian:Suspension"],"picked":"Guardian:Gem_White","floor":8},{"not_picked":["Guardian:Suspension","Guardian:RollAttack"],"picked":"Guardian:Gem_Lightblue","floor":9},{"not_picked":["Guardian:Suspension","Guardian:Incinerate","Guardian:Reroute"],"picked":"SKIP","floor":11},{"not_picked":["Guardian:Clone","Guardian:FloatingOrbs"],"picked":"Guardian:Gem_Green","floor":13},{"not_picked":["Guardian:Gem_Purple","Guardian:WalkerClaw"],"picked":"Guardian:Gem_Blue","floor":14},{"not_picked":["Guardian:Gem_Crimson","Guardian:Gem_Fragmented"],"picked":"Guardian:EvasiveProtocol","floor":15}],"player_experience":436265,"relics_obtained":[{"floor":6,"key":"reliquary:Sideboard"},{"floor":7,"key":"Replay:Bottled Flurry"},{"floor":9,"key":"ReplayTheSpireMod:Lightbulb"}],"event_choices":[{"damage_healed":0,"gold_gain":0,"player_choice":"Donate","damage_taken":0,"relics_obtained":["PaintedHorse:ReiMu"],"max_hp_gain":0,"max_hp_loss":0,"event_name":"yidonshenshe","floor":4,"gold_loss":40}],"is_beta":false,"boss_relics":[],"items_purged_floors":[13],"is_endless":false,"potions_floor_spawned":[3,8,11,14],"killed_by":"IC_STATUS_ARCHETYPE","ascension_level":0}}