{"host":"pq8o62wp0h1hflf3","time":1613747949,"event":{"mods":["BaseMod","Colored Map","Minty Spire (QoL Compilation)","Relic Stats","ojb\u0027s Info Mod"],"gold_per_floor":[115,5,25,25,45,70,86,86,136,136,163,174,207,225,225,297,297,317,317,317,329,0,33,53,53,79,79,106,106,125,139,139,213,213,232,248,263,263,277,312,312,332,332,350,377,396,421,157,157,157,157,157,157,0,25,25],"floor_reached":57,"language":"ENG","playtime":3573,"items_purged":["Shame","Strike_R+1"],"score":2787,"play_id":"c2b5fa9b-ca0b-4155-81c1-93f68a5c4a08","local_time":"20210219101909","is_ascension_mode":true,"campfire_choices":[{"data":"Inflame","floor":10.0,"key":"SMITH"},{"data":"Disarm","floor":15.0,"key":"SMITH"},{"data":"Demon Form","floor":27.0,"key":"SMITH"},{"floor":32.0,"key":"RECALL"},{"data":"Disarm","floor":41.0,"key":"SMITH"},{"data":"Flame Barrier","floor":49,"key":"SMITH"},{"data":"Battle Trance","floor":53,"key":"SMITH"}],"circlet_count":0,"master_deck":["AscendersBane","Strike_R+1","Strike_R+1","Strike_R+1","Defend_R+1","Defend_R+1","Defend_R+1","Defend_R+1","Bash","Inflame+1","Twin Strike","Cleave","Whirlwind","Reaper","Pommel Strike","Spot Weakness","Pummel","Disarm+1","Shrug It Off","Demon Form+1","Flame Barrier+1","Sword Boomerang","Dual Wield+1","Exhume","Disarm+1","Demon Form+1","Heavy Blade+1","Battle Trance+1","Shrug It Off","Shockwave"],"relics":["Burning Blood","Whetstone","HornCleat","Vajra","PreservedInsect","MealTicket","Snecko Eye","Kunai","Lantern","Meat on the Bone","Omamori","Coffee Dripper","CaptainsWheel","Incense Burner","Nunchaku","Centennial Puzzle","Anchor","Pen Nib","Mummified Hand"],"acts_visited":["Exordium","TheCity","TheBeyond","TheEnding"],"potions_floor_usage":[56,56],"damage_taken":[{"damage":4.0,"enemies":"Jaw Worm","floor":1.0,"turns":4.0},{"damage":14.0,"enemies":"Small Slimes","floor":3.0,"turns":4.0},{"damage":0.0,"enemies":"2 Louse","floor":5.0,"turns":2.0},{"damage":20.0,"enemies":"Lagavulin","floor":6.0,"turns":6.0},{"damage":11.0,"enemies":"Looter","floor":7.0,"turns":3.0},{"damage":24.0,"enemies":"Gremlin Nob","floor":11.0,"turns":4.0},{"damage":7.0,"enemies":"Exordium Wildlife","floor":12.0,"turns":3.0},{"damage":30.0,"enemies":"Lagavulin","floor":13.0,"turns":5.0},{"damage":8.0,"enemies":"Gremlin Gang","floor":14.0,"turns":3.0},{"damage":34.0,"enemies":"Hexaghost","floor":16.0,"turns":9.0},{"damage":21.0,"enemies":"Shell Parasite","floor":18.0,"turns":2.0},{"damage":8.0,"enemies":"Chosen","floor":21.0,"turns":4.0},{"damage":24.0,"enemies":"Slavers","floor":23.0,"turns":4.0},{"damage":12.0,"enemies":"Snecko","floor":24.0,"turns":4.0},{"damage":27.0,"enemies":"Book of Stabbing","floor":28.0,"turns":4.0},{"damage":6.0,"enemies":"Centurion and Healer","floor":30.0,"turns":6.0},{"damage":9.0,"enemies":"Snake Plant","floor":31.0,"turns":4.0},{"damage":68.0,"enemies":"Collector","floor":33.0,"turns":7.0},{"damage":1.0,"enemies":"Orb Walker","floor":35.0,"turns":4.0},{"damage":66.0,"enemies":"3 Shapes","floor":36.0,"turns":13.0},{"damage":35.0,"enemies":"Spire Growth","floor":37.0,"turns":5.0},{"damage":21.0,"enemies":"Writhing Mass","floor":39.0,"turns":10.0},{"damage":65.0,"enemies":"Giant Head","floor":40.0,"turns":6.0},{"damage":15.0,"enemies":"Sphere and 2 Shapes","floor":42.0,"turns":16.0},{"damage":17.0,"enemies":"Transient","floor":44.0,"turns":6.0},{"damage":17.0,"enemies":"Nemesis","floor":45.0,"turns":5.0},{"damage":0.0,"enemies":"3 Darklings","floor":46.0,"turns":2.0},{"damage":40.0,"enemies":"Giant Head","floor":47.0,"turns":5.0},{"damage":36,"enemies":"Time Eater","floor":50,"turns":10},{"damage":42,"enemies":"Awakened One","floor":51,"turns":12},{"damage":12,"enemies":"Shield and Spear","floor":55,"turns":6},{"damage":30,"enemies":"The Heart","floor":56,"turns":6}],"seed_played":"5241984314239534767","potions_obtained":[{"floor":1.0,"key":"FearPotion"},{"floor":3.0,"key":"Weak Potion"},{"floor":11.0,"key":"LiquidMemories"},{"floor":13.0,"key":"DuplicationPotion"},{"floor":33.0,"key":"PowerPotion"}],"is_trial":false,"path_per_floor":["M","$","M","?","M","E","M","?","T","R","E","M","E","M","R","B",null,"M","?","?","M","$","E","M","$","T","R","E","?","M","M","R","B",null,"M","M","M","?","M","E","R","M","T","M","E","M","E","$","R","B","B",null,"R","$","E","B",null],"character_chosen":"IRONCLAD","items_purchased":["Inflame","Twin Strike","Lantern","Flame Barrier","Anchor","Pen Nib"],"campfire_rested":0,"item_purchase_floors":[2,2,22,22,48,54],"current_hp_per_floor":[70,70,62,67,73,59,54,47,47,47,29,40,32,48,48,34,69,54,54,54,62,77,62,74,80,80,80,59,59,76,80,80,30,68,80,71,59,59,80,80,80,80,80,80,69,80,80,80,80,80,80,80,80,80,80,56],"gold":25,"neow_bonus":"RANDOM_COMMON_RELIC","is_daily":false,"chose_seed":false,"campfire_upgraded":6,"win_rate":0.0,"timestamp":1613747949,"path_taken":["M","$","M","?","M","E","M","?","T","R","E","M","E","M","R","BOSS","M","?","?","M","$","E","M","$","T","R","E","?","?","M","R","BOSS","M","M","?","?","M","E","R","?","T","M","E","M","E","$","R","BOSS","BOSS","R","$","E","BOSS"],"items_purchased_type":["Card","Card","Relic","Card","Relic","Relic"],"build_version":"2020-12-22","purchased_purges":2,"victory":true,"max_hp_per_floor":[75,75,75,80,80,80,80,80,80,80,80,80,80,80,80,80,80,80,80,80,80,80,80,80,80,80,80,80,80,80,80,80,80,80,80,80,80,80,80,80,80,80,80,80,80,80,80,80,80,80,80,80,80,80,80,80],"relic_stats":{"counters":[32,184],"PreservedInsect":531,"Pen Nib":[2],"Whetstone":["Strike_R","Strike_R"],"Burning Blood":139,"Nunchaku":[6],"Centennial Puzzle":[12],"Mummified Hand":[13],"Snecko Eye":[251,212,282,238],"MealTicket":21,"Kunai":[27],"obtain_stats":[{"Lantern":22,"Vajra":9,"PreservedInsect":11,"Pen Nib":54,"Omamori":28,"Incense Burner":43,"Whetstone":0,"Burning Blood":0,"CaptainsWheel":40,"Nunchaku":45,"Centennial Puzzle":47,"Anchor":48,"HornCleat":6,"Mummified Hand":55,"Snecko Eye":17,"MealTicket":13,"Coffee Dripper":34,"Kunai":19,"Meat on the Bone":23},{"Lantern":12,"Vajra":5,"PreservedInsect":6,"Pen Nib":30,"Omamori":15,"Incense Burner":24,"Whetstone":0,"Burning Blood":0,"CaptainsWheel":23,"Nunchaku":26,"Centennial Puzzle":28,"Anchor":28,"HornCleat":4,"Mummified Hand":31,"Snecko Eye":10,"MealTicket":8,"Coffee Dripper":18,"Kunai":11,"Meat on the Bone":13},{"Lantern":49,"Vajra":19,"PreservedInsect":23,"Pen Nib":172,"Omamori":61,"Incense Burner":132,"Whetstone":0,"Burning Blood":0,"CaptainsWheel":116,"Nunchaku":143,"Centennial Puzzle":150,"Anchor":150,"HornCleat":16,"Mummified Hand":178,"Snecko Eye":43,"MealTicket":31,"Coffee Dripper":78,"Kunai":45,"Meat on the Bone":53}],"Meat on the Bone":12},"card_choices":[{"not_picked":["Metallicize","Flex","Sword Boomerang"],"picked":"SKIP","floor":1.0},{"not_picked":["Hemokinesis","Double Tap"],"picked":"Cleave","floor":3.0},{"not_picked":["Havoc","Flex"],"picked":"Whirlwind","floor":5.0},{"not_picked":["Warcry","Evolve"],"picked":"Reaper","floor":6.0},{"not_picked":["Havoc","Dropkick"],"picked":"Pommel Strike","floor":7.0},{"not_picked":["Juggernaut","Dropkick"],"picked":"Spot Weakness","floor":11.0},{"not_picked":["Combust","Metallicize"],"picked":"Pummel","floor":12.0},{"not_picked":["Dark Embrace","Pommel Strike"],"picked":"Disarm","floor":13.0},{"not_picked":["Intimidate","Iron Wave"],"picked":"Shrug It Off","floor":14.0},{"not_picked":["Bludgeon","Brutality"],"picked":"Demon Form","floor":16.0},{"not_picked":["Dark Embrace","Pommel Strike+1","Thunderclap"],"picked":"SKIP","floor":18.0},{"not_picked":["Headbutt","Rage","Flex"],"picked":"SKIP","floor":21.0},{"not_picked":["Clothesline","Pommel Strike"],"picked":"Sword Boomerang","floor":23.0},{"not_picked":["Reckless Charge","Headbutt","Perfected Strike"],"picked":"SKIP","floor":24.0},{"not_picked":["Disarm+1","Entrench+1"],"picked":"Dual Wield+1","floor":28.0},{"not_picked":["Cleave","Warcry","Dropkick"],"picked":"SKIP","floor":30.0},{"not_picked":["Clothesline","Cleave","Pommel Strike"],"picked":"SKIP","floor":31.0},{"not_picked":["Fiend Fire","Immolate"],"picked":"Exhume","floor":33.0},{"not_picked":["Anger","Hemokinesis","Power Through"],"picked":"SKIP","floor":35.0},{"not_picked":["Dropkick+1","Infernal Blade"],"picked":"Disarm","floor":36.0},{"not_picked":["Armaments+1","Iron Wave","Blood for Blood"],"picked":"SKIP","floor":37.0},{"not_picked":["Dark Embrace","Ghostly Armor"],"picked":"Heavy Blade+1","floor":39.0},{"not_picked":["Twin Strike","Warcry"],"picked":"Battle Trance","floor":40.0},{"not_picked":["Heavy Blade+1","Ghostly Armor"],"picked":"Shrug It Off","floor":42.0},{"not_picked":["Inflame","Rupture","Perfected Strike"],"picked":"SKIP","floor":44.0},{"not_picked":["Feel No Pain","Perfected Strike","Clothesline"],"picked":"SKIP","floor":45.0},{"not_picked":["Dark Embrace+1","Thunderclap","Fiend Fire"],"picked":"SKIP","floor":46.0},{"not_picked":["Perfected Strike","Body Slam","Pummel"],"picked":"SKIP","floor":47.0},{"not_picked":["Metallicize","Warcry"],"picked":"Shockwave","floor":55}],"player_experience":1190660,"relics_obtained":[{"floor":6.0,"key":"HornCleat"},{"floor":9.0,"key":"Vajra"},{"floor":11.0,"key":"PreservedInsect"},{"floor":13.0,"key":"MealTicket"},{"floor":23.0,"key":"Meat on the Bone"},{"floor":28.0,"key":"Omamori"},{"floor":40.0,"key":"CaptainsWheel"},{"floor":43.0,"key":"Incense Burner"},{"floor":45.0,"key":"Nunchaku"},{"floor":47.0,"key":"Centennial Puzzle"},{"floor":55,"key":"Mummified Hand"}],"event_choices":[{"damage_healed":0.0,"max_hp_gain":5.0,"max_hp_loss":0.0,"gold_gain":0.0,"event_name":"Big Fish","player_choice":"Donut","floor":4.0,"gold_loss":0.0,"damage_taken":0.0},{"cards_removed":["Strike_R"],"damage_healed":0.0,"max_hp_gain":0.0,"max_hp_loss":0.0,"gold_gain":0.0,"event_name":"Golden Wing","player_choice":"Card Removal","floor":8.0,"gold_loss":0.0,"damage_taken":7.0},{"damage_healed":0.0,"max_hp_gain":0.0,"max_hp_loss":0.0,"gold_gain":0.0,"event_name":"Addict","player_choice":"Stole Relic","floor":19.0,"gold_loss":0.0,"damage_taken":0.0,"relics_obtained":["Kunai"],"cards_obtained":["Shame"]},{"damage_healed":0.0,"max_hp_gain":0.0,"max_hp_loss":0.0,"gold_gain":0.0,"event_name":"Ghosts","player_choice":"Ignored","floor":20.0,"gold_loss":0.0,"damage_taken":0.0},{"damage_healed":0.0,"max_hp_gain":0.0,"max_hp_loss":0.0,"gold_gain":0.0,"event_name":"Back to Basics","player_choice":"Simplicity","floor":29.0,"gold_loss":0.0,"damage_taken":0.0,"cards_upgraded":["Strike_R","Strike_R","Defend_R","Defend_R","Defend_R","Defend_R"]},{"damage_healed":0.0,"max_hp_gain":0.0,"max_hp_loss":0.0,"gold_gain":0.0,"event_name":"Duplicator","player_choice":"Copied","floor":38.0,"gold_loss":0.0,"damage_taken":0.0,"cards_obtained":["Demon Form"]}],"is_beta":false,"boss_relics":[{"not_picked":["Velvet Choker","Astrolabe"],"picked":"Snecko Eye"},{"not_picked":["Pandora\u0027s Box","SlaversCollar"],"picked":"Coffee Dripper"}],"items_purged_floors":[22,48],"is_endless":false,"potions_floor_spawned":[1,3,11,13,18,23,30,33,36,39,40,44,46],"ascension_level":20}}