{"host":"rbccvrvdyhsypb23","time":1613705269,"event":{"mods":["AchievementEnabler","Act Like it!","Arknights","Aspiration","BaseMod","Better Third Choice","BetterRewards","Fox Events","Friendly Minions","Gensokyo","Hubris","Infinite Spire","Ironclad Rager","KomeijiMod","Minty Spire (QoL Compilation)","Replay The Spire","Shade Mod","StSLib","The Blackbeard","The Marked","The Mystic","Wandering Minibosses"],"gold_per_floor":[112,112,129,148,228,261,261,294,345,345,355,355,388,140,140,238,238,252,268,295,32,51,83,83,109,134,160,180,180,180,191,191,301,401,438,438,482,525,575,647,720,791,803,815,827,920,932,997,1009,1182,1194,1297,1402,1414,1149,1237,1237,1327,1327,1327,1432,1432,1432,1532,1635,1635,1821,1821,1946,1946,1946,1946,1946,2093,2093,2236,2290,2441,2501,2661,2841,3035,3035,3309,3309,3533,3533,3533,3304,3304,3526,3765,4026,4101,3961,4216,4491,4491,4788,4788,5146,5146,5489,5847,5847,6230,6642,7100,7100,7574,7600,8097,7957,7592,8081,8920,8920,9712,9712,10348,10348,10348,10398,11086,11814,12596,12596,12596,13416,14299,15221,15221,15179,15179],"floor_reached":135,"language":"ENG","playtime":7823,"items_purged":["hubris:Envy","Clumsy","Strike_Komeiji"],"score":3987,"play_id":"0bacb7fe-3038-425d-92e2-e2bd429a579f","local_time":"20210219062749","is_ascension_mode":true,"campfire_choices":[{"data":"Dash_Komeiji","floor":7.0,"key":"SMITH"},{"data":"DemonLordCradle","floor":10.0,"key":"SMITH"},{"floor":15.0,"key":"REST"},{"data":"HagoromoKu","floor":24.0,"key":"SMITH"},{"floor":29.0,"key":"REST"},{"data":"MiraiBunraku","floor":32.0,"key":"SMITH"},{"data":"ThoughtExtend","floor":49.0,"key":"SMITH"},{"data":"TenguhouSokujitsuken","floor":57.0,"key":"SMITH"},{"data":"MiraiBunraku","floor":59.0,"key":"SMITH"},{"data":"infinitespire:Punishment","floor":66.0,"key":"SMITH"},{"data":"SeekerDolls","floor":75.0,"key":"SMITH"},{"data":"HagoromoMizu","floor":83.0,"key":"SMITH"},{"data":"hubris:Fate","floor":100.0,"key":"SMITH"},{"data":"HagoromoKu","floor":109.0,"key":"SMITH"},{"data":"Defend_Komeiji","floor":117.0,"key":"PURGE"},{"floor":129,"key":"RECALL"}],"circlet_count":0,"master_deck":["Strike_Komeiji","Defend_Komeiji","Dash_Komeiji+1","DemonLordCradle+1","DemonLordCradle+1","RoshinSou+1","NingyouKisou+1","JyouchiJin+1","MiraiBunraku+1","HagoromoKu+1","MiraiBunraku+1","NingyouKisou+1","SeekerWire+1","HagoromoMizu+1","HagoromoKu+1","SeekerWire+1","NingyouFukuhei+1","SeekerDolls+1","infinitespire:Punishment+1","NingyouSousou+1","KokorosuKi+1","NarrowSpark+1","ThoughtExtend+1","NingyouSP+1","TenguhouSokujitsuken+1","hubris:Fate+1","Gensokyo:ShootingStar+1","HelanNingyou+1","LittleLegion+1","MiraiBunraku+1"],"relics":["KomeijisEye","SpellCardsRule","MusicBox","KyoryuNoHagoromo","Replay:Baseball","Chemical X","CrystalOfMemory","aspiration:TomeofQuesting","Orichalcum","infinitespire:WardingShard","ReplayTheSpireMod:CursedCoin","Snack Pack","hubris:HollowSoul","Red Mask","Membership Card","Replay:Rubber Ducky","Quantum Egg","Ginger","ReplayTheSpireMod:Lightbulb","infinitespire:EmpoweringShard","Coffee Dripper","hubris:HerbalPaste","infinitespire:EvilPickle","Replay:Wanted Poster","wanderingMiniBosses:Blackblade","MawBank","aspiration:HummingbirdHeart","Juzu Bracelet","Pondfish Scales","Replay:Grab Bag","infinitespire:Cupcake","Busted Crown","Empty Cage","Gensokyo:NagashiBinaDoll","hubris:CuriousFeather","Simple Rune","Boot","infinitespire:Beetle Shell","Dream Catcher","Bronze Scales","SlaversCollar","Gensokyo:RedStar","hubris:BottledRain","ReplayTheSpireMod:Shallot","Toy Ornithopter","hubris:TinFlute","Ice Cream","ReiryokuShyu","hubris:64BitClover","hubris:ToyBattleship","hubris:Potato","aspiration:StickyExplosives","Replay:Bottled Eggs","Toxic Egg 2","Medical Kit","aspiration:RandomNobGenerator","hubris:Teleporter","Golden Egg","Art of War","hubris:TenFootPole","Replay:Towering Pillar of Hats","OrangePellets","DollysMirror","Smiling Mask","hubris:ScarierMask","hubris:Towel","Tiny Chest","InkBottle","Matryoshka","Bag of Marbles","Bag of Preparation","Ancient Tea Set","infinitespire:Satchel"],"acts_visited":["Exordium","TheCity","TheBeyond","TheBeyond","Gensokyo:Gensokyo","Gensokyo:Gensokyoer","Gensokyo:Gensokyoest","Gensokyo:Gensokyo"],"potions_floor_usage":[],"damage_taken":[{"damage":0.0,"enemies":"Gensokyo:3_Fairies","floor":1.0,"turns":4.0},{"damage":3.0,"enemies":"Gensokyo:Gryphon","floor":3.0,"turns":4.0},{"damage":0.0,"enemies":"Gensokyo:Python","floor":4.0,"turns":4.0},{"damage":0.0,"enemies":"Gensokyo:Mamizou","floor":6.0,"turns":8.0},{"damage":0.0,"enemies":"Gensokyo:Cirno","floor":8.0,"turns":4.0},{"damage":0.0,"enemies":"Gensokyo:2_Rabbits","floor":11.0,"turns":3.0},{"damage":19.0,"enemies":"Gensokyo:Aya","floor":13.0,"turns":7.0},{"damage":8.0,"enemies":"Gensokyo:Kokoro","floor":16.0,"turns":15.0},{"damage":5.0,"enemies":"Shell Parasite","floor":18.0,"turns":12.0},{"damage":9.0,"enemies":"3 Byrds","floor":19.0,"turns":6.0},{"damage":0.0,"enemies":"Masked Bandits","floor":20.0,"turns":7.0},{"damage":1.0,"enemies":"Snake Plant","floor":22.0,"turns":9.0},{"damage":22.0,"enemies":"Slavers","floor":23.0,"turns":6.0},{"damage":0.0,"enemies":"Gremlin Leader","floor":25.0,"turns":8.0},{"damage":18.0,"enemies":"Slavers","floor":27.0,"turns":3.0},{"damage":0.0,"enemies":"Shelled Parasite and Fungi","floor":28.0,"turns":9.0},{"damage":0.0,"enemies":"Chosen and Byrds","floor":31.0,"turns":5.0},{"damage":6.0,"enemies":"Pondfish","floor":33.0,"turns":10.0},{"damage":1.0,"enemies":"Orb Walker","floor":35.0,"turns":2.0},{"damage":0.0,"enemies":"3 Shapes","floor":37.0,"turns":3.0},{"damage":0.0,"enemies":"3 Darklings","floor":38.0,"turns":6.0},{"damage":0.0,"enemies":"Spire Growth","floor":39.0,"turns":5.0},{"damage":2.0,"enemies":"Giant Head","floor":40.0,"turns":8.0},{"damage":0.0,"enemies":"Sphere and 2 Shapes","floor":41.0,"turns":3.0},{"damage":1.0,"enemies":"Maw","floor":42.0,"turns":7.0},{"damage":3.0,"enemies":"Nightmare","floor":46.0,"turns":10.0},{"damage":0.0,"enemies":"2 Orb Walkers","floor":48.0,"turns":4.0},{"damage":1.0,"enemies":"Donu and Deca","floor":50.0,"turns":7.0},{"damage":0.0,"enemies":"Gensokyo:2_Kodama","floor":52.0,"turns":1.0},{"damage":0.0,"enemies":"Gensokyo:Python","floor":53.0,"turns":2.0},{"damage":0.0,"enemies":"Gensokyo:Gryphon","floor":56.0,"turns":2.0},{"damage":0.0,"enemies":"Gensokyo:Aya","floor":58.0,"turns":4.0},{"damage":0.0,"enemies":"Gensokyo:Cirno","floor":61.0,"turns":4.0},{"damage":0.0,"enemies":"Nightmare","floor":64.0,"turns":5.0},{"damage":0.0,"enemies":"Gensokyo:Kitsune","floor":65.0,"turns":2.0},{"damage":0.0,"enemies":"Gensokyo:Kokoro","floor":67.0,"turns":3.0},{"damage":0.0,"enemies":"Gensokyo:2_Gloops","floor":69.0,"turns":2.0},{"damage":0.0,"enemies":"Gensokyo:Koishi","floor":74.0,"turns":2.0},{"damage":0.0,"enemies":"Gensokyo:Tenshi","floor":76.0,"turns":3.0},{"damage":0.0,"enemies":"Gensokyo:Chomper","floor":78.0,"turns":3.0},{"damage":0.0,"enemies":"Gensokyo:Swordslinger","floor":80.0,"turns":4.0},{"damage":0.0,"enemies":"Gensokyo:Koishi","floor":81.0,"turns":4.0},{"damage":0.0,"enemies":"Gensokyo:Wraith","floor":82.0,"turns":1.0},{"damage":0.0,"enemies":"Gensokyo:Eiki","floor":84.0,"turns":3.0},{"damage":0.0,"enemies":"Gensokyo:3_Bats","floor":86.0,"turns":1.0},{"damage":0.0,"enemies":"Gensokyo:Kasen","floor":91.0,"turns":3.0},{"damage":0.0,"enemies":"Gensokyo:3_Boulders","floor":92.0,"turns":2.0},{"damage":0.0,"enemies":"Gensokyo:Doremy","floor":93.0,"turns":2.0},{"damage":0.0,"enemies":"Gensokyo:Dusk_and_Dawn","floor":96.0,"turns":3.0},{"damage":0.0,"enemies":"Gensokyo:Marisa","floor":97.0,"turns":4.0},{"damage":0.0,"enemies":"Gensokyo:4_Bats","floor":99.0,"turns":2.0},{"damage":0.0,"enemies":"Gensokyo:Shinki","floor":101.0,"turns":6.0},{"damage":0.0,"enemies":"Gensokyo:Gryphon","floor":103.0,"turns":2.0},{"damage":0.0,"enemies":"Gensokyo:Python","floor":104.0,"turns":2.0},{"damage":0.0,"enemies":"Gensokyo:3_Fairies","floor":106.0,"turns":3.0},{"damage":0.0,"enemies":"Gensokyo:CorruptedTreant","floor":107.0,"turns":2.0},{"damage":0.0,"enemies":"Gensokyo:Aya","floor":108.0,"turns":2.0},{"damage":0.0,"enemies":"Gensokyo:Mamizou","floor":110.0,"turns":2.0},{"damage":0.0,"enemies":"Gensokyo:Gryphon_and_Rabbit","floor":112.0,"turns":2.0},{"damage":0.0,"enemies":"Gensokyo:Cirno","floor":115.0,"turns":5.0},{"damage":0.0,"enemies":"Gensokyo:LivingMonolith","floor":116.0,"turns":2.0},{"damage":0.0,"enemies":"infinitespire:LordOfFortification","floor":118.0,"turns":9.0},{"damage":0.0,"enemies":"Gensokyo:Chomper","floor":120.0,"turns":1.0},{"damage":0,"enemies":"Gensokyo:Reisen","floor":125,"turns":2},{"damage":0,"enemies":"Gensokyo:3_Dogs","floor":126,"turns":2},{"damage":0,"enemies":"Gensokyo:Koishi","floor":127,"turns":2},{"damage":0,"enemies":"Gensokyo:Slime_Group","floor":130,"turns":1},{"damage":0,"enemies":"Gensokyo:Reisen","floor":131,"turns":2},{"damage":0,"enemies":"Gensokyo:Swordslinger","floor":133,"turns":3},{"damage":0,"enemies":"infinitespire:LordOfFortification","floor":135,"turns":4}],"seed_played":"4224160449225746360","potions_obtained":[{"floor":3.0,"key":"Explosive Potion"},{"floor":6.0,"key":"Dexterity Potion"},{"floor":11.0,"key":"Flashbang"},{"floor":13.0,"key":"AttackPotion"},{"floor":20.0,"key":"Block Potion"},{"floor":22.0,"key":"Energy Potion"},{"floor":23.0,"key":"Adrenaline Potion"},{"floor":25.0,"key":"Weak Potion"},{"floor":31.0,"key":"Energy Potion"},{"floor":38.0,"key":"Fire Potion"},{"floor":39.0,"key":"LiquidBronze"},{"floor":50.0,"key":"Ancient Potion"},{"floor":67.0,"key":"PowerPotion"}],"is_trial":false,"path_per_floor":["M","?","M","M","?","E","R","E","T","R","M","?","E","$","R","B",null,"M","M","?","$","M","E","R","E","T","E","M","R","AVR","M","R","B",null,"M","?","M","M","M","E","M","M","T","?","?","NM","?","?","R","B",null,"M","M","?","$","M","R","E","R","T","E","?","?","NM","M","R","B",null,"M","?","?","AVR","T","E","R","E","T","M","?","M","E","M","R","B",null,"M","?","?","$","?","E","M","E","T","$","M","E","?","M","R","B",null,"M","M","?","M","M","E","R","E","T","M","?","COS","E","M","R","B",null,"M","?","?","T","E","M","E","T","R","M","E","M","R","B"],"character_chosen":"KomeijiSatori","items_purchased":["DemonLordCradle","Replay:Baseball","Chemical X","PowerPotion","ReplayTheSpireMod:CursedCoin","HagoromoKu","Snack Pack","Membership Card","Replay:Rubber Ducky","HagoromoKu","hubris:CuriousFeather","Simple Rune","hubris:64BitClover","hubris:ToyBattleship","Medical Kit"],"campfire_rested":2,"item_purchase_floors":[0,0,0,0,14,14,14,21,21,21,55,55,89,89,95],"current_hp_per_floor":[50,50,47,47,47,47,47,47,47,47,47,47,28,28,43,37,50,49,50,50,50,50,32,32,32,32,18,18,33,33,39,39,43,50,49,49,50,50,50,50,50,50,50,50,50,49,49,50,50,49,50,50,50,50,50,50,50,50,50,50,50,50,50,50,50,50,50,50,50,50,50,50,50,50,50,50,50,50,38,44,50,50,50,50,50,50,50,50,50,30,39,42,47,47,47,50,50,43,46,46,50,50,50,50,50,50,50,50,50,50,50,50,50,50,50,50,50,50,50,50,50,50,50,50,50,50,50,50,50,50,50,50,50,50],"gold":15179,"neow_bonus":"","is_daily":false,"chose_seed":false,"campfire_upgraded":12,"win_rate":0.0,"timestamp":1613705269,"path_taken":["M","?","M","M","?","E","R","E","T","R","M","?","E","$","R","BOSS","M","M","?","$","M","E","R","E","T","E","M","R","AVR","M","R","BOSS","M","?","M","M","?","E","M","M","T","?","?","NM","?","?","R","BOSS","M","M","?","$","M","R","E","R","T","E","?","?","NM","M","R","BOSS","M","?","?","AVR","?","E","R","E","T","M","?","M","E","M","R","BOSS","M","?","?","?","?","E","M","E","T","$","M","E","?","M","R","BOSS","M","M","?","M","M","E","R","E","T","M","?","COS","E","M","R","BOSS","M","?","?","?","E","M","E","T","R","M","E","M","R","BOSS"],"items_purchased_type":["Card","Relic","Relic","Potion","Relic","Card","Relic","Relic","Relic","Card","Relic","Relic","Relic","Relic","Relic"],"build_version":"2020-12-22","purchased_purges":3,"victory":false,"max_hp_per_floor":[50,50,50,50,50,50,50,50,50,50,50,50,50,50,50,50,50,50,50,50,50,50,50,50,50,50,50,50,50,50,50,50,50,50,50,50,50,50,50,50,50,50,50,50,50,50,50,50,50,50,50,50,50,50,50,50,50,50,50,50,50,50,50,50,50,50,50,50,50,50,50,50,50,50,50,50,50,50,50,50,50,50,50,50,50,50,50,50,50,50,50,50,50,50,50,50,50,50,50,50,50,50,50,50,50,50,50,50,50,50,50,50,50,50,50,50,50,50,50,50,50,50,50,50,50,50,50,50,50,50,50,50,50,50],"card_choices":[{"not_picked":["KeiseiJin+1","NingyouSP+1","NingyouMusou+1"],"picked":"SKIP","floor":1.0},{"not_picked":["KimairaNoYoku","Agarareta+1"],"picked":"DemonLordCradle","floor":3.0},{"not_picked":["Melting","KeiseiJin+1","KinbakuJin+1"],"picked":"SKIP","floor":4.0},{"not_picked":["SeekerWire+1","MissingPower"],"picked":"RoshinSou+1","floor":6.0},{"not_picked":["KimairaNoYoku","SelfTokamak"],"picked":"NingyouKisou+1","floor":8.0},{"not_picked":["NingyouShinki+1","KoKei+1"],"picked":"JyouchiJin+1","floor":11.0},{"not_picked":["SatsujinDooru","HagoromoKu"],"picked":"MiraiBunraku","floor":13.0},{"not_picked":["HisouTensoku","TerribleSouvenir"],"picked":"MiraiBunraku","floor":16.0},{"not_picked":["Agarareta+1","RikonNoKama+1"],"picked":"NingyouKisou+1","floor":18.0},{"not_picked":["NingyouSousou+1","HenyouMirume"],"picked":"SeekerWire+1","floor":19.0},{"not_picked":["HisouNoKen","TenguNoTaiko"],"picked":"HagoromoMizu","floor":20.0},{"not_picked":["NingyouChiyari+1","ShyakuBuku"],"picked":"SeekerWire+1","floor":22.0},{"not_picked":["InscribeRedSoul","TenguNoTaiko"],"picked":"NingyouFukuhei+1","floor":23.0},{"not_picked":["SenyouGoraku+1","EverywhereHibernate"],"picked":"SeekerDolls","floor":25.0},{"not_picked":["NingyouYunhei+1","SeekerDolls+1","KeiseiJin+1"],"picked":"SKIP","floor":27.0},{"not_picked":["TenguNoTaiko","NingyouChiyari+1"],"picked":"GroundStardust+1","floor":28.0},{"not_picked":["RikonNoKama+1","HenyouMirume"],"picked":"NingyouSousou+1","floor":31.0},{"not_picked":["KoKei+1","DemonLordCradle","JyouchiJin+1"],"picked":"SKIP","floor":35.0},{"not_picked":["MusuNoYume+1","SeekerDolls","MajikuruSanhai+1"],"picked":"SKIP","floor":37.0},{"not_picked":["wanderingMiniBosses:FinaleOfPromise"],"picked":"SKIP","floor":38.0},{"not_picked":["NingyouShinki+1","MissingPower+1","SeekerDolls+1"],"picked":"SKIP","floor":38.0},{"not_picked":["HisouNoKen","ShyakuBuku","SuitokuNoKyoryu+1"],"picked":"SKIP","floor":39.0},{"not_picked":["DemonLordCradle","KeiseiJin+1","Melting"],"picked":"SKIP","floor":40.0},{"not_picked":["SelfTokamak+1","ShyakuBuku+1"],"picked":"NarrowSpark+1","floor":41.0},{"not_picked":["KinbakuJin+1","ArtfulChanter","AbyssNova"],"picked":"SKIP","floor":42.0},{"not_picked":["Impatience","Jack Of All Trades"],"picked":"ThoughtExtend","floor":45.0},{"not_picked":["KokorosuKi+1","MusuNoYume"],"picked":"NingyouSP+1","floor":46.0},{"not_picked":["LunaDial","MunenMusou"],"picked":"TenguhouSokujitsuken","floor":50.0},{"not_picked":["KinbakuJin+1"],"picked":"SKIP","floor":52.0},{"not_picked":["RikonNoKama+1"],"picked":"SKIP","floor":53.0},{"not_picked":["MusuNoYume"],"picked":"SKIP","floor":56.0},{"not_picked":["ShyakuBuku"],"picked":"SKIP","floor":58.0},{"not_picked":["KinbakuJin+1"],"picked":"SKIP","floor":61.0},{"not_picked":["infinitespire:Gouge","infinitespire:Collect"],"picked":"hubris:Fate","floor":64.0},{"not_picked":["YoukiSo+1"],"picked":"SKIP","floor":64.0},{"not_picked":["NingyouSP+1"],"picked":"SKIP","floor":65.0},{"not_picked":["NingyouKasou+1"],"picked":"SKIP","floor":69.0},{"not_picked":["MajikuruSanhai+1"],"picked":"SKIP","floor":74.0},{"not_picked":["HagoromoKu"],"picked":"SKIP","floor":76.0},{"not_picked":["NingyouShinki+1"],"picked":"SKIP","floor":78.0},{"not_picked":["OoedoNingyou+1"],"picked":"SKIP","floor":80.0},{"not_picked":["DemonsDinnerFork"],"picked":"SKIP","floor":81.0},{"not_picked":["SuitokuNoKyoryu"],"picked":"SKIP","floor":82.0},{"not_picked":[],"picked":"Gensokyo:ShootingStar","floor":84.0},{"not_picked":[],"picked":"HelanNingyou","floor":84.0},{"not_picked":["Sabishigari+1"],"picked":"SKIP","floor":86.0},{"not_picked":["DochyakuKami+1"],"picked":"SKIP","floor":91.0},{"not_picked":["HisouNoKen+1"],"picked":"SKIP","floor":92.0},{"not_picked":[],"picked":"LittleLegion+1","floor":93.0},{"not_picked":["Sabishigari+1"],"picked":"SKIP","floor":96.0},{"not_picked":["KimairaNoYoku+1"],"picked":"SKIP","floor":97.0},{"not_picked":["MissingPower+1"],"picked":"SKIP","floor":99.0},{"not_picked":["NingyouShinki+1"],"picked":"SKIP","floor":103.0},{"not_picked":["KimairaNoYoku+1"],"picked":"SKIP","floor":104.0},{"not_picked":["NingyouSP+1"],"picked":"SKIP","floor":106.0},{"not_picked":["NingyouChiyari+1"],"picked":"SKIP","floor":107.0},{"not_picked":["FreezeTouchMe+1"],"picked":"SKIP","floor":108.0},{"not_picked":["NingyouMusou+1"],"picked":"SKIP","floor":110.0},{"not_picked":["KinbakuJin+1"],"picked":"SKIP","floor":112.0},{"not_picked":["DochyakuKami+1"],"picked":"SKIP","floor":115.0},{"not_picked":["JyouchiJin+1"],"picked":"SKIP","floor":116.0},{"not_picked":["NingyouSousou+1"],"picked":"SKIP","floor":120.0},{"not_picked":["ArtfulChanter+1"],"picked":"SKIP","floor":125},{"not_picked":["DochyakuKami+1"],"picked":"SKIP","floor":126},{"not_picked":["NingyouChiyari+1"],"picked":"SKIP","floor":127},{"not_picked":["KinbakuJin+1"],"picked":"SKIP","floor":130},{"not_picked":["DochyakuKami+1"],"picked":"SKIP","floor":131},{"not_picked":["KeiseiJin+1"],"picked":"SKIP","floor":133}],"player_experience":647440,"relics_obtained":[{"floor":6.0,"key":"CrystalOfMemory"},{"floor":8.0,"key":"aspiration:TomeofQuesting"},{"floor":9.0,"key":"Orichalcum"},{"floor":13.0,"key":"infinitespire:WardingShard"},{"floor":20.0,"key":"Red Mask"},{"floor":23.0,"key":"Quantum Egg"},{"floor":25.0,"key":"Ginger"},{"floor":26.0,"key":"ReplayTheSpireMod:Lightbulb"},{"floor":27.0,"key":"infinitespire:EmpoweringShard"},{"floor":38.0,"key":"wanderingMiniBosses:Blackblade"},{"floor":40.0,"key":"MawBank"},{"floor":43.0,"key":"aspiration:HummingbirdHeart"},{"floor":46.0,"key":"Juzu Bracelet"},{"floor":48.0,"key":"Pondfish Scales"},{"floor":58.0,"key":"Boot"},{"floor":60.0,"key":"infinitespire:Beetle Shell"},{"floor":61.0,"key":"Dream Catcher"},{"floor":64.0,"key":"Bronze Scales"},{"floor":73.0,"key":"hubris:BottledRain"},{"floor":74.0,"key":"ReplayTheSpireMod:Shallot"},{"floor":76.0,"key":"Toy Ornithopter"},{"floor":79.0,"key":"hubris:TinFlute"},{"floor":81.0,"key":"Ice Cream"},{"floor":91.0,"key":"aspiration:StickyExplosives"},{"floor":93.0,"key":"Replay:Bottled Eggs"},{"floor":94.0,"key":"Toxic Egg 2"},{"floor":106.0,"key":"hubris:Teleporter"},{"floor":108.0,"key":"Golden Egg"},{"floor":110.0,"key":"Art of War"},{"floor":111.0,"key":"hubris:TenFootPole"},{"floor":115.0,"key":"Smiling Mask"},{"floor":123,"key":"Tiny Chest"},{"floor":125,"key":"InkBottle"},{"floor":127,"key":"Matryoshka"},{"floor":128,"key":"Bag of Marbles"},{"floor":128,"key":"Bag of Preparation"},{"floor":130,"key":"Ancient Tea Set"},{"floor":131,"key":"infinitespire:Satchel"}],"event_choices":[{"damage_healed":0.0,"max_hp_gain":0.0,"max_hp_loss":0.0,"gold_gain":0.0,"event_name":"Masked Bandits","player_choice":"Fought Bandits","floor":20.0,"gold_loss":0.0,"damage_taken":0.0},{"damage_healed":0.0,"max_hp_gain":0.0,"max_hp_loss":0.0,"gold_gain":0.0,"cards_transformed":["Strike_Komeiji"],"event_name":"Transmorgrifier","player_choice":"Transformed","floor":36.0,"gold_loss":0.0,"damage_taken":0.0,"cards_obtained":["KokorosuKi"]},{"cards_removed":["GroundStardust"],"damage_healed":0.0,"max_hp_gain":0.0,"max_hp_loss":0.0,"gold_gain":0.0,"event_name":"Falling","player_choice":"Removed Attack","floor":44.0,"gold_loss":0.0,"damage_taken":0.0},{"damage_healed":0.0,"max_hp_gain":0.0,"max_hp_loss":0.0,"gold_gain":0.0,"event_name":"SensoryStone","player_choice":"Memory 1","floor":45.0,"gold_loss":0.0,"damage_taken":0.0},{"damage_healed":0.0,"max_hp_gain":0.0,"max_hp_loss":0.0,"gold_gain":0.0,"event_name":"Mysterious Sphere","player_choice":"Fight","floor":48.0,"gold_loss":0.0,"damage_taken":0.0}],"is_beta":false,"boss_relics":[{"not_picked":["aspiration:FutureDiary","aspiration:RunicSpoon"],"picked":"hubris:HollowSoul"},{"not_picked":["hubris:TerracottaHorce","Cursed Key"],"picked":"Replay:Wanted Poster"},{"not_picked":["Grimoire","aspiration:PoetsPen"],"picked":"Replay:Grab Bag"},{"not_picked":["Fusion Hammer","hubris:CrackedHourglass"],"picked":"infinitespire:Cupcake"},{"not_picked":["ReplayTheSpireMod:Onyx Gauntlets","ChewingGum"],"picked":"Busted Crown"},{"not_picked":["Kintsugi","Calling Bell"],"picked":"Empty Cage"},{"not_picked":["aspiration:WatcherSkillbook","hubris:BlackHole"],"picked":"SlaversCollar"},{"not_picked":["aspiration:SecretTechniqueScroll","hubris:Stopwatch"],"picked":"ReiryokuShyu"},{"not_picked":["Tiny House","Black Star"],"picked":"aspiration:RandomNobGenerator"},{"not_picked":["Honey Jar","Replay:Ancient Bell"],"picked":"hubris:ScarierMask"}],"items_purged_floors":[14,55,95],"is_endless":true,"potions_floor_spawned":[3,6,11,13,20,22,23,25,31,38,39,41,50,56,67,74,76,82,84,86,93,99,103,106,110,112,115,126,131,133],"killed_by":"infinitespire:LordOfFortification","ascension_level":1}}