{"host":"3p4eynvdmgjf7qvn","time":1613723331,"event":{"mods":["Aspiration","BaseMod","Better Note","Better Skull","Colored Map","Colored Powertips","Downfall","Hermit","Hubris","Minty Spire (QoL Compilation)","Relic Stats","Robot Space Explorer","StSLib","The Bug Knight","The Disciple","The Forsaken","The Hierophant","The Jungle","The Marked","The Necromancer","TheBandit"],"gold_per_floor":[109,109,121,141,156,189,208,219,219,239,239,239,267,56,56,157,157,176,192,192,192,242,267,281,316,393,408,408,408,439,458,458,561,561,578,20,35,53,70,70,70,70,70,85,6,37,53,87,87,87],"floor_reached":51,"language":"ENG","playtime":7851,"items_purged":["HollowMod:QuickDashStart"],"score":851,"play_id":"755c0b97-3daf-4a3a-86f6-4fca4ca80101","local_time":"20210219092851","is_ascension_mode":false,"campfire_choices":[{"data":"hubris:DuctTapeCard","floor":11,"key":"SMITH"},{"data":"HollowMod:SoulStrike","floor":15,"key":"SMITH"},{"data":"HollowMod:SlysStrikes","floor":32,"key":"SMITH"},{"floor":40,"key":"RECALL"},{"data":"Defragment","floor":42,"key":"SMITH"},{"data":"HollowMod:FocusHealStart","floor":49,"key":"SMITH"}],"circlet_count":0,"master_deck":["HollowMod:NailStrikeStart+1","HollowMod:NailStrikeStart","HollowMod:NailStrikeStart","HollowMod:QuickDashStart","HollowMod:QuickDashStart","HollowMod:QuickDashStart","HollowMod:FocusHealStart+1","HollowMod:PogoStrike","HollowMod:SoulStrike+1","HollowMod:DesolateDive+1","HollowMod:ChannelNail","hubris:DuctTapeCard+2","HollowMod:ZotesMagnificence","HollowMod:Grubsong+1","HollowMod:SoulVessel","HollowMod:GrimmsGift+1","HollowMod:PerfectDash+1","HollowMod:SlysStrikes+1","Conserve Battery+1","Stack+1","hubris:DoWhile+1","Glacier+1","Defragment+1","Coolheaded+1","Electrodynamics","Blizzard+1","HollowMod:CloakDash+1","Blind+1","White Noise+1","Defragment+1","HollowMod:SiblingsSouls+1","Static Discharge","HollowMod:SiblingsSouls+1","HollowMod:SoulEater+1","Cold Snap+1"],"relics":["HollowMod:VesselMask","hubris:DuctTape","Eternal Feather","Toxic Egg 2","Oddly Smooth Stone","aspiration:Nostalgia","champ:ChampionCrown","aspiration:DefectSkillbook","Darkstone Periapt","hubris:PeanutButter","Pantograph","Lantern","Runic Pyramid","Pen Nib","theForsaken:Gavel","Happy Flower","InkBottle","Bronze Scales","Whetstone"],"acts_visited":["Exordium","TheCity","TheBeyond"],"potions_floor_usage":[5,8,10,13,25,28,33,33,46,48,50,50],"damage_taken":[{"damage":3,"enemies":"Jaw Worm","floor":1,"turns":4},{"damage":1,"enemies":"Cultist","floor":3,"turns":3},{"damage":1,"enemies":"2 Louse","floor":4,"turns":2},{"damage":0,"enemies":"Large Slime","floor":5,"turns":3},{"damage":40,"enemies":"Lagavulin","floor":6,"turns":10},{"damage":9,"enemies":"2 Fungi Beasts","floor":7,"turns":3},{"damage":6,"enemies":"Lots of Slimes","floor":8,"turns":18},{"damage":15,"enemies":"Large Slime","floor":10,"turns":10},{"damage":35,"enemies":"Gremlin Nob","floor":13,"turns":4},{"damage":81,"enemies":"The Guardian","floor":16,"turns":15},{"damage":12,"enemies":"3 Byrds","floor":18,"turns":4},{"damage":10,"enemies":"HollowMod:HuskSentry","floor":19,"turns":6},{"damage":4,"enemies":"HollowMod:Nosk","floor":23,"turns":7},{"damage":10,"enemies":"Snake Plant","floor":24,"turns":3},{"damage":54,"enemies":"Gremlin Leader","floor":25,"turns":9},{"damage":0,"enemies":"Shelled Parasite and Fungi","floor":27,"turns":10},{"damage":0,"enemies":"Slavers","floor":28,"turns":1},{"damage":0,"enemies":"HollowMod:Nosk","floor":30,"turns":9},{"damage":13,"enemies":"Centurion and Healer","floor":31,"turns":7},{"damage":0,"enemies":"Collector","floor":33,"turns":10},{"damage":0,"enemies":"3 Shapes","floor":35,"turns":2},{"damage":0,"enemies":"Orb Walker","floor":37,"turns":4},{"damage":0,"enemies":"Sphere and 2 Shapes","floor":38,"turns":3},{"damage":5,"enemies":"Transient","floor":39,"turns":5},{"damage":3,"enemies":"HollowMod:SlobberingHusk","floor":44,"turns":6},{"damage":26,"enemies":"Nemesis","floor":46,"turns":5},{"damage":0,"enemies":"Spire Growth","floor":47,"turns":4},{"damage":43,"enemies":"Giant Head","floor":48,"turns":9},{"damage":11,"enemies":"Donu and Deca","floor":50,"turns":9}],"seed_played":"7411155378625985915","potions_obtained":[{"floor":3,"key":"AttackPotion"},{"floor":4,"key":"FairyPotion"},{"floor":6,"key":"GamblersBrew"},{"floor":7,"key":"ColorlessPotion"},{"floor":10,"key":"Regen Potion"},{"floor":13,"key":"SmokeBomb"},{"floor":18,"key":"Energy Potion"},{"floor":25,"key":"BlessingOfTheForge"},{"floor":30,"key":"Weak Potion"},{"floor":37,"key":"BlessingOfTheForge"},{"floor":39,"key":"Strength Potion"},{"floor":44,"key":"Dexterity Potion"},{"floor":46,"key":"FearPotion"}],"is_trial":false,"path_per_floor":["M","?","M","M","M","E","M","M","T","M","R","?","E","$","R","B",null,"M","M","?","?","?","E","M","E","T","M","E","T","E","M","R","B",null,"M","$","M","M","M","R","?","R","T","M","$","E","M","E","R","B",null],"character_chosen":"THE_BUGKNIGHT","items_purchased":["aspiration:Nostalgia","HollowMod:PerfectDash+1","HollowMod:CloakDash+1","Pen Nib","theForsaken:Gavel","Blind+1","DuplicationPotion","Static Discharge"],"campfire_rested":0,"item_purchase_floors":[14,14,36,36,36,36,36,45],"current_hp_per_floor":[82,82,81,80,80,46,43,49,49,46,55,55,38,38,47,2,82,70,66,66,66,66,72,68,26,26,38,38,38,48,41,56,82,82,82,82,82,82,82,82,50,68,68,75,75,55,67,36,57,81],"gold":87,"neow_bonus":"TEN_PERCENT_HP_BONUS","is_daily":false,"chose_seed":false,"campfire_upgraded":5,"win_rate":0.0,"timestamp":1613723331,"path_taken":["M","?","M","?","?","E","M","M","T","?","R","?","E","$","R","BOSS","M","M","?","?","?","E","?","E","T","M","E","?","E","?","R","BOSS","M","$","M","M","?","R","?","R","T","M","$","E","M","E","R","BOSS"],"items_purchased_type":["Relic","Card","Card","Relic","Relic","Card","Potion","Card"],"build_version":"2020-12-22","purchased_purges":1,"victory":true,"max_hp_per_floor":[82,82,82,82,82,82,82,82,82,82,82,82,82,82,82,82,82,82,82,82,82,82,82,82,82,82,82,82,82,82,82,82,82,82,82,82,82,82,82,82,82,82,82,82,82,82,82,82,82,82],"relic_stats":{"Darkstone Periapt":0,"Happy Flower":[11],"counters":[29,182],"Pantograph":50,"Bronze Scales":[45],"Eternal Feather":72,"Pen Nib":[4],"Whetstone":["HollowMod:DesolateDive","HollowMod:NailStrikeStart"],"obtain_stats":[{"Darkstone Periapt":23,"Lantern":30,"hubris:DuctTape":6,"Happy Flower":41,"aspiration:Nostalgia":14,"Oddly Smooth Stone":13,"HollowMod:VesselMask":0,"Eternal Feather":9,"champ:ChampionCrown":14,"Pen Nib":36,"Whetstone":48,"theForsaken:Gavel":36,"aspiration:DefectSkillbook":17,"Pantograph":26,"Bronze Scales":46,"hubris:PeanutButter":25,"Toxic Egg 2":12,"InkBottle":43,"Runic Pyramid":34},{"Darkstone Periapt":13,"Lantern":18,"hubris:DuctTape":5,"Happy Flower":24,"aspiration:Nostalgia":9,"Oddly Smooth Stone":9,"HollowMod:VesselMask":0,"Eternal Feather":7,"champ:ChampionCrown":9,"Pen Nib":21,"Whetstone":28,"theForsaken:Gavel":21,"aspiration:DefectSkillbook":10,"Pantograph":15,"Bronze Scales":26,"hubris:PeanutButter":15,"Toxic Egg 2":8,"InkBottle":24,"Runic Pyramid":20},{"Darkstone Periapt":89,"Lantern":121,"hubris:DuctTape":22,"Happy Flower":152,"aspiration:Nostalgia":57,"Oddly Smooth Stone":57,"HollowMod:VesselMask":0,"Eternal Feather":43,"champ:ChampionCrown":57,"Pen Nib":140,"Whetstone":174,"theForsaken:Gavel":140,"aspiration:DefectSkillbook":72,"Pantograph":101,"Bronze Scales":161,"hubris:PeanutButter":101,"Toxic Egg 2":53,"InkBottle":152,"Runic Pyramid":138}],"InkBottle":[15]},"card_choices":[{"not_picked":["HollowMod:DreamGate","HollowMod:DoubleDash"],"picked":"HollowMod:SoulStrike","floor":1},{"not_picked":["HollowMod:HeavyBlow","HollowMod:CrystalDash"],"picked":"HollowMod:ChannelNail","floor":3},{"not_picked":["HollowMod:TaintedHusks","HollowMod:DescendingDark"],"picked":"HollowMod:ChannelNail","floor":4},{"not_picked":["HollowMod:HeavyBlow","HollowMod:WraithStrike"],"picked":"HollowMod:ChannelNail","floor":5},{"not_picked":["HollowMod:ShapeofUnn","HollowMod:DreamGate"],"picked":"HollowMod:ZotesMagnificence","floor":6},{"not_picked":["HollowMod:ShadowDash","HollowMod:CycloneSlash"],"picked":"HollowMod:Grubsong","floor":7},{"not_picked":["HollowMod:NewLittleFool","HollowMod:CycloneSlash","HollowMod:NewJinnsSoul"],"picked":"SKIP","floor":8},{"not_picked":["HollowMod:MantisMark","HollowMod:SiblingsSouls"],"picked":"HollowMod:SoulVessel","floor":10},{"not_picked":["HollowMod:NewInfectedGuardian+1","HollowMod:DungDefenderAura+1"],"picked":"HollowMod:GrimmsGift+1","floor":13},{"not_picked":["HollowMod:theNailsmith+1","HollowMod:MidwifesHunger"],"picked":"HollowMod:SlysStrikes","floor":16},{"not_picked":["Static Discharge+1","Redo+1","FTL"],"picked":"Conserve Battery+1","floor":18},{"not_picked":["HollowMod:HeavyBlow","Sweeping Beam","Beam Cell"],"picked":"Stack+1","floor":19},{"not_picked":["HollowMod:ShadowDash+1","Biased Cognition","Capacitor"],"picked":"hubris:DoWhile+1","floor":23},{"not_picked":["Fusion+1","HollowMod:CoiledNail","Leap+1"],"picked":"Glacier+1","floor":24},{"not_picked":["Cold Snap","Steam Power+1","HollowMod:ShadowDash+1","HollowMod:ChannelNail+1"],"picked":"SKIP","floor":25},{"not_picked":["HollowMod:HeavyBlow","HollowMod:RecoilStrike","HollowMod:InfectedAttack","Ball Lightning"],"picked":"SKIP","floor":27},{"not_picked":["Scrape","HollowMod:LifebloodCocoon+1","HollowMod:BaldurShell"],"picked":"Defragment","floor":30},{"not_picked":["Leap+1","Cold Snap","HollowMod:VengefulSpirit"],"picked":"Coolheaded+1","floor":31},{"not_picked":["Hyperbeam","hubris:SpecializedCircuitry","HollowMod:Hiveblood+1"],"picked":"Electrodynamics","floor":33},{"not_picked":["HollowMod:SiblingsShadow+1","Compile Driver","Cold Snap"],"picked":"Blizzard+1","floor":35},{"not_picked":["Beam Cell+1","Coolheaded+1","HollowMod:FastStrike+1"],"picked":"White Noise+1","floor":37},{"not_picked":["HollowMod:CloakDash+1","HollowMod:VoidDash+1","HollowMod:GoodIntentions+1"],"picked":"Defragment+1","floor":38},{"not_picked":["HollowMod:DescendingDark+1","Genetic Algorithm+1","HollowMod:InfectedCysts","Compile Driver"],"picked":"SKIP","floor":39},{"not_picked":["HollowMod:TaintedHusks+1","HollowMod:DoubleDash+1","HollowMod:DashSlash"],"picked":"HollowMod:SiblingsSouls+1","floor":44},{"not_picked":["HollowMod:InfectedAttack+1","Glacier+1","Melter"],"picked":"HollowMod:SiblingsSouls+1","floor":46},{"not_picked":["Chaos+1","HollowMod:GoodIntentions+1","HollowMod:DescendingDark"],"picked":"HollowMod:SoulEater+1","floor":47},{"not_picked":["HollowMod:CycloneSlash+1","HollowMod:BlackTendrils+1","Undo+1"],"picked":"Cold Snap+1","floor":48}],"player_experience":284154,"relics_obtained":[{"floor":6,"key":"hubris:DuctTape"},{"floor":9,"key":"Eternal Feather"},{"floor":13,"key":"Oddly Smooth Stone"},{"floor":23,"key":"Darkstone Periapt"},{"floor":25,"key":"hubris:PeanutButter"},{"floor":26,"key":"Pantograph"},{"floor":30,"key":"Lantern"},{"floor":43,"key":"InkBottle"},{"floor":46,"key":"Bronze Scales"},{"floor":48,"key":"Whetstone"}],"event_choices":[{"damage_healed":0,"gold_gain":0,"cards_transformed":["HollowMod:NailStrikeStart"],"player_choice":"Transformed","damage_taken":0,"max_hp_gain":0,"max_hp_loss":0,"event_name":"Transmorgrifier","floor":2,"gold_loss":0,"cards_obtained":["HollowMod:DesolateDive"]},{"cards_removed":["Injury"],"damage_healed":0,"gold_gain":0,"player_choice":"Removed Curses","damage_taken":0,"max_hp_gain":0,"max_hp_loss":0,"event_name":"Fountain of Cleansing","floor":20,"gold_loss":0},{"cards_removed":["Conserve Battery"],"damage_healed":0,"gold_gain":0,"player_choice":"Give","damage_taken":0,"max_hp_gain":0,"max_hp_loss":0,"event_name":"betterNote:BetterNote","floor":21,"gold_loss":0,"cards_obtained":["None"]},{"damage_healed":0,"gold_gain":100,"player_choice":"Bet on Murderer","damage_taken":0,"max_hp_gain":0,"max_hp_loss":0,"event_name":"The Joust","floor":22,"gold_loss":50},{"damage_healed":0,"gold_gain":0,"player_choice":"RE UP ","damage_taken":36,"relics_obtained":["Happy Flower"],"max_hp_gain":0,"max_hp_loss":0,"event_name":"betterSkull:BetterSkull","floor":41,"gold_loss":0,"cards_upgraded":["HollowMod:Grubsong"]}],"is_beta":false,"boss_relics":[{"not_picked":["Ectoplasm","hubris:GrandSneckoEye"],"picked":"aspiration:DefectSkillbook"},{"not_picked":["Velvet Choker","hubris:VirtuousBlindfold"],"picked":"Runic Pyramid"}],"items_purged_floors":[36],"is_endless":false,"potions_floor_spawned":[3,4,6,7,10,13,18,25,28,30,37,39,44,46,47],"ascension_level":0}}