{"host":"6vtgmkkqqeew181q","time":1613694428,"event":{"mods":["100% Spire Juice","BaseMod","Better Skull","Better Third Choice","BetterRewards","Colored Powertips","Downfall","Faster Ascension Climbing","Highlight Path","Minty Spire (QoL Compilation)","Reliquary","Replay The Spire","Spire Birthday Party","StSLib","The IronCluck","The Jungle"],"gold_per_floor":[114,114,114,126,205,237,237,237,237],"floor_reached":8,"language":"ENG","playtime":294,"items_purged":[],"score":81,"play_id":"fc1e76fb-4716-438b-927e-593d511936bd","local_time":"20210218162708","is_ascension_mode":true,"campfire_choices":[{"data":"Moonworks:IndiscriminateFireSupport","floor":7,"key":"SMITH"}],"circlet_count":0,"master_deck":["AscendersBane","Moonworks:Strike","Moonworks:Strike","Moonworks:Strike","Moonworks:Strike","Moonworks:Defend","Moonworks:Defend","Moonworks:Defend","Moonworks:Defend","Moonworks:Ambush","Moonworks:LongDistanceShot","Moonworks:IndiscriminateFireSupport+1","Moonworks:IndiscriminateFireSupport+1","Moonworks:FinalSurgery"],"relics":["Moonworks:BrokenBomb","Moonworks:Homemark","hexamod:CandleOfCauterizing","StoneCalendar","hexamod:BolsterEngine"],"acts_visited":["Exordium"],"potions_floor_usage":[],"damage_taken":[{"damage":5,"enemies":"2 Louse","floor":1,"turns":3},{"damage":0,"enemies":"Small Slimes","floor":4,"turns":2},{"damage":16,"enemies":"Gremlin Nob","floor":6,"turns":3},{"damage":40,"enemies":"Lagavulin","floor":8,"turns":3}],"seed_played":"-5259015794103210666","potions_obtained":[{"floor":6,"key":"CultistPotion"}],"is_trial":false,"path_per_floor":["M","$","?","M","?","E","R","E"],"character_chosen":"THE_STARBREAKER","items_purchased":["hexamod:CandleOfCauterizing","Moonworks:IndiscriminateFireSupport"],"campfire_rested":0,"item_purchase_floors":[0,0],"current_hp_per_floor":[37,37,37,37,37,21,21,0,0],"gold":237,"neow_bonus":"","is_daily":false,"chose_seed":false,"campfire_upgraded":1,"win_rate":0.0,"timestamp":1613694428,"path_taken":["M","$","?","M","?","E","R","E"],"items_purchased_type":["Relic","Card"],"build_version":"2020-12-22","purchased_purges":0,"victory":false,"max_hp_per_floor":[60,60,60,60,60,60,60,60,60],"card_choices":[{"not_picked":["Moonworks:ImOnFire","Moonworks:RagingMadness"],"picked":"Moonworks:IndiscriminateFireSupport","floor":1},{"not_picked":["Moonworks:EvilSpyWorkPreparation","Moonworks:CloudOfSeagulls"],"picked":"Moonworks:FinalSurgery","floor":4},{"not_picked":["Moonworks:CloudOfSeagulls","Moonworks:AwakeningOfTalent","Moonworks:ImOnFire"],"picked":"SKIP","floor":6}],"player_experience":668624,"relics_obtained":[{"floor":6,"key":"hexamod:BolsterEngine"}],"event_choices":[{"damage_healed":0,"gold_gain":79,"player_choice":"Gained Gold","damage_taken":0,"max_hp_gain":0,"max_hp_loss":0,"event_name":"Golden Wing","floor":5,"gold_loss":0}],"is_beta":false,"boss_relics":[],"items_purged_floors":[],"is_endless":false,"potions_floor_spawned":[6],"killed_by":"Lagavulin","ascension_level":10}}