{"host":"onfdonezo2qmaex3","time":1613754358,"event":{"mods":["2.2 Compatiblity","AchievementEnabler","Act Like it!","Aspiration","BaseMod","Colored Powertips","Downfall","Friendly Minions","Gensokyo","Hallownest","Hermit","Highlight Path","Jorbs\u0027s Wanderer Trilogy","Marisa????????","Marked Mod","Minty Spire (QoL Compilation)","Quick Restart","Reliquary","Shop Mod","StSLib","The Disciple","The Hayseed","The Hierophant","The Marked","The Runesmith"],"gold_per_floor":[214,99,117,117,17,17,0,31,31,31,31],"floor_reached":10,"language":"ENG","playtime":360,"items_purged":["Defend_G","Strike_G"],"score":75,"play_id":"2c6cd3c1-fb68-4f4e-849e-7de43ef1632a","local_time":"20210219180558","is_ascension_mode":true,"campfire_choices":[{"data":"Infinite Blades","floor":6,"key":"SMITH"}],"circlet_count":0,"master_deck":["Strike_G","Strike_G","Strike_G","Strike_G","Defend_G","Defend_G","Defend_G","Defend_G","Survivor","Neutralize","Backflip","Infinite Blades+1","Blade Dance"],"relics":["Ring of the Snake","sneckomod:BlankCard","StrikeDummy"],"acts_visited":["Gensokyo:Gensokyo"],"potions_floor_usage":[8],"damage_taken":[{"damage":1,"enemies":"Gensokyo:2_Kodama","floor":1,"turns":4},{"damage":9,"enemies":"Gensokyo:Gryphon","floor":3,"turns":5},{"damage":45,"enemies":"Gensokyo:Cirno","floor":8,"turns":8},{"damage":10,"enemies":"Gensokyo:Aya","floor":10,"turns":2}],"seed_played":"-3742597906825046880","potions_obtained":[{"floor":3,"key":"PowerPotion"}],"is_trial":false,"path_per_floor":["M","$","M","?","$","R","?","E","T","E"],"character_chosen":"THE_SILENT","items_purchased":["Infinite Blades"],"campfire_rested":0,"item_purchase_floors":[2],"current_hp_per_floor":[69,69,60,46,46,46,54,9,9,0,0],"gold":31,"neow_bonus":"HUNDRED_GOLD","is_daily":false,"chose_seed":false,"campfire_upgraded":1,"win_rate":0.0,"timestamp":1613754358,"path_taken":["M","?","?","?","?","R","?","E","T","E"],"items_purchased_type":["Card"],"build_version":"2020-12-22","purchased_purges":2,"victory":false,"max_hp_per_floor":[70,70,70,70,70,70,70,70,70,70,70],"card_choices":[{"not_picked":["PiercingWail","Bane"],"picked":"Backflip","floor":1},{"not_picked":["Masterful Stab","Flying Knee","Acrobatics"],"picked":"SKIP","floor":3},{"not_picked":["Leg Sweep","Escape Plan"],"picked":"Blade Dance","floor":8}],"player_experience":212287,"relics_obtained":[{"floor":8,"key":"StrikeDummy"}],"event_choices":[],"is_beta":false,"boss_relics":[],"items_purged_floors":[2,5],"is_endless":false,"potions_floor_spawned":[3],"killed_by":"Gensokyo:Aya","ascension_level":4}}