{"host":"w5thk1acqacem6ba","time":1613717412,"event":{"mods":["AchievementEnabler","BaseMod","Colored Map","KOR Keyword Fix","Minty Spire (QoL Compilation)","SuperFastMode"],"gold_per_floor":[111,111,111,111,36,36,77,42,42,42,42,66,66,84,84,213,213,229,248,248,2,101,101,120,120,120,120,120,120,136,155,155,274,274,290,353,372,372,393,120,120,120,120,120,133,5,18,42,42,42],"floor_reached":51,"language":"KOR","playtime":1677,"items_purged":["Strike_R","Defend_R","Defend_R"],"score":821,"play_id":"79cd6ff3-47e8-4f93-aa71-9931ad775f44","local_time":"20210219155012","is_ascension_mode":true,"campfire_choices":[{"floor":6.0,"key":"REST"},{"data":"Rampage","floor":11.0,"key":"SMITH"},{"data":"Bash","floor":13.0,"key":"SMITH"},{"floor":15.0,"key":"REST"},{"floor":23.0,"key":"REST"},{"data":"Blood for Blood","floor":25.0,"key":"SMITH"},{"data":"Clash","floor":27.0,"key":"SMITH"},{"floor":29.0,"key":"REST"},{"floor":32.0,"key":"REST"},{"data":"Finesse","floor":41,"key":"SMITH"},{"floor":44,"key":"REST"},{"data":"Seeing Red","floor":49,"key":"SMITH"}],"circlet_count":0,"master_deck":["Defend_R+1","Defend_R+1","Bash+1","Rampage+1","Seeing Red+1","Offering","Clash+1","Shrug It Off+1","Blood for Blood+1","Disarm","Double Tap","Finesse+1","Carnage","Blood for Blood+1"],"relics":["Black Blood","Golden Idol","Juzu Bracelet","Red Skull","Vajra","Self Forming Clay","Runic Pyramid","Pocketwatch","Lantern","Bag of Marbles"],"acts_visited":["Exordium","TheCity","TheBeyond"],"potions_floor_usage":[37,50,50,50],"damage_taken":[{"damage":0.0,"enemies":"Small Slimes","floor":1.0,"turns":3.0},{"damage":43.0,"enemies":"3 Sentries","floor":7.0,"turns":11.0},{"damage":0.0,"enemies":"Jaw Worm","floor":12.0,"turns":4.0},{"damage":6.0,"enemies":"Cultist","floor":14.0,"turns":3.0},{"damage":36.0,"enemies":"The Guardian","floor":16.0,"turns":8.0},{"damage":55.0,"enemies":"3 Byrds","floor":18.0,"turns":8.0},{"damage":6.0,"enemies":"Chosen","floor":19.0,"turns":4.0},{"damage":16.0,"enemies":"Snake Plant","floor":24.0,"turns":4.0},{"damage":25.0,"enemies":"Sentry and Sphere","floor":30.0,"turns":4.0},{"damage":11.0,"enemies":"Snecko","floor":31.0,"turns":3.0},{"damage":18.0,"enemies":"Champ","floor":33.0,"turns":10.0},{"damage":9.0,"enemies":"Orb Walker","floor":35.0,"turns":3.0},{"damage":10.0,"enemies":"Mind Bloom Boss Battle","floor":36.0,"turns":5.0},{"damage":32,"enemies":"3 Darklings","floor":37,"turns":4},{"damage":16,"enemies":"Maw","floor":39,"turns":6},{"damage":6,"enemies":"Jaw Worm Horde","floor":45,"turns":4},{"damage":6,"enemies":"Transient","floor":47,"turns":5},{"damage":6,"enemies":"Maw","floor":48,"turns":6},{"damage":72,"enemies":"Donu and Deca","floor":50,"turns":7}],"seed_played":"3197774040555758115","potions_obtained":[{"floor":14.0,"key":"GamblersBrew"},{"floor":16.0,"key":"GamblersBrew"},{"floor":18.0,"key":"ColorlessPotion"},{"floor":19.0,"key":"SteroidPotion"},{"floor":33.0,"key":"Swift Potion"},{"floor":36.0,"key":"Explosive Potion"}],"is_trial":false,"path_per_floor":["M","?","?","?","$","R","E","?","T","?","R","M","R","M","R","B",null,"M","M","?","$","?","R","M","R","T","R","?","R","M","M","R","B",null,"M","?","M","?","M","$","R","?","T","R","M","$","M","M","R","B",null],"character_chosen":"IRONCLAD","items_purchased":["Vajra","Lantern","LiquidBronze","Fire Potion"],"campfire_rested":6,"item_purchase_floors":[21,40,46,46],"current_hp_per_floor":[78,58,51,35,35,59,22,42,42,42,42,48,48,48,72,42,71,28,34,34,34,34,58,54,54,54,54,54,78,65,66,80,74,79,80,80,60,60,56,56,56,56,56,80,80,80,80,80,80,20],"gold":42,"neow_bonus":"TRANSFORM_CARD","is_daily":false,"chose_seed":false,"campfire_upgraded":6,"win_rate":0.0,"timestamp":1613717412,"path_taken":["M","?","?","?","$","R","E","?","T","?","R","M","R","M","R","BOSS","M","M","?","$","?","R","M","R","T","R","?","R","M","M","R","BOSS","M","?","M","?","M","$","R","?","T","R","M","$","M","M","R","BOSS"],"items_purchased_type":["Relic","Relic","Potion","Potion"],"build_version":"2020-12-22","purchased_purges":3,"victory":true,"max_hp_per_floor":[80,80,80,80,80,80,80,80,80,80,80,80,80,80,80,80,80,80,80,80,80,80,80,80,80,80,80,80,80,80,80,80,80,80,80,80,80,80,80,80,80,80,80,80,80,80,80,80,80,80],"card_choices":[{"not_picked":["Iron Wave","Pommel Strike","Body Slam"],"picked":"SKIP","floor":1.0},{"not_picked":["Hemokinesis","Dark Embrace"],"picked":"Seeing Red","floor":7.0},{"not_picked":["Twin Strike","Carnage","Havoc"],"picked":"SKIP","floor":12.0},{"not_picked":["Body Slam","Twin Strike","Sword Boomerang"],"picked":"SKIP","floor":14.0},{"not_picked":["Immolate","Corruption"],"picked":"Offering","floor":16.0},{"not_picked":["Searing Blow","Cleave"],"picked":"Clash","floor":18.0},{"not_picked":["Clothesline","Sword Boomerang"],"picked":"Shrug It Off+1","floor":19.0},{"not_picked":["Iron Wave","Wild Strike"],"picked":"Blood for Blood","floor":24.0},{"not_picked":["Wild Strike","Metallicize"],"picked":"Disarm","floor":30.0},{"not_picked":["Hemokinesis","Heavy Blade+1","Carnage"],"picked":"SKIP","floor":31.0},{"not_picked":["Corruption","Immolate"],"picked":"Double Tap","floor":33.0},{"not_picked":["Heavy Blade","Havoc+1","Body Slam"],"picked":"SKIP","floor":35.0},{"not_picked":["Havoc","Clothesline+1","Feed"],"picked":"SKIP","floor":37},{"not_picked":["HandOfGreed","Chrysalis"],"picked":"Finesse","floor":38},{"not_picked":["Wild Strike","Clothesline","Second Wind+1"],"picked":"SKIP","floor":39},{"not_picked":["Twin Strike+1","Shrug It Off"],"picked":"Blood for Blood+1","floor":45},{"not_picked":["Thunderclap+1","Armaments+1","Carnage"],"picked":"SKIP","floor":47},{"not_picked":["Heavy Blade+1","Body Slam","Thunderclap+1"],"picked":"SKIP","floor":48}],"player_experience":422390,"relics_obtained":[{"floor":7.0,"key":"Juzu Bracelet"},{"floor":9.0,"key":"Red Skull"},{"floor":26.0,"key":"Self Forming Clay"},{"floor":36.0,"key":"Pocketwatch"},{"floor":43,"key":"Bag of Marbles"}],"event_choices":[{"damage_healed":0.0,"max_hp_gain":0.0,"max_hp_loss":0.0,"gold_gain":0.0,"event_name":"Golden Idol","player_choice":"Take Damage","floor":2.0,"gold_loss":0.0,"damage_taken":20.0,"relics_obtained":["Golden Idol"]},{"cards_removed":["Strike_R"],"damage_healed":0.0,"max_hp_gain":0.0,"max_hp_loss":0.0,"gold_gain":0.0,"event_name":"Golden Wing","player_choice":"Card Removal","floor":3.0,"gold_loss":0.0,"damage_taken":7.0},{"damage_healed":0.0,"max_hp_gain":0.0,"max_hp_loss":0.0,"gold_gain":0.0,"event_name":"Shining Light","player_choice":"Entered Light","floor":4.0,"gold_loss":0.0,"damage_taken":16.0,"cards_upgraded":["Defend_R","Defend_R"]},{"damage_healed":20.0,"max_hp_gain":0.0,"max_hp_loss":0.0,"gold_gain":0.0,"event_name":"The Cleric","player_choice":"Healed","floor":8.0,"gold_loss":35.0,"damage_taken":0.0},{"cards_removed":["Strike_R"],"damage_healed":0.0,"max_hp_gain":0.0,"max_hp_loss":0.0,"gold_gain":0.0,"event_name":"Purifier","player_choice":"Purged","floor":10.0,"gold_loss":0.0,"damage_taken":0.0},{"cards_removed":["Strike_R"],"damage_healed":0.0,"max_hp_gain":0.0,"max_hp_loss":0.0,"gold_gain":0.0,"event_name":"Back to Basics","player_choice":"Elegance","floor":20.0,"gold_loss":0.0,"damage_taken":0.0},{"damage_healed":0.0,"max_hp_gain":0.0,"max_hp_loss":0.0,"gold_gain":99.0,"event_name":"Nest","player_choice":"Stole From Cult","floor":22.0,"gold_loss":0.0,"damage_taken":0.0},{"damage_healed":0.0,"max_hp_gain":0.0,"max_hp_loss":0.0,"gold_gain":0.0,"event_name":"Ghosts","player_choice":"Ignored","floor":28.0,"gold_loss":0.0,"damage_taken":0.0},{"damage_healed":0.0,"max_hp_gain":0.0,"max_hp_loss":0.0,"gold_gain":0.0,"event_name":"MindBloom","player_choice":"Fight","floor":36.0,"gold_loss":0.0,"damage_taken":0.0},{"damage_healed":0,"gold_gain":0,"player_choice":"Memory 1","damage_taken":0,"max_hp_gain":0,"max_hp_loss":0,"event_name":"SensoryStone","floor":38,"gold_loss":0},{"damage_healed":0,"gold_gain":0,"player_choice":"1 cards matched","damage_taken":0,"max_hp_gain":0,"max_hp_loss":0,"event_name":"Match and Keep!","floor":42,"gold_loss":0,"cards_obtained":["Carnage"]}],"is_beta":false,"boss_relics":[{"not_picked":["Black Star","Fusion Hammer"],"picked":"Black Blood"},{"not_picked":["Coffee Dripper","Astrolabe"],"picked":"Runic Pyramid"}],"items_purged_floors":[5,21,40],"is_endless":false,"potions_floor_spawned":[14,16,18,19,33,36,47,48],"ascension_level":6}}