{"host":"z3m7ofiwbo1p8b5b","time":1613721161,"event":{"mods":["BaseMod","BetterRewards","Downfall","Duelist Mod","Marisa????????","Minty Spire (QoL Compilation)","Replay The Spire","StSLib","The Disciple","The Mystic","The Servant 0.9.4"],"gold_per_floor":[110,110,185,16,16,16,34,34,61,115,115,145,214,235,235,356,356,377,410,434,459,210,210,210,210,236,255,225,249,262,276,276,276,276],"floor_reached":33,"language":"ENG","playtime":1810,"items_purged":["theDuelist:CurseDarkness"],"score":347,"play_id":"81785e88-38c2-41c6-88fa-1f514cd1126c","local_time":"20210219025241","is_ascension_mode":false,"campfire_choices":[{"floor":6,"key":"REST"},{"data":"Noxious Fumes","floor":11,"key":"SMITH"},{"floor":15,"key":"REST"},{"floor":23,"key":"REST"},{"data":"Envenom","floor":25,"key":"SMITH"},{"floor":32,"key":"REST"}],"circlet_count":0,"master_deck":["Strike_G","Strike_G","Strike_G","Strike_G","Strike_G","Defend_G","Defend_G","Defend_G","Defend_G","Defend_G","Survivor","Neutralize","Caltrops","Sucker Punch","Noxious Fumes+1","Cloak And Dagger","Injury","Flying Knee","Deflect","Slice","Die Die Die","Envenom+1","CommonCold","Clumsy","Poisoned Stab","Die Die Die","Replay:Sssssssssshield","Deflect+1"],"relics":["Ring of the Snake","Turnip","Onion Ring","ReplayTheSpireMod:Ring of Collecting","Membership Card","Golden Idol","ReplayTheSpireMod:TigerMarble","ReplayTheSpireMod:Ring of Challenge","Sundial","Odd Mushroom","HornCleat","Replay:Ancient Bell","Smiling Mask","Letter Opener","Du-Vu Doll","Lantern","DollysMirror","Boot","Ring of Panic"],"acts_visited":["Exordium","TheCity"],"potions_floor_usage":[10,16,20,21,29,31,33,33],"damage_taken":[{"damage":0,"enemies":"Jaw Worm","floor":1,"turns":4},{"damage":0,"enemies":"2 Louse","floor":7,"turns":2},{"damage":9,"enemies":"Replay:BlueRogue","floor":10,"turns":6},{"damage":5,"enemies":"The Mushroom Lair","floor":12,"turns":4},{"damage":0,"enemies":"Small Slimes","floor":14,"turns":1},{"damage":21,"enemies":"Hexaghost","floor":16,"turns":10},{"damage":0,"enemies":"Chosen","floor":18,"turns":3},{"damage":11,"enemies":"Spheric Guardian","floor":19,"turns":3},{"damage":4,"enemies":"Snecko","floor":20,"turns":4},{"damage":16,"enemies":"Snake Plant","floor":21,"turns":4},{"damage":3,"enemies":"Cultist and Chosen","floor":27,"turns":4},{"damage":8,"enemies":"Sentry and Sphere","floor":29,"turns":4},{"damage":0,"enemies":"Centurion and Healer","floor":30,"turns":3},{"damage":10,"enemies":"Snake Plant","floor":31,"turns":2},{"damage":57,"enemies":"Collector","floor":33,"turns":5}],"seed_played":"-1689644353547800825","potions_obtained":[{"floor":1,"key":"Regen Potion"},{"floor":16,"key":"Ancient Potion"},{"floor":20,"key":"Poison Potion"},{"floor":21,"key":"champ:CounterPotion"},{"floor":27,"key":"Strength Potion"},{"floor":28,"key":"PowerPotion"},{"floor":28,"key":"PowerPotion"},{"floor":29,"key":"bronze:BurnAndBuffPotion"}],"is_trial":false,"path_per_floor":["M","?","?","$","$","R","M","?","T","E","R","?","?","M","R","B",null,"M","M","M","M","$","R","?","R","T","M","?","M","M","M","R","B"],"character_chosen":"THE_SILENT","items_purchased":["Caltrops","Membership Card","Noxious Fumes","Lantern","DollysMirror","Replay:Sssssssssshield"],"campfire_rested":4,"item_purchase_floors":[0,4,4,22,22,22],"current_hp_per_floor":[56,56,45,45,45,66,66,66,66,69,69,64,47,47,68,47,70,70,59,55,39,39,58,58,58,58,55,55,47,47,37,56,0,0],"gold":276,"neow_bonus":"","is_daily":false,"chose_seed":false,"campfire_upgraded":2,"win_rate":0.0,"timestamp":1613721161,"path_taken":["M","?","?","?","$","R","M","?","T","E","R","?","?","M","R","BOSS","M","?","M","M","$","R","?","R","T","?","?","M","M","M","R","BOSS"],"items_purchased_type":["Card","Relic","Card","Relic","Relic","Card"],"build_version":"2020-12-22","purchased_purges":1,"victory":false,"max_hp_per_floor":[70,70,70,70,70,70,70,70,70,70,70,70,70,70,70,70,70,70,70,68,66,66,66,66,66,66,66,66,66,66,66,66,66,66],"card_choices":[{"not_picked":["Dodge and Roll","Bouncing Flask"],"picked":"Sucker Punch","floor":1},{"not_picked":["Quick Slash","Distraction"],"picked":"Cloak And Dagger","floor":7},{"not_picked":["Backflip","Bullet Time"],"picked":"Flying Knee","floor":10},{"not_picked":["Dagger Spray","Deadly Poison"],"picked":"Deflect","floor":12},{"not_picked":["Quick Slash","Prepared"],"picked":"Slice","floor":13},{"not_picked":["Dodge and Roll","Slice"],"picked":"Die Die Die","floor":13},{"not_picked":["Calculated Gamble","Reflex","Sucker Punch"],"picked":"SKIP","floor":14},{"not_picked":["Bullet Time","After Image"],"picked":"Envenom","floor":16},{"not_picked":["Voices","downfall:Aged"],"picked":"theDuelist:CurseDarkness","floor":17},{"not_picked":["Decay","theDuelist:DuelistAscender"],"picked":"CommonCold","floor":17},{"not_picked":["theDuelist:CurseAnubis","Normality"],"picked":"Clumsy","floor":17},{"not_picked":["Leg Sweep","Underhanded Strike","Prepared"],"picked":"SKIP","floor":18},{"not_picked":["Expertise","Quick Slash","Calculated Gamble"],"picked":"SKIP","floor":19},{"not_picked":["Reflex","Setup+1"],"picked":"Poisoned Stab","floor":20},{"not_picked":["Sucker Punch","Leg Sweep","Reflex"],"picked":"SKIP","floor":21},{"not_picked":["Endless Agony+1","Poisoned Stab","Burst"],"picked":"SKIP","floor":27},{"not_picked":["Prepared+1","Underhanded Strike","Acrobatics"],"picked":"SKIP","floor":29},{"not_picked":["Dagger Throw","Eviscerate","Cloak And Dagger"],"picked":"SKIP","floor":30},{"not_picked":["ReplayTheSpireMod:Shiv Toss+1","Quick Slash"],"picked":"Deflect+1","floor":31}],"player_experience":248572,"relics_obtained":[{"floor":9,"key":"ReplayTheSpireMod:TigerMarble"},{"floor":9,"key":"ReplayTheSpireMod:Ring of Challenge"},{"floor":10,"key":"Sundial"},{"floor":12,"key":"Odd Mushroom"},{"floor":13,"key":"HornCleat"},{"floor":26,"key":"Boot"},{"floor":26,"key":"Ring of Panic"}],"event_choices":[{"damage_healed":0,"gold_gain":0,"player_choice":"Leave","damage_taken":0,"max_hp_gain":0,"max_hp_loss":0,"event_name":"The Cleric","floor":2,"gold_loss":0},{"damage_healed":0,"gold_gain":75,"player_choice":"Gather Gold","damage_taken":11,"max_hp_gain":0,"max_hp_loss":0,"event_name":"World of Goop","floor":3,"gold_loss":0},{"damage_healed":0,"gold_gain":0,"player_choice":"Take Wound","damage_taken":0,"relics_obtained":["Golden Idol"],"max_hp_gain":0,"max_hp_loss":0,"event_name":"Golden Idol","floor":8,"gold_loss":0,"cards_obtained":["Injury"]},{"damage_healed":0,"gold_gain":0,"player_choice":"Fought Mushrooms","damage_taken":0,"max_hp_gain":0,"max_hp_loss":0,"event_name":"Mushrooms","floor":12,"gold_loss":0},{"damage_healed":0,"gold_gain":0,"player_choice":"Ignored","damage_taken":0,"max_hp_gain":0,"max_hp_loss":0,"event_name":"Fountain of Cleansing","floor":24,"gold_loss":0},{"damage_healed":0,"gold_gain":0,"player_choice":"Bought 2 Potions","damage_taken":0,"max_hp_gain":0,"max_hp_loss":0,"event_name":"The Woman in Blue","floor":28,"gold_loss":0}],"is_beta":false,"boss_relics":[{"not_picked":["Snecko Scales","Honey Jar"],"picked":"Replay:Ancient Bell"},{"not_picked":["Ancient Tea Set","Art of War"],"picked":"Smiling Mask"},{"not_picked":["Matryoshka","Replay:Bottled Steam"],"picked":"Letter Opener"},{"not_picked":["Unceasing Top","Pocketwatch"],"picked":"Du-Vu Doll"}],"items_purged_floors":[22],"is_endless":false,"potions_floor_spawned":[1,16,20,21,27,29],"killed_by":"Collector","ascension_level":0}}