{"host":"hg2vyukq38ky973l","time":1613762724,"event":{"mods":["AchievementEnabler","BaseMod","Minty Spire (QoL Compilation)"],"gold_per_floor":[117,42,42,42,42,75,75,89,135,135,161,161,173,30,30,134,134,146,165,90,16,16,16,48,67,92,92,92,92,92,107,107,107,107],"floor_reached":33,"language":"ENG","playtime":1344,"items_purged":["Strike_P"],"score":294,"play_id":"c9f690b8-9b1a-47b7-89eb-38c11be205c5","local_time":"20210220052524","is_ascension_mode":false,"campfire_choices":[{"data":"CutThroughFate","floor":7,"key":"SMITH"},{"data":"ClearTheMind","floor":10,"key":"SMITH"},{"data":"CrushJoints","floor":12,"key":"SMITH"},{"data":"ClearTheMind","floor":15,"key":"SMITH"},{"data":"EmptyFist","floor":23,"key":"SMITH"},{"floor":27,"key":"REST"},{"data":"RitualDagger","floor":32,"key":"SMITH"}],"circlet_count":0,"master_deck":["Strike_P","Strike_P","Defend_P","Defend_P","Defend_P","Defend_P","Eruption+1","Vigilance","Tantrum","CutThroughFate+1","ClearTheMind+1","CrushJoints+1","ClearTheMind+1","DevaForm+1","EmptyFist+1","EmptyMind","FearNoEvil","Indignation+1","Crescendo+1","RitualDagger+1","Swivel+1"],"relics":["PureWater","NeowsBlessing","Art of War","Mummified Hand","Bronze Scales","SlaversCollar","Bag of Preparation","Ancient Tea Set","Kunai","MutagenicStrength"],"acts_visited":["Exordium","TheCity"],"potions_floor_usage":[18,25,33],"damage_taken":[{"damage":0,"enemies":"2 Louse","floor":1,"turns":1},{"damage":0,"enemies":"Gremlin Nob","floor":6,"turns":1},{"damage":0,"enemies":"Jaw Worm","floor":8,"turns":1},{"damage":17,"enemies":"3 Sentries","floor":11,"turns":4},{"damage":3,"enemies":"Small Slimes","floor":13,"turns":2},{"damage":31,"enemies":"Hexaghost","floor":16,"turns":6},{"damage":25,"enemies":"2 Thieves","floor":18,"turns":4},{"damage":5,"enemies":"Chosen","floor":19,"turns":4},{"damage":34,"enemies":"Book of Stabbing","floor":24,"turns":5},{"damage":7,"enemies":"3 Cultists","floor":25,"turns":3},{"damage":0,"enemies":"Snecko","floor":31,"turns":1},{"damage":26,"enemies":"Champ","floor":33,"turns":5}],"seed_played":"-8255430084118715595","potions_obtained":[{"floor":1,"key":"GamblersBrew"},{"floor":11,"key":"FearPotion"},{"floor":13,"key":"DuplicationPotion"},{"floor":16,"key":"BlessingOfTheForge"},{"floor":24,"key":"AttackPotion"},{"floor":25,"key":"GamblersBrew"}],"is_trial":false,"path_per_floor":["M","$","?","?","?","E","R","M","T","R","E","R","M","$","R","B",null,"M","M","?","$","?","R","E","M","T","R","T","?","?","M","R","B"],"character_chosen":"WATCHER","items_purchased":["Bronze Scales","FearNoEvil"],"campfire_rested":1,"item_purchase_floors":[14,21],"current_hp_per_floor":[72,72,77,77,77,77,77,77,77,77,60,60,57,57,57,26,77,52,47,47,47,47,47,13,6,6,29,29,29,23,23,23,0,0],"gold":107,"neow_bonus":"THREE_ENEMY_KILL","is_daily":false,"chose_seed":false,"campfire_upgraded":6,"win_rate":0.0,"timestamp":1613762724,"path_taken":["M","$","?","?","?","E","R","M","T","R","E","R","M","$","R","BOSS","M","M","?","$","?","R","E","?","T","R","?","?","?","M","R","BOSS"],"items_purchased_type":["Relic","Card"],"build_version":"2020-12-22","purchased_purges":1,"victory":false,"max_hp_per_floor":[72,72,77,77,77,77,77,77,77,77,77,77,77,77,77,77,77,77,77,77,77,77,77,77,77,77,77,77,77,77,77,77,77,77],"card_choices":[{"not_picked":["DeceiveReality","Protect"],"picked":"Tantrum","floor":1},{"not_picked":["CrushJoints","SashWhip"],"picked":"CutThroughFate","floor":6},{"not_picked":["Tantrum","EmptyBody"],"picked":"ClearTheMind","floor":8},{"not_picked":["BowlingBash","PathToVictory"],"picked":"CrushJoints","floor":11},{"not_picked":["FollowUp","Wallop"],"picked":"ClearTheMind","floor":13},{"not_picked":["Ragnarok","DeusExMachina"],"picked":"DevaForm","floor":16},{"not_picked":["Protect","CrushJoints"],"picked":"EmptyFist","floor":18},{"not_picked":["Conclude+1","SashWhip"],"picked":"EmptyMind","floor":19},{"not_picked":["SandsOfTime","BowlingBash"],"picked":"Indignation+1","floor":24},{"not_picked":["SandsOfTime+1","WreathOfFlame"],"picked":"Crescendo+1","floor":25},{"not_picked":["Consecrate","ClearTheMind"],"picked":"Swivel+1","floor":31}],"player_experience":311241,"relics_obtained":[{"floor":6,"key":"Art of War"},{"floor":11,"key":"Mummified Hand"},{"floor":24,"key":"Bag of Preparation"},{"floor":26,"key":"Ancient Tea Set"},{"floor":28,"key":"Kunai"}],"event_choices":[{"damage_healed":0,"gold_gain":0,"player_choice":"Donut","damage_taken":0,"max_hp_gain":5,"max_hp_loss":0,"event_name":"Big Fish","floor":3,"gold_loss":0},{"damage_healed":0,"gold_gain":0,"player_choice":"Leave","damage_taken":0,"max_hp_gain":0,"max_hp_loss":0,"event_name":"The Cleric","floor":4,"gold_loss":0},{"damage_healed":0,"gold_gain":0,"player_choice":"Grow","damage_taken":0,"max_hp_gain":0,"max_hp_loss":0,"event_name":"Living Wall","floor":5,"gold_loss":0,"cards_upgraded":["Eruption"]},{"cards_removed":["Strike_P"],"damage_healed":0,"gold_gain":0,"player_choice":"Gave Gold","damage_taken":0,"max_hp_gain":0,"max_hp_loss":0,"event_name":"Beggar","floor":20,"gold_loss":75},{"damage_healed":0,"gold_gain":0,"player_choice":"Forge","damage_taken":0,"max_hp_gain":0,"max_hp_loss":0,"event_name":"Accursed Blacksmith","floor":22,"gold_loss":0,"cards_upgraded":["DevaForm"]},{"damage_healed":0,"gold_gain":0,"player_choice":"Inject Mutagens","damage_taken":0,"relics_obtained":["MutagenicStrength"],"max_hp_gain":0,"max_hp_loss":0,"event_name":"Drug Dealer","floor":29,"gold_loss":0},{"damage_healed":0,"gold_gain":0,"player_choice":"Joined the Cult","damage_taken":6,"max_hp_gain":0,"max_hp_loss":0,"event_name":"Nest","floor":30,"gold_loss":0,"cards_obtained":["RitualDagger"]}],"is_beta":false,"boss_relics":[{"not_picked":["Pandora\u0027s Box","VioletLotus"],"picked":"SlaversCollar"}],"items_purged_floors":[2],"is_endless":false,"potions_floor_spawned":[1,11,13,16,24,25],"killed_by":"Champ","ascension_level":0}}