{"host":"gnfs9pc52tj5b2xa","time":1613724270,"event":{"mods":["BaseMod","Minty Spire (QoL Compilation)","Relic Sorter","Relic Stats","Slay the Relics Exporter","ojb\u0027s Better Paths Mod","ojb\u0027s Info Mod"],"gold_per_floor":[109,128,190,190,205,205,240,240,264,291,28,56,69,82,82,159,159,179,159,109,127,139,168,168,118,190,200,213,213,243,254,254,331,331,346,371,371,388,406,406,418,445,445,477,495,191,191,223,223,223,223,223,223,30,58,58],"floor_reached":57,"language":"ENG","playtime":4203,"items_purged":["Strike_R","Strike_R","Strike_R"],"score":3104,"play_id":"f319c1c8-c5bd-4012-87f5-c2019a208a10","local_time":"20210219004430","is_ascension_mode":true,"campfire_choices":[{"data":"Hemokinesis","floor":6.0,"key":"SMITH"},{"data":"Feel No Pain","floor":15.0,"key":"SMITH"},{"data":"Immolate","floor":24.0,"key":"SMITH"},{"data":"Armaments","floor":29.0,"key":"SMITH"},{"data":"Armaments","floor":32.0,"key":"SMITH"},{"data":"Corruption","floor":40.0,"key":"SMITH"},{"data":"Feel No Pain","floor":47.0,"key":"SMITH"},{"floor":49.0,"key":"RECALL"},{"data":"Offering","floor":53.0,"key":"SMITH"}],"circlet_count":0,"master_deck":["AscendersBane","Strike_R","Strike_R","Defend_R","Defend_R","Defend_R","Bash","Corruption+1","Pommel Strike","Hemokinesis+1","Feel No Pain+1","Sentinel","Feed","Rampage","Sentinel","Immolate+1","Armaments+1","Shrug It Off","True Grit","Armaments+1","Barricade+1","Dark Embrace","Exhume","Body Slam","Havoc+1","Armaments+1","Fiend Fire","Dual Wield","Offering+1","Body Slam+1","Feel No Pain+1","Entrench"],"relics":["Burning Blood","Oddly Smooth Stone","PreservedInsect","Ancient Tea Set","Smiling Mask","Shuriken","Bird Faced Urn","Coffee Dripper","Bronze Scales","Letter Opener","Regal Pillow","SlaversCollar","Magic Flower","The Courier","Bottled Tornado","HornCleat","Potion Belt","Medical Kit","Red Skull"],"acts_visited":["Exordium","TheCity","TheBeyond","TheEnding"],"potions_floor_usage":[56],"damage_taken":[{"damage":3.0,"enemies":"Small Slimes","floor":1.0,"turns":4.0},{"damage":7.0,"enemies":"Jaw Worm","floor":2.0,"turns":3.0},{"damage":2.0,"enemies":"Cultist","floor":5.0,"turns":3.0},{"damage":24.0,"enemies":"3 Sentries","floor":7.0,"turns":9.0},{"damage":18.0,"enemies":"Lagavulin","floor":10.0,"turns":5.0},{"damage":12.0,"enemies":"3 Sentries","floor":12.0,"turns":6.0},{"damage":16.0,"enemies":"Exordium Thugs","floor":13.0,"turns":5.0},{"damage":5.0,"enemies":"3 Louse","floor":14.0,"turns":6.0},{"damage":16.0,"enemies":"Slime Boss","floor":16.0,"turns":9.0},{"damage":35.0,"enemies":"3 Byrds","floor":18.0,"turns":5.0},{"damage":23.0,"enemies":"Shell Parasite","floor":21.0,"turns":3.0},{"damage":6.0,"enemies":"Snecko","floor":22.0,"turns":4.0},{"damage":40.0,"enemies":"Gremlin Leader","floor":23.0,"turns":5.0},{"damage":10.0,"enemies":"Snake Plant","floor":27.0,"turns":2.0},{"damage":4.0,"enemies":"Centurion and Healer","floor":28.0,"turns":6.0},{"damage":23.0,"enemies":"Book of Stabbing","floor":30.0,"turns":4.0},{"damage":22.0,"enemies":"Sentry and Sphere","floor":31.0,"turns":5.0},{"damage":6.0,"enemies":"Collector","floor":33.0,"turns":8.0},{"damage":4.0,"enemies":"3 Shapes","floor":35.0,"turns":9.0},{"damage":13.0,"enemies":"Mind Bloom Boss Battle","floor":36.0,"turns":13.0},{"damage":25.0,"enemies":"Orb Walker","floor":38.0,"turns":5.0},{"damage":47.0,"enemies":"Sphere and 2 Shapes","floor":39.0,"turns":7.0},{"damage":9.0,"enemies":"Maw","floor":41.0,"turns":8.0},{"damage":9.0,"enemies":"Giant Head","floor":42.0,"turns":4.0},{"damage":81.0,"enemies":"Reptomancer","floor":44.0,"turns":6.0},{"damage":22.0,"enemies":"Spire Growth","floor":45.0,"turns":7.0},{"damage":8.0,"enemies":"Giant Head","floor":48.0,"turns":5.0},{"damage":94.0,"enemies":"Awakened One","floor":50.0,"turns":6.0},{"damage":12.0,"enemies":"Time Eater","floor":51.0,"turns":6.0},{"damage":50,"enemies":"Shield and Spear","floor":55,"turns":8},{"damage":84,"enemies":"The Heart","floor":56,"turns":8}],"seed_played":"-6169588202391161269","potions_obtained":[{"floor":2.0,"key":"Explosive Potion"},{"floor":5.0,"key":"PowerPotion"},{"floor":7.0,"key":"Strength Potion"},{"floor":18.0,"key":"FairyPotion"},{"floor":19.0,"key":"SneckoOil"},{"floor":21.0,"key":"GamblersBrew"},{"floor":27.0,"key":"Block Potion"},{"floor":31.0,"key":"Swift Potion"},{"floor":35.0,"key":"BloodPotion"},{"floor":39.0,"key":"BlessingOfTheForge"},{"floor":44.0,"key":"Energy Potion"},{"floor":45.0,"key":"Strength Potion"}],"is_trial":false,"path_per_floor":["M","M","?","?","M","R","E","$","T","E","$","E","M","M","R","B",null,"M","?","$","M","M","E","R","$","T","M","M","R","E","M","R","B",null,"M","?","?","M","M","R","M","E","T","E","M","$","R","E","R","B","B",null,"R","$","E","B",null],"character_chosen":"IRONCLAD","items_purchased":["Shuriken","HornCleat","Feel No Pain","Entrench","Medical Kit"],"campfire_rested":0,"item_purchase_floors":[11,46,46,54,54],"current_hp_per_floor":[71,70,70,59,63,63,45,45,45,33,33,30,22,30,30,24,67,41,41,41,28,32,29,29,29,29,30,39,39,26,17,17,29,80,94,99,99,92,78,78,96,114,114,60,70,70,70,92,92,34,58,121,121,121,101,85],"gold":58,"neow_bonus":"TRANSFORM_CARD","is_daily":false,"chose_seed":false,"campfire_upgraded":8,"win_rate":0.0,"timestamp":1613724270,"path_taken":["M","M","?","?","M","R","E","$","T","E","?","E","M","?","R","BOSS","M","?","?","?","M","E","R","$","T","M","M","R","E","M","R","BOSS","M","?","?","M","M","R","M","E","T","E","M","$","R","E","R","BOSS","BOSS","R","$","E","BOSS"],"items_purchased_type":["Relic","Relic","Card","Card","Relic"],"build_version":"2020-12-22","purchased_purges":3,"victory":true,"max_hp_per_floor":[75,75,75,75,75,75,75,75,75,75,75,78,78,81,81,81,81,84,84,84,84,84,84,84,84,84,87,90,90,90,93,93,97,97,101,107,107,107,115,115,119,123,123,127,130,130,130,134,134,138,142,142,142,142,146,146],"relic_stats":{"Regal Pillow":0,"counters":[31,184],"Shuriken":[47],"Bird Faced Urn":[218],"Bronze Scales":[360],"Magic Flower":[122],"PreservedInsect":556,"Letter Opener":[279],"Smiling Mask":125,"Medical Kit":[7],"obtain_stats":[{"Potion Belt":48,"Regal Pillow":30,"Oddly Smooth Stone":4,"Magic Flower":36,"PreservedInsect":7,"The Courier":42,"Letter Opener":26,"Bottled Tornado":44,"Ancient Tea Set":9,"Smiling Mask":10,"Medical Kit":54,"Burning Blood":0,"SlaversCollar":34,"HornCleat":46,"Shuriken":11,"Bird Faced Urn":12,"Bronze Scales":23,"Coffee Dripper":17,"Red Skull":55},{"Potion Belt":27,"Regal Pillow":16,"Oddly Smooth Stone":2,"Magic Flower":20,"PreservedInsect":4,"The Courier":24,"Letter Opener":13,"Bottled Tornado":25,"Ancient Tea Set":4,"Smiling Mask":5,"Medical Kit":29,"Burning Blood":0,"SlaversCollar":18,"HornCleat":26,"Shuriken":5,"Bird Faced Urn":6,"Bronze Scales":13,"Coffee Dripper":9,"Red Skull":30},{"Potion Belt":156,"Regal Pillow":79,"Oddly Smooth Stone":7,"Magic Flower":114,"PreservedInsect":19,"The Courier":138,"Letter Opener":67,"Bottled Tornado":144,"Ancient Tea Set":19,"Smiling Mask":24,"Medical Kit":168,"Burning Blood":0,"SlaversCollar":92,"HornCleat":151,"Shuriken":24,"Bird Faced Urn":30,"Bronze Scales":67,"Coffee Dripper":50,"Red Skull":176}],"Burning Blood":219},"card_choices":[{"not_picked":["Warcry","Battle Trance"],"picked":"Pommel Strike","floor":1.0},{"not_picked":["Shrug It Off","Clash"],"picked":"Hemokinesis","floor":2.0},{"not_picked":["Whirlwind","Dual Wield"],"picked":"Feel No Pain","floor":5.0},{"not_picked":["Heavy Blade","Thunderclap"],"picked":"Sentinel","floor":7.0},{"not_picked":["Anger","Seeing Red"],"picked":"Feed","floor":10.0},{"not_picked":["Burning Pact","Warcry"],"picked":"Rampage","floor":12.0},{"not_picked":["Power Through","Sever Soul"],"picked":"Sentinel","floor":13.0},{"not_picked":["Clash","Iron Wave","Pommel Strike"],"picked":"SKIP","floor":14.0},{"not_picked":["Fiend Fire","Bludgeon"],"picked":"Immolate","floor":16.0},{"not_picked":["Clash","Power Through"],"picked":"Armaments","floor":18.0},{"not_picked":["Fire Breathing+1","Heavy Blade"],"picked":"Shrug It Off","floor":21.0},{"not_picked":["Anger","Flex","Sword Boomerang"],"picked":"SKIP","floor":22.0},{"not_picked":["Corruption","Clothesline"],"picked":"True Grit","floor":23.0},{"not_picked":["Wild Strike","Entrench"],"picked":"Armaments","floor":27.0},{"not_picked":["Pommel Strike","Wild Strike","Clash"],"picked":"SKIP","floor":28.0},{"not_picked":["Clothesline+1","Flame Barrier"],"picked":"Barricade","floor":30.0},{"not_picked":["Iron Wave","Sword Boomerang"],"picked":"Dark Embrace","floor":31.0},{"not_picked":["Limit Break","Fiend Fire"],"picked":"Exhume","floor":33.0},{"not_picked":["Pommel Strike","Searing Blow"],"picked":"Body Slam","floor":35.0},{"not_picked":["Thunderclap+1","Clothesline"],"picked":"Havoc+1","floor":36.0},{"not_picked":["Cleave","Iron Wave","Armaments"],"picked":"SKIP","floor":38.0},{"not_picked":["Rupture","Pummel"],"picked":"Armaments+1","floor":39.0},{"not_picked":["Cleave","Hemokinesis"],"picked":"Fiend Fire","floor":41.0},{"not_picked":["Intimidate","Thunderclap"],"picked":"Dual Wield","floor":42.0},{"not_picked":["Armaments+1","Second Wind"],"picked":"Offering","floor":44.0},{"not_picked":["Disarm+1","Evolve"],"picked":"Body Slam+1","floor":45.0},{"not_picked":["Wild Strike","Sword Boomerang","Armaments"],"picked":"SKIP","floor":48.0},{"not_picked":["True Grit","Body Slam","Warcry"],"picked":"SKIP","floor":55}],"player_experience":1319457,"relics_obtained":[{"floor":7.0,"key":"PreservedInsect"},{"floor":9.0,"key":"Ancient Tea Set"},{"floor":10.0,"key":"Smiling Mask"},{"floor":12.0,"key":"Bird Faced Urn"},{"floor":23.0,"key":"Bronze Scales"},{"floor":26.0,"key":"Letter Opener"},{"floor":30.0,"key":"Regal Pillow"},{"floor":36.0,"key":"Magic Flower"},{"floor":42.0,"key":"The Courier"},{"floor":44.0,"key":"Bottled Tornado"},{"floor":48.0,"key":"Potion Belt"},{"floor":55,"key":"Red Skull"}],"event_choices":[{"damage_healed":0.0,"max_hp_gain":0.0,"max_hp_loss":0.0,"gold_gain":62.0,"event_name":"Golden Wing","player_choice":"Gained Gold","floor":3.0,"gold_loss":0.0,"damage_taken":0.0},{"damage_healed":0.0,"max_hp_gain":0.0,"max_hp_loss":0.0,"gold_gain":0.0,"event_name":"Scrap Ooze","player_choice":"Success","floor":4.0,"gold_loss":0.0,"damage_taken":11.0,"relics_obtained":["Oddly Smooth Stone"]},{"damage_healed":0.0,"max_hp_gain":0.0,"max_hp_loss":0.0,"gold_gain":0.0,"event_name":"The Woman in Blue","player_choice":"Bought 1 Potion","floor":19.0,"gold_loss":0.0,"damage_taken":0.0},{"damage_healed":0.0,"max_hp_gain":0.0,"max_hp_loss":0.0,"gold_gain":0.0,"event_name":"MindBloom","player_choice":"Fight","floor":36.0,"gold_loss":0.0,"damage_taken":0.0},{"damage_healed":0.0,"max_hp_gain":0.0,"max_hp_loss":0.0,"gold_gain":0.0,"event_name":"Upgrade Shrine","player_choice":"Upgraded","floor":37.0,"gold_loss":0.0,"damage_taken":0.0,"cards_upgraded":["Barricade"]}],"is_beta":false,"boss_relics":[{"not_picked":["Sozu","Ectoplasm"],"picked":"Coffee Dripper"},{"not_picked":["Pandora\u0027s Box","Calling Bell"],"picked":"SlaversCollar"}],"items_purged_floors":[20,25,46],"is_endless":false,"potions_floor_spawned":[2,5,7,10,18,21,22,27,31,35,39,44,45],"ascension_level":20}}