{"host":"ypphcgdomtfqpc2w","time":1613745758,"event":{"mods":["BaseMod","Minty Spire (QoL Compilation)","StSLib"],"gold_per_floor":[118,118,118,134,6,6,33,46,121,138,154,154,179,11,11,11,11],"floor_reached":16,"language":"ENG","playtime":622,"items_purged":["Zap","Dualcast"],"score":220,"play_id":"53d0590e-b452-43f7-bfc5-77d872d18270","local_time":"20210219234238","is_ascension_mode":true,"campfire_choices":[{"data":"Reprogram","floor":6,"key":"SMITH"},{"floor":15,"key":"REST"}],"circlet_count":0,"master_deck":["AscendersBane","Strike_B+1","Strike_B","Strike_B+1","Defend_B","Defend_B","Defend_B","Defend_B","Ball Lightning","Reprogram+1","Self Repair","Reprogram","Hologram","Hologram","Streamline","Conserve Battery"],"relics":["Cracked Core","PreservedInsect","Ornamental Fan","The Courier","Whetstone"],"acts_visited":["Exordium"],"potions_floor_usage":[7,10,13,16,16],"damage_taken":[{"damage":16,"enemies":"Small Slimes","floor":1,"turns":4},{"damage":2,"enemies":"2 Louse","floor":4,"turns":3},{"damage":38,"enemies":"Gremlin Nob","floor":7,"turns":4},{"damage":0,"enemies":"Cultist","floor":8,"turns":4},{"damage":5,"enemies":"Exordium Wildlife","floor":10,"turns":3},{"damage":11,"enemies":"3 Louse","floor":11,"turns":4},{"damage":17,"enemies":"3 Sentries","floor":13,"turns":9},{"damage":50,"enemies":"Hexaghost","floor":16,"turns":11}],"seed_played":"4199397671762766952","potions_obtained":[{"floor":8,"key":"Explosive Potion"},{"floor":11,"key":"ColorlessPotion"},{"floor":13,"key":"Block Potion"}],"is_trial":false,"path_per_floor":["M","?","?","M","$","R","E","M","T","M","M","T","E","$","R","B"],"character_chosen":"DEFECT","items_purchased":["PowerPotion","Conserve Battery","Regen Potion"],"campfire_rested":1,"item_purchase_floors":[5,14,14],"current_hp_per_floor":[62,62,62,60,60,60,22,29,29,31,27,27,17,17,41,0,0],"gold":11,"neow_bonus":"TWENTY_PERCENT_HP_BONUS","is_daily":false,"chose_seed":false,"campfire_upgraded":1,"win_rate":0.0,"timestamp":1613745758,"path_taken":["M","?","?","M","$","R","E","M","T","M","?","?","E","$","R","BOSS"],"items_purchased_type":["Potion","Card","Potion"],"build_version":"2020-12-22","purchased_purges":2,"victory":false,"max_hp_per_floor":[85,85,82,82,82,82,82,82,82,82,82,82,82,82,82,82,82],"card_choices":[{"not_picked":["Stack","Rip and Tear"],"picked":"Ball Lightning","floor":1},{"not_picked":["Barrage","Tempest","Redo"],"picked":"SKIP","floor":4},{"not_picked":["Barrage","Tempest","Redo"],"picked":"SKIP","floor":4},{"not_picked":["Cold Snap","Lockon"],"picked":"Self Repair","floor":7},{"not_picked":["Sunder","BootSequence"],"picked":"Reprogram","floor":8},{"not_picked":["Storm","Conserve Battery"],"picked":"Hologram","floor":10},{"not_picked":["Chaos","Ball Lightning"],"picked":"Hologram","floor":11},{"not_picked":["Storm","Coolheaded"],"picked":"Streamline","floor":13}],"player_experience":2196631,"relics_obtained":[{"floor":7,"key":"PreservedInsect"},{"floor":9,"key":"Ornamental Fan"},{"floor":12,"key":"The Courier"},{"floor":13,"key":"Whetstone"}],"event_choices":[{"damage_healed":0,"gold_gain":0,"cards_transformed":["Strike_B"],"player_choice":"Change","damage_taken":0,"max_hp_gain":0,"max_hp_loss":0,"event_name":"Living Wall","floor":2,"gold_loss":0,"cards_obtained":["Reprogram"]},{"cards_removed":["Parasite"],"damage_healed":0,"gold_gain":0,"player_choice":"Purged","damage_taken":0,"max_hp_gain":0,"max_hp_loss":0,"event_name":"Purifier","floor":3,"gold_loss":0}],"is_beta":false,"boss_relics":[],"items_purged_floors":[5,14],"is_endless":false,"potions_floor_spawned":[8,11,13],"killed_by":"Hexaghost","ascension_level":20}}