{"host":"92108ef2q9tm8rod","time":1613702984,"event":{"mods":["BaseMod","Defuse TimeMaze Blight","Minty Spire (QoL Compilation)","StSLib","The Jungle"],"gold_per_floor":[116,116,131,131,56,56,89,89,89,89,89,123,149,224,224,319,319,335,354,354,369,224,224,234,234,234,234,263,263,263,163,163,262,262,272,290,302,402,418,418,418,62,62,72,72,72,85,110,110,110],"floor_reached":51,"language":"ENG","playtime":1806,"items_purged":["Prepared","Armaments+1","Cleave"],"score":1009,"play_id":"95c8ee79-99d6-42ed-a060-b8b006c3bf99","local_time":"20210219024944","daily_mods":["SealedDeck","Red Cards","Heirloom","Flight"],"is_ascension_mode":false,"campfire_choices":[{"data":"Infinite Blades","floor":6,"key":"SMITH"},{"data":"Feel No Pain","floor":8,"key":"SMITH"},{"floor":10,"key":"REST"},{"data":"Caltrops","floor":15,"key":"SMITH"},{"data":"Deflect","floor":23,"key":"SMITH"},{"data":"Caltrops","floor":25,"key":"SMITH"},{"floor":27,"key":"REST"},{"data":"Body Slam","floor":29,"key":"SMITH"},{"data":"Blur","floor":30,"key":"SMITH"},{"data":"Backflip","floor":32,"key":"SMITH"},{"data":"Juggernaut","floor":40,"key":"SMITH"},{"data":"Corpse Explosion","floor":41,"key":"SMITH"},{"data":"Entrench","floor":45,"key":"SMITH"},{"floor":49,"key":"REST"}],"circlet_count":0,"master_deck":["Caltrops+1","Backflip+1","Feel No Pain+1","Infinite Blades+1","Deflect+1","Caltrops+1","Corpse Explosion+1","Blur+1","Body Slam+1","Juggernaut+1","Entrench+1","Adrenaline"],"relics":["Ring of the Snake","CaptainsWheel","Bag of Preparation","Vajra","StrikeDummy","Lantern","Empty Cage","TwistedFunnel","Pear","Bottled Tornado","Lee\u0027s Waffle","Bottled Lightning","Mummified Hand"],"acts_visited":["Exordium","Exordium","TheBeyond"],"potions_floor_usage":[16,33,36,48,50,50],"damage_taken":[{"damage":0,"enemies":"Small Slimes","floor":1,"turns":4},{"damage":0,"enemies":"2 Louse","floor":3,"turns":2},{"damage":12,"enemies":"Gremlin Nob","floor":7,"turns":6},{"damage":0,"enemies":"Lagavulin","floor":12,"turns":8},{"damage":5,"enemies":"Gremlin Nob","floor":13,"turns":4},{"damage":0,"enemies":"Slime Boss","floor":16,"turns":10},{"damage":0,"enemies":"theJungle:MUSHROOMGANG","floor":18,"turns":3},{"damage":0,"enemies":"Shell Parasite","floor":19,"turns":4},{"damage":0,"enemies":"theJungle:Lyon","floor":21,"turns":6},{"damage":12,"enemies":"theJungle:2_Flameangoes","floor":24,"turns":5},{"damage":0,"enemies":"theJungle:Cassacara","floor":28,"turns":6},{"damage":0,"enemies":"theJungle:QueenSpyder","floor":33,"turns":6},{"damage":12,"enemies":"3 Darklings","floor":35,"turns":3},{"damage":0,"enemies":"3 Shapes","floor":36,"turns":2},{"damage":4,"enemies":"Transient","floor":37,"turns":5},{"damage":2,"enemies":"Sphere and 2 Shapes","floor":39,"turns":3},{"damage":0,"enemies":"Maw","floor":44,"turns":5},{"damage":0,"enemies":"Spire Growth","floor":47,"turns":3},{"damage":52,"enemies":"Nemesis","floor":48,"turns":9},{"damage":0,"enemies":"Donu and Deca","floor":50,"turns":2}],"seed_played":"129111621908753407","potions_obtained":[{"floor":3,"key":"EssenceOfSteel"},{"floor":13,"key":"SteroidPotion"},{"floor":16,"key":"DistilledChaos"},{"floor":18,"key":"CunningPotion"},{"floor":28,"key":"Swift Potion"},{"floor":39,"key":"PowerPotion"},{"floor":44,"key":"SpeedPotion"},{"floor":48,"key":"DistilledChaos"}],"is_trial":true,"path_per_floor":["M","?","M","?","$","R","E","R","T","R","$","E","E","?","R","B",null,"M","M","?","M","$","R","M","R","T","R","E","R","R","$","R","B",null,"M","M","M","?","M","R","R","$","T","M","R","$","M","E","R","B",null],"character_chosen":"THE_SILENT","items_purchased":["TwistedFunnel","Entrench","Lee\u0027s Waffle"],"campfire_rested":3,"item_purchase_floors":[22,42,42],"current_hp_per_floor":[70,70,70,70,70,70,58,58,58,70,70,70,65,54,54,54,70,70,70,70,70,70,70,58,58,68,80,80,80,80,80,80,80,80,68,68,64,64,62,62,62,87,87,87,87,87,87,35,61,61],"gold":110,"neow_bonus":"","is_daily":false,"chose_seed":false,"campfire_upgraded":11,"win_rate":0.0,"timestamp":1613702984,"path_taken":["M","?","M","?","$","R","E","R","T","R","$","E","E","?","R","BOSS","M","M","?","M","$","R","M","R","T","R","E","R","R","$","R","BOSS","M","M","M","?","?","R","R","$","T","M","R","$","M","E","R","BOSS"],"items_purchased_type":["Relic","Card","Relic"],"build_version":"2020-12-22","purchased_purges":3,"victory":true,"max_hp_per_floor":[70,70,70,70,70,70,70,70,70,70,70,70,70,70,70,70,70,70,70,70,70,70,70,70,70,80,80,80,80,80,80,80,80,80,80,80,80,80,80,80,80,87,87,87,87,87,87,87,87,87],"card_choices":[{"not_picked":["Thunderclap","Backstab","Quick Slash"],"picked":"SKIP","floor":1},{"not_picked":["Iron Wave","Acrobatics","Flex"],"picked":"SKIP","floor":3},{"not_picked":["Uppercut","Poisoned Stab","Leg Sweep"],"picked":"SKIP","floor":7},{"not_picked":["Deflect","Dodge and Roll"],"picked":"Caltrops","floor":12},{"not_picked":["Flechettes","Footwork","Concentrate"],"picked":"SKIP","floor":13},{"not_picked":["Die Die Die","Unload"],"picked":"Corpse Explosion","floor":16},{"not_picked":["Outmaneuver","Sword Boomerang+1","Clothesline+1"],"picked":"SKIP","floor":18},{"not_picked":["Clash","Cleave"],"picked":"Blur","floor":19},{"not_picked":["Shrug It Off","Leg Sweep","Iron Wave"],"picked":"SKIP","floor":21},{"not_picked":["Heel Hook","Clothesline+1","Flex"],"picked":"SKIP","floor":24},{"not_picked":["Bane","Grand Finale"],"picked":"Body Slam","floor":28},{"not_picked":["Exhume","Burst"],"picked":"Juggernaut","floor":33},{"not_picked":["Bane+1","Eviscerate","Pommel Strike+1"],"picked":"SKIP","floor":35},{"not_picked":["Feel No Pain+1","Armaments","Dagger Throw+1"],"picked":"SKIP","floor":36},{"not_picked":["Rupture+1","Shrug It Off+1","Evolve"],"picked":"SKIP","floor":37},{"not_picked":["Poisoned Stab+1","Body Slam+1","Sword Boomerang"],"picked":"SKIP","floor":39},{"not_picked":["True Grit+1","Underhanded Strike+1"],"picked":"Adrenaline","floor":44},{"not_picked":["Endless Agony+1","Heavy Blade+1","Deflect"],"picked":"SKIP","floor":47},{"not_picked":["Deadly Poison+1","Thunderclap","Slice"],"picked":"SKIP","floor":48}],"player_experience":3435693,"relics_obtained":[{"floor":7,"key":"Bag of Preparation"},{"floor":9,"key":"Vajra"},{"floor":12,"key":"StrikeDummy"},{"floor":13,"key":"Lantern"},{"floor":26,"key":"Pear"},{"floor":28,"key":"Bottled Tornado"},{"floor":43,"key":"Bottled Lightning"},{"floor":48,"key":"Mummified Hand"}],"event_choices":[{"damage_healed":0,"gold_gain":0,"player_choice":"Grow","damage_taken":0,"max_hp_gain":0,"max_hp_loss":0,"event_name":"Living Wall","floor":2,"gold_loss":0,"cards_upgraded":["Armaments"]},{"damage_healed":0,"gold_gain":0,"player_choice":"Ignored","damage_taken":0,"max_hp_gain":0,"max_hp_loss":0,"event_name":"Liars Game","floor":4,"gold_loss":0},{"damage_healed":0,"gold_gain":75,"player_choice":"Gather Gold","damage_taken":11,"max_hp_gain":0,"max_hp_loss":0,"event_name":"World of Goop","floor":14,"gold_loss":0},{"damage_healed":0,"gold_gain":0,"player_choice":"Ignored","damage_taken":0,"max_hp_gain":0,"max_hp_loss":0,"event_name":"NoteForYourself","floor":20,"gold_loss":0},{"damage_healed":0,"gold_gain":100,"player_choice":"Pray","damage_taken":0,"max_hp_gain":0,"max_hp_loss":0,"event_name":"Golden Shrine","floor":38,"gold_loss":0}],"is_beta":false,"boss_relics":[{"not_picked":["Runic Dome","Cursed Key"],"picked":"Empty Cage"},{"not_picked":["Runic Pyramid","Astrolabe","Sozu"]}],"items_purged_floors":[5,31,42],"is_endless":false,"potions_floor_spawned":[3,13,16,18,28,39,44,48],"ascension_level":0}}