{"host":"z4j51vjvl4ssilsu","time":1613712309,"event":{"mods":["AchievementEnabler","Act Like it!","Aspiration","BaseMod","Better Altar","Better Match","Better Note","Better Sensory Stone","Better Silent Start","Better Skull","Better Synergies","Better Third Choice","Better Vampires","Better-Laid Plans","BetterRewards","Block Reminder","CapriCore","Colored Powertips","Conspire","Disable Question Mark Monsters","Emptier Cage","Energized Spire","Gensokyo","GifTheSpireLib","Gold Saver","GungeonMod","Halation","Hallownest","Hubris","Infinite Spire","Ironclad Rager","Marisa????????","Marked Mod","Mimic Mod","Minty Spire (QoL Compilation)","MostiFishMod","Permanent Neow","Quick Restart","RRrroohrrRGHHhhh!!","Reliquary","Replay The Spire","SacredBarkPlus","Smile Girya","Spicy Shops","StS++","StSLib","Stuff the Spire","The Bug Knight","The Marked","The Servant 0.9.4","Transform Curses","Unceasing Turn Reminder"],"gold_per_floor":[111,111,111,111,111,111,143,157,157,157,9,9,9,40,40,143,143,158,158,158,170,170,170,170],"floor_reached":23,"language":"ENG","playtime":1098,"items_purged":[],"score":258,"play_id":"cc2218fb-2d3e-4a0f-8a5d-7386d626c4fe","local_time":"20210219022509","is_ascension_mode":true,"campfire_choices":[{"data":"StuffTheSpire:Python","floor":6,"key":"SMITH"},{"floor":12,"key":"REST"},{"floor":15,"key":"REST"}],"circlet_count":0,"master_deck":["Strike_G","Strike_G","Strike_G","Strike_G","Defend_G","Defend_G","Defend_G","Defend_G","Survivor","StuffTheSpire:Python+1","ReplayTheSpireMod:Speed Training+1","Hidden Blade","Pain","MostiFishMod:ShivMaster+1","Distraction+1","Hidden Blade"],"relics":["Ring of the Snake","DaveBox","aspiration:Nostalgia","Sizzling Blood","SynthV:TestCard","hubris:Icosahedron","Happy Flower","BrkXgEgg","hubris:Towel","Pen Nib","conspire:BottledYoYo","StSpp:BrokenTotem","Gensokyo:LunaticRedEyes","Shovel","rorgmod:Black Star","halation:EternalFortune"],"acts_visited":["Gensokyo:Gensokyo","Gensokyo:Gensokyoer"],"potions_floor_usage":[16,16],"damage_taken":[{"damage":0,"enemies":"Gensokyo:3_Fairies","floor":1,"turns":4},{"damage":40,"enemies":"Gensokyo:Cirno","floor":7,"turns":10},{"damage":3,"enemies":"Gensokyo:2_Kodama","floor":8,"turns":5},{"damage":30,"enemies":"Gensokyo:Aya","floor":14,"turns":7},{"damage":15,"enemies":"Gensokyo:Kokoro","floor":16,"turns":13},{"damage":33,"enemies":"Gensokyo:Chomper","floor":18,"turns":6},{"damage":20,"enemies":"Gensokyo:3_Dogs","floor":21,"turns":5},{"damage":43,"enemies":"Gensokyo:Tenshi","floor":23,"turns":3}],"seed_played":"3217492290960837007","potions_obtained":[{"floor":7,"key":"LiquidBronze"},{"floor":8,"key":"LifebloodPotion"}],"is_trial":false,"path_per_floor":["M","?","?","?","?","R","E","M","T","?","$","R","?","E","R","B",null,"M","?","?","M","?","E"],"character_chosen":"THE_SILENT","items_purchased":["StSpp:BrokenTotem"],"campfire_rested":2,"item_purchase_floors":[11],"current_hp_per_floor":[74,74,74,74,74,74,38,39,39,39,39,61,61,35,57,46,74,45,45,49,33,36,0,0],"gold":170,"neow_bonus":"NOSTALGIA","is_daily":false,"chose_seed":false,"campfire_upgraded":1,"win_rate":0.0,"timestamp":1613712309,"path_taken":["M","?","?","?","?","R","E","?","T","?","?","R","?","E","R","BOSS","M","?","?","?","?","E"],"items_purchased_type":["Relic"],"build_version":"2020-12-22","purchased_purges":0,"victory":false,"max_hp_per_floor":[74,74,74,74,74,74,74,74,74,74,74,74,74,74,74,74,74,74,74,74,74,77,77,77],"card_choices":[{"not_picked":["Toxin Wave","ReplayTheSpireMod:Tripwire"],"picked":"StuffTheSpire:Python","floor":1},{"not_picked":["Endless Agony","Blade Dance","PiercingWail","Flying Knee"],"picked":"ReplayTheSpireMod:Speed Training","floor":7},{"not_picked":["Terror","Quick Slash","Bane","StuffTheSpire:BumpUp"],"picked":"Hidden Blade","floor":8},{"not_picked":["StSpp:Anticipation","StSpp:Throw","Blur","PiercingWail","StuffTheSpire:ClusterCrunch"],"picked":"SKIP","floor":14},{"not_picked":["MostiFishMod:Listen+1","ReplayTheSpireMod:Necrosis+1","A Thousand Cuts+1","MostiFishMod:GrandStart+1"],"picked":"MostiFishMod:ShivMaster+1","floor":16},{"not_picked":["MostiFishMod:PerfectParry","Masterful Stab+1","StSpp:PoisonousPunch","Heel Hook+1"],"picked":"Distraction+1","floor":18},{"not_picked":["Deadly Poison+1","Outmaneuver","MostiFishMod:ThornCasing","StuffTheSpire:BumpUp"],"picked":"Hidden Blade","floor":21}],"player_experience":325743,"relics_obtained":[{"floor":1,"key":"SynthV:TestCard"},{"floor":7,"key":"Pen Nib"},{"floor":9,"key":"conspire:BottledYoYo"},{"floor":14,"key":"Shovel"}],"event_choices":[{"damage_healed":0,"gold_gain":0,"player_choice":"2","damage_taken":0,"max_hp_gain":0,"max_hp_loss":0,"event_name":"betterMatch:BetterMatch","floor":19,"gold_loss":0,"cards_obtained":[]},{"damage_healed":4,"gold_gain":0,"player_choice":"LEAVE ","damage_taken":0,"relics_obtained":[],"max_hp_gain":0,"max_hp_loss":0,"event_name":"betterSkull:BetterSkull","floor":20,"gold_loss":0,"cards_upgraded":[]}],"is_beta":false,"boss_relics":[{"not_picked":["Velvet Choker","halation:CatFaceCupcake"],"picked":"rorgmod:Black Star"}],"items_purged_floors":[],"is_endless":false,"potions_floor_spawned":[7,8],"killed_by":"Gensokyo:Tenshi","ascension_level":4}}