{"host":"9czo1ewqehy3yunx","time":1613745085,"event":{"mods":["AchievementEnabler","Act Like it!","BaseMod","CapriCore","Colored Powertips","DeckTracker","GifTheSpireLib","GungeonMod","Hermit","Keyboard Shortcuts","Koishi","Lobotomy","Marisa£¨Ùöéë¡¡Øª×âÞÞ£©","Minty Spire (QoL Compilation)","Permanent Neow","Quick Restart","StSLib","SuperFastMode","Td1madao Mod","The Bug Knight","The Cursed","The Hierophant","The Immortal","The Jungle","The Poker Player","The Runesmith"],"gold_per_floor":[112,171,22,22,22,63,63,38,108,183,197,207,207,227,227,331,331,343,355,355,374,374,374],"floor_reached":22,"language":"KOR","playtime":1055,"items_purged":[],"score":186,"play_id":"b1e46bce-147c-4bce-8909-f77e1fadb2fd","local_time":"20210219233125","is_ascension_mode":false,"campfire_choices":[{"data":"DemoMod:BalloonGun","floor":7,"key":"SMITH"},{"floor":15,"key":"REST"}],"circlet_count":0,"master_deck":["DemoMod:Strike_Huntress","DemoMod:Strike_Huntress","DemoMod:Strike_Huntress","DemoMod:Defend_Huntress","DemoMod:Defend_Huntress","DemoMod:Defend_Huntress","DemoMod:Defend_Huntress","DemoMod:Roll","DemoMod:ManualReload","DemoMod:RustySidearm","DemoMod:CrossBow","OldLady","DemoMod:HuntsMan","Scorched","DemoMod:ChanceBullets+1","DemoMod:TableSutra","Alriune","DemoMod:BalloonGun+1","DemoMod:TeaPot","FairyFestival","DemoMod:TeaPot","UniverseFragment","DemoMod:SkilledReload","MeatLantern","DemoMod:HungryBullets","VoidDream","DemoMod:ThirdPartyController","SnowQueen","DemoMod:SpreadAmmo","WallGazer","BlueStar","DemoMod:FightSabre"],"relics":["DemoMod:Dog","CogitoBucket","DemoMod:GnawedKey","DemoMod:MemoryAlloy","Pear","DemoMod:Plus1Bullets","AdjustmentMirror","DemoMod:Test1","Runesmith:Nanobots"],"acts_visited":["Exordium","TheCity"],"potions_floor_usage":[16],"damage_taken":[{"damage":6,"enemies":"Cultist","floor":1,"turns":3},{"damage":4,"enemies":"Jaw Worm","floor":2,"turns":3},{"damage":33,"enemies":"Gremlin Nob","floor":6,"turns":5},{"damage":6,"enemies":"2 Louse","floor":11,"turns":3},{"damage":10,"enemies":"Looter","floor":12,"turns":3},{"damage":0,"enemies":"Red Slaver","floor":14,"turns":3},{"damage":42,"enemies":"The Guardian","floor":16,"turns":11},{"damage":57,"enemies":"3 Byrds","floor":18,"turns":5},{"damage":42,"enemies":"Spheric Guardian","floor":19,"turns":5},{"damage":54,"enemies":"Centurion and Healer","floor":21,"turns":6},{"damage":44,"enemies":"Snake Plant","floor":22,"turns":2}],"seed_played":"-1223329863642002055","potions_obtained":[{"floor":12,"key":"Energy Potion"},{"floor":14,"key":"Regen Potion"},{"floor":19,"key":"Ancient Potion"}],"is_trial":false,"path_per_floor":["M","M","$","?","$","E","R","$","T","?","M","M","T","M","R","B",null,"M","M","?","M","M"],"character_chosen":"HUNTRESS","items_purchased":["DemoMod:GnawedKey","DemoMod:TableSutra","DemoMod:TeaPot"],"campfire_rested":1,"item_purchase_floors":[3,3,8],"current_hp_per_floor":[64,60,60,60,60,27,27,27,37,26,20,10,10,10,34,7,80,58,51,51,42,0,0],"gold":374,"neow_bonus":"","is_daily":false,"chose_seed":false,"campfire_upgraded":1,"win_rate":0.0,"timestamp":1613745085,"path_taken":["M","M","?","?","$","E","R","$","T","?","M","M","?","?","R","BOSS","M","M","?","M","M"],"items_purchased_type":["Relic","Card","Card"],"build_version":"2020-12-22","purchased_purges":0,"victory":false,"max_hp_per_floor":[70,70,70,70,70,70,70,70,80,80,80,80,80,80,80,80,80,80,80,80,80,80,80],"card_choices":[{"not_picked":["CherryBlossoms","PunishingBird"],"picked":"OldLady","floor":1},{"not_picked":["DemoMod:DirectionalPad","DemoMod:MegaHand"],"picked":"DemoMod:HuntsMan","floor":1},{"not_picked":["CherryBlossoms","CrumblingArmor"],"picked":"Scorched","floor":2},{"not_picked":["DemoMod:BoxingGlove","DemoMod:Ejector"],"picked":"DemoMod:ChanceBullets","floor":2},{"not_picked":["Wellcheers","Murderer"],"picked":"Alriune","floor":6},{"not_picked":["DemoMod:Unmoved","DemoMod:Rummage"],"picked":"DemoMod:BalloonGun","floor":6},{"not_picked":["WhitesApple","Murderer"],"picked":"FairyFestival","floor":11},{"not_picked":["DemoMod:AWP","DemoMod:Unmoved"],"picked":"DemoMod:TeaPot","floor":11},{"not_picked":["CherryBlossoms","WallGazer"],"picked":"UniverseFragment","floor":12},{"not_picked":["DemoMod:SpreadAmmo","DemoMod:PracticeMakesPerfect"],"picked":"DemoMod:SkilledReload","floor":12},{"not_picked":["MHz","Porccubus"],"picked":"MeatLantern","floor":14},{"not_picked":["DemoMod:BattleInHaste","DemoMod:Rummage"],"picked":"DemoMod:HungryBullets","floor":14},{"not_picked":["CherryBlossoms","PunishingBird"],"picked":"VoidDream","floor":16},{"not_picked":["DemoMod:BlackHoleGun","DemoMod:Gungine"],"picked":"DemoMod:ThirdPartyController","floor":16},{"not_picked":["WhitesApple","GalaxyChild"],"picked":"SnowQueen","floor":18},{"not_picked":["DemoMod:PracticeMakesPerfect","DemoMod:HardPowerCard"],"picked":"DemoMod:SpreadAmmo","floor":18},{"not_picked":["Murderer","QueenBee"],"picked":"WallGazer","floor":19},{"not_picked":["DemoMod:HardPowerCard","DemoMod:Ejector","DemoMod:SAA+1"],"picked":"SKIP","floor":19},{"not_picked":["BigBird","CherryBlossoms"],"picked":"BlueStar","floor":21},{"not_picked":["DemoMod:DoubleSwitch+1","DemoMod:Camera"],"picked":"DemoMod:FightSabre","floor":21}],"player_experience":248901,"relics_obtained":[{"floor":6,"key":"DemoMod:MemoryAlloy"},{"floor":9,"key":"Pear"},{"floor":13,"key":"DemoMod:Plus1Bullets"},{"floor":19,"key":"Runesmith:Nanobots"}],"event_choices":[{"damage_healed":0,"gold_gain":0,"player_choice":"Grow","damage_taken":0,"max_hp_gain":0,"max_hp_loss":0,"event_name":"Living Wall","floor":4,"gold_loss":0,"cards_upgraded":["DemoMod:ChanceBullets"]},{"damage_healed":0,"gold_gain":75,"player_choice":"Gather Gold","damage_taken":11,"max_hp_gain":0,"max_hp_loss":0,"event_name":"World of Goop","floor":10,"gold_loss":0},{"damage_healed":0,"gold_gain":0,"player_choice":"Ignored","damage_taken":0,"max_hp_gain":0,"max_hp_loss":0,"event_name":"N\u0027loth","floor":20,"gold_loss":0}],"is_beta":false,"boss_relics":[{"not_picked":["Busted Crown","Runic Pyramid"],"picked":"DemoMod:Test1"}],"items_purged_floors":[],"is_endless":false,"potions_floor_spawned":[12,14,19],"killed_by":"Snake Plant","ascension_level":0}}