{"host":"81h68oe4mr04pk3r","time":1613715735,"event":{"mods":["Act Like it!","Aspiration","BaseMod","BetterRewards","Colored Map","Colored Powertips","Conspire","Gensokyo","Hallownest","Hermit","Hubris","Jorbs\u0027s Wanderer Trilogy","Koishi","Marisa????????","Minty Spire (QoL Compilation)","Quick Restart","Reimu??????","Remilia??????","StSLib","The Bug Knight"],"gold_per_floor":[109,122,133,12,29,29,29,42,66,66,66,66,66,39,39,239,239],"floor_reached":16,"language":"ENG","playtime":708,"items_purged":[],"score":90,"play_id":"3e3de97c-0dfb-4cd5-9ee9-7feae480b87d","local_time":"20210218222215","is_ascension_mode":false,"campfire_choices":[{"data":"hermit:LowProfile","floor":6,"key":"SMITH"},{"floor":11,"key":"REST"},{"data":"hermit:Snipe","floor":15,"key":"SMITH"}],"circlet_count":0,"master_deck":["hermit:Strike_Hermit","hermit:Strike_Hermit","hermit:Strike_Hermit","hermit:Strike_Hermit","hermit:Defend_Hermit","hermit:Defend_Hermit","hermit:Defend_Hermit","hermit:Defend_Hermit","hermit:Snapshot+1","hermit:Covet","hermit:Feint","hermit:Manifest","hermit:LowProfile+1","Gensokyo:RustyChest","hermit:Combo+1","hermit:CursedWeapon","hermit:Snipe+1","hermit:BodyArmor"],"relics":["hermit:Momento","aspiration:FetidBarrel","Omamori","Regal Pillow","Gensokyo:LunaticRedEyes"],"acts_visited":["Gensokyo:Gensokyo"],"potions_floor_usage":[5,16],"damage_taken":[{"damage":6,"enemies":"Gensokyo:Python","floor":1,"turns":3},{"damage":0,"enemies":"Gensokyo:2_Kodama","floor":2,"turns":3},{"damage":0,"enemies":"Gensokyo:Gryphon","floor":3,"turns":5},{"damage":3,"enemies":"Gensokyo:5_Fairies","floor":5,"turns":7},{"damage":23,"enemies":"Gensokyo:LivingMonolith","floor":8,"turns":6},{"damage":77,"enemies":"Gensokyo:Reimu","floor":16,"turns":13}],"seed_played":"7143313906567308503","potions_obtained":[{"floor":2,"key":"Explosive Potion"},{"floor":8,"key":"SpeedPotion"}],"is_trial":false,"path_per_floor":["M","M","M","COS","M","R","T","M","T","?","R","?","?","$","R","B"],"character_chosen":"HERMIT","items_purchased":["hermit:BodyArmor"],"campfire_rested":1,"item_purchase_floors":[14],"current_hp_per_floor":[69,69,69,69,66,66,66,43,43,43,75,75,75,75,75,0,0],"gold":239,"neow_bonus":"UPGRADE_CARD","is_daily":false,"chose_seed":false,"campfire_upgraded":2,"win_rate":0.0,"timestamp":1613715735,"path_taken":["M","M","M","COS","M","R","?","M","T","?","R","?","?","$","R","BOSS"],"items_purchased_type":["Card"],"build_version":"2020-12-22","purchased_purges":0,"victory":false,"max_hp_per_floor":[75,75,75,75,75,75,75,75,75,75,75,75,75,75,75,75,75],"card_choices":[{"not_picked":["hermit:HoleUp","hermit:Maintenance"],"picked":"hermit:Feint","floor":1},{"not_picked":["hermit:Misfire","hermit:BodyArmor"],"picked":"hermit:Manifest","floor":2},{"not_picked":["hermit:Maintenance","hermit:ShadowCloak"],"picked":"hermit:LowProfile","floor":3},{"not_picked":["hermit:Headshot+1","hermit:HoleUp+1"],"picked":"hermit:Combo+1","floor":5},{"not_picked":["hermit:GoldenBullet","hermit:LuckOfTheDraw"],"picked":"hermit:CursedWeapon","floor":5},{"not_picked":["hermit:HoleUp","hermit:BodyArmor"],"picked":"hermit:Snipe","floor":8}],"player_experience":208669,"relics_obtained":[{"floor":7,"key":"aspiration:FetidBarrel"},{"floor":9,"key":"Regal Pillow"}],"event_choices":[{"damage_healed":0,"gold_gain":0,"player_choice":"Leave","damage_taken":0,"max_hp_gain":0,"max_hp_loss":0,"event_name":"conspire:Investor","floor":12,"gold_loss":0}],"is_beta":false,"boss_relics":[],"items_purged_floors":[],"is_endless":false,"potions_floor_spawned":[2,8],"killed_by":"Gensokyo:Reimu","ascension_level":0}}