{"host":"3uh6d38h6u62bhfi","time":1613719155,"event":{"mods":["AchievementEnabler","BaseMod","DeckTracker","Minty Spire (QoL Compilation)","Permanent Neow","SuperFastMode","everything is the same but u backflip on backflip"],"gold_per_floor":[114,125,137,137,312,346,346,356,434,449,38,70,70,99,99,195,195,211,221,136,136,156,156,156],"floor_reached":23,"language":"KOR","playtime":870,"items_purged":[],"score":331,"play_id":"141eec9f-6c0d-4e87-a913-967f77e3f818","local_time":"20210219161915","is_ascension_mode":true,"campfire_choices":[{"floor":7.0,"key":"REST"},{"floor":13,"key":"REST"},{"data":"Dash","floor":15,"key":"SMITH"}],"circlet_count":0,"master_deck":["Strike_G","Strike_G","Strike_G","Strike_G","Strike_G","Defend_G","Defend_G","Defend_G","Defend_G","Defend_G","Survivor","Neutralize","All Out Attack","Noxious Fumes","Tactician","Doubt","Die Die Die","Dash+1","Envenom","Escape Plan","Escape Plan"],"relics":["Ring of the Serpent","Calipers","Meat on the Bone","Mercury Hourglass","Bag of Preparation","Tiny Chest","Darkstone Periapt","Frozen Egg 2"],"acts_visited":["Exordium","TheCity"],"potions_floor_usage":[12,16,16,22],"damage_taken":[{"damage":15.0,"enemies":"Jaw Worm","floor":1.0,"turns":6.0},{"damage":0.0,"enemies":"Small Slimes","floor":2.0,"turns":3.0},{"damage":1.0,"enemies":"2 Louse","floor":3.0,"turns":4.0},{"damage":29.0,"enemies":"3 Sentries","floor":6.0,"turns":8.0},{"damage":3.0,"enemies":"Exordium Wildlife","floor":8.0,"turns":5.0},{"damage":2.0,"enemies":"Looter","floor":10.0,"turns":4.0},{"damage":52,"enemies":"Lagavulin","floor":12,"turns":9},{"damage":10,"enemies":"3 Sentries","floor":14,"turns":4},{"damage":54,"enemies":"Hexaghost","floor":16,"turns":12},{"damage":23,"enemies":"2 Thieves","floor":18,"turns":4},{"damage":12,"enemies":"3 Byrds","floor":19,"turns":4},{"damage":43,"enemies":"Shelled Parasite and Fungi","floor":22,"turns":9},{"damage":7,"enemies":"Book of Stabbing","floor":23,"turns":3}],"seed_played":"6469261968108853042","potions_obtained":[{"floor":3.0,"key":"LiquidMemories"},{"floor":6.0,"key":"Poison Potion"},{"floor":10.0,"key":"Regen Potion"},{"floor":14,"key":"Energy Potion"}],"is_trial":false,"path_per_floor":["M","M","M","?","?","E","R","M","T","M","$","E","R","E","R","B",null,"M","M","?","T","M","E"],"character_chosen":"THE_SILENT","items_purchased":["Die Die Die","Mercury Hourglass"],"campfire_rested":2,"item_purchase_floors":[11,11],"current_hp_per_floor":[44,44,43,48,48,19,45,42,42,52,52,27,53,55,55,13,70,47,47,47,47,16,9,9],"gold":156,"neow_bonus":"TWENTY_PERCENT_HP_BONUS","is_daily":false,"chose_seed":false,"campfire_upgraded":1,"win_rate":0.0,"timestamp":1613719155,"path_taken":["M","M","M","?","?","E","R","M","T","M","$","E","R","E","R","BOSS","M","M","?","?","M","E"],"items_purchased_type":["Card","Relic"],"build_version":"2020-12-22","purchased_purges":0,"victory":false,"max_hp_per_floor":[84,84,84,89,89,89,89,89,89,89,89,89,89,89,89,89,89,89,89,89,89,89,89,89],"card_choices":[{"not_picked":["Blade Dance","Caltrops"],"picked":"All Out Attack","floor":1.0},{"not_picked":["Dagger Spray","Crippling Poison"],"picked":"Noxious Fumes","floor":2.0},{"not_picked":["Flying Knee","Dagger Spray"],"picked":"Tactician","floor":3.0},{"not_picked":["PiercingWail","Bane","Outmaneuver"],"picked":"SKIP","floor":6.0},{"not_picked":["Flechettes","Predator","Blade Dance"],"picked":"SKIP","floor":8.0},{"not_picked":["Sucker Punch","Deflect","Noxious Fumes"],"picked":"SKIP","floor":10.0},{"not_picked":["Blade Dance","Outmaneuver"],"picked":"Dash","floor":12},{"not_picked":["Skewer","Riddle With Holes","Bullet Time"],"picked":"SKIP","floor":14},{"not_picked":["Malaise","Phantasmal Killer"],"picked":"Envenom","floor":16},{"not_picked":["Poisoned Stab","Dagger Throw"],"picked":"Escape Plan","floor":18},{"not_picked":["Riddle With Holes","Flying Knee"],"picked":"Escape Plan","floor":19},{"not_picked":["PiercingWail","Dodge and Roll","Endless Agony"],"picked":"SKIP","floor":22}],"player_experience":164962,"relics_obtained":[{"floor":6.0,"key":"Calipers"},{"floor":9.0,"key":"Meat on the Bone"},{"floor":12,"key":"Bag of Preparation"},{"floor":14,"key":"Tiny Chest"},{"floor":21,"key":"Frozen Egg 2"}],"event_choices":[{"damage_healed":0.0,"max_hp_gain":5.0,"max_hp_loss":0.0,"gold_gain":0.0,"event_name":"Big Fish","player_choice":"Donut","floor":4.0,"gold_loss":0.0,"damage_taken":0.0},{"damage_healed":0.0,"max_hp_gain":0.0,"max_hp_loss":0.0,"gold_gain":175.0,"event_name":"Liars Game","player_choice":"AGREE","floor":5.0,"gold_loss":0.0,"damage_taken":0.0,"cards_obtained":["Doubt"]},{"damage_healed":0,"gold_gain":0,"player_choice":"Obtained Relic","damage_taken":0,"relics_obtained":["Darkstone Periapt"],"max_hp_gain":0,"max_hp_loss":0,"event_name":"Addict","floor":20,"gold_loss":85}],"is_beta":false,"boss_relics":[{"not_picked":["Snecko Eye","Tiny House"],"picked":"Ring of the Serpent"}],"items_purged_floors":[],"is_endless":false,"potions_floor_spawned":[3,6,10,14],"killed_by":"Book of Stabbing","ascension_level":9}}