{"host":"a1eatafr7pisesky","time":1613703745,"event":{"mods":["AchievementEnabler","BaseMod","Colored Map","Keyboard Shortcuts","Minty Spire (QoL Compilation)","Say the Spire","StSLib","SuperFastMode","everything is the same but u backflip on backflip"],"gold_per_floor":[116,266,266,266,276,276,288,316,366,366,291,307,80,31,31,102,102,121,139,76,76,76,76,86,113,113,113,163,181,181,181,181],"floor_reached":31,"language":"KOR","playtime":642,"items_purged":["Strike_R","Strike_R","Strike_R"],"score":652,"play_id":"1790a669-e361-45ea-a9b9-13f78ba93aeb","local_time":"20210219120225","is_ascension_mode":true,"campfire_choices":[{"data":"Twin Strike","floor":6.0,"key":"SMITH"},{"data":"Body Slam","floor":10.0,"key":"SMITH"},{"floor":15.0,"key":"REST"},{"floor":23.0,"key":"REST"},{"floor":27,"key":"REST"},{"data":"Entrench","floor":30,"key":"SMITH"}],"circlet_count":0,"master_deck":["AscendersBane","Strike_R","Strike_R","Defend_R","Defend_R","Defend_R","Defend_R","Bash","Barricade+1","Ghostly Armor","Twin Strike+1","Sword Boomerang","Body Slam+1","Entrench+1","Shrug It Off","Battle Trance","Immolate","Seeing Red","Decay","Offering+1","Offering+1","Second Wind"],"relics":["Burning Blood","PreservedInsect","Anchor","Membership Card","Sozu","Blue Candle","Sundial"],"acts_visited":["Exordium","TheCity"],"potions_floor_usage":[],"damage_taken":[{"damage":21.0,"enemies":"Jaw Worm","floor":1.0,"turns":6.0},{"damage":2.0,"enemies":"Small Slimes","floor":5.0,"turns":6.0},{"damage":1.0,"enemies":"Cultist","floor":7.0,"turns":4.0},{"damage":23.0,"enemies":"Lagavulin","floor":8.0,"turns":7.0},{"damage":36.0,"enemies":"Exordium Thugs","floor":12.0,"turns":6.0},{"damage":0.0,"enemies":"Slime Boss","floor":16.0,"turns":9.0},{"damage":25.0,"enemies":"Spheric Guardian","floor":18.0,"turns":5.0},{"damage":34.0,"enemies":"2 Thieves","floor":19.0,"turns":5.0},{"damage":1,"enemies":"Snake Plant","floor":24,"turns":2},{"damage":30,"enemies":"Slavers","floor":25,"turns":6},{"damage":14,"enemies":"Shelled Parasite and Fungi","floor":29,"turns":8},{"damage":27,"enemies":"Book of Stabbing","floor":31,"turns":2}],"seed_played":"1488594926334342103","potions_obtained":[{"floor":5.0,"key":"Block Potion"},{"floor":8.0,"key":"DuplicationPotion"},{"floor":12.0,"key":"Fire Potion"},{"floor":16.0,"key":"Strength Potion"}],"is_trial":false,"path_per_floor":["M","?","?","?","M","R","M","E","T","R","$","M","$","$","R","B",null,"M","M","$","?","?","R","M","E","T","R","?","M","R","E"],"character_chosen":"IRONCLAD","items_purchased":["Membership Card","Shrug It Off","Battle Trance","SkillPotion"],"campfire_rested":3,"item_purchase_floors":[13,13,14,14],"current_hp_per_floor":[53,53,53,53,57,57,62,45,45,45,45,15,15,15,35,41,61,42,14,14,14,14,34,39,15,15,35,35,27,27,0,0],"gold":181,"neow_bonus":"THREE_RARE_CARDS","is_daily":false,"chose_seed":false,"campfire_upgraded":3,"win_rate":0.0,"timestamp":1613703745,"path_taken":["M","?","?","?","M","R","?","E","T","R","$","M","?","$","R","BOSS","M","M","$","?","?","R","M","E","T","R","?","M","R","E"],"items_purchased_type":["Relic","Card","Card","Potion"],"build_version":"2020-12-22","purchased_purges":3,"victory":false,"max_hp_per_floor":[68,68,68,68,68,68,68,68,68,68,68,68,68,68,68,68,68,68,68,68,68,68,68,68,68,68,68,68,68,68,68,68],"card_choices":[{"not_picked":["Limit Break","Reaper"],"picked":"Barricade","floor":0.0},{"not_picked":["Flex","Clothesline"],"picked":"Ghostly Armor","floor":1.0},{"not_picked":["Armaments","Clash"],"picked":"Twin Strike","floor":5.0},{"not_picked":["Rage","Armaments"],"picked":"Sword Boomerang","floor":7.0},{"not_picked":["Headbutt","Wild Strike"],"picked":"Body Slam","floor":8.0},{"not_picked":["Clash","Blood for Blood"],"picked":"Entrench","floor":12.0},{"not_picked":["Berserk","Double Tap"],"picked":"Immolate","floor":16.0},{"not_picked":["Clash","Headbutt"],"picked":"Seeing Red","floor":18.0},{"not_picked":["Sword Boomerang","Heavy Blade","Clash"],"picked":"SKIP","floor":19.0},{"not_picked":["Fire Breathing","Dual Wield","Headbutt"],"picked":"SKIP","floor":24},{"not_picked":["Bludgeon","Headbutt+1"],"picked":"Second Wind","floor":25},{"not_picked":["Clothesline","Rage+1","Sword Boomerang"],"picked":"SKIP","floor":29}],"player_experience":470443,"relics_obtained":[{"floor":8.0,"key":"PreservedInsect"},{"floor":9.0,"key":"Anchor"},{"floor":25,"key":"Blue Candle"},{"floor":26,"key":"Sundial"}],"event_choices":[{"damage_healed":0.0,"max_hp_gain":0.0,"max_hp_loss":0.0,"gold_gain":150.0,"event_name":"Liars Game","player_choice":"AGREE","floor":2.0,"gold_loss":0.0,"damage_taken":0.0,"cards_obtained":["Doubt"]},{"cards_removed":["Doubt"],"damage_healed":0.0,"max_hp_gain":0.0,"max_hp_loss":0.0,"gold_gain":0.0,"event_name":"Living Wall","player_choice":"Forget","floor":3.0,"gold_loss":0.0,"damage_taken":0.0},{"damage_healed":0.0,"max_hp_gain":0.0,"max_hp_loss":0.0,"gold_gain":0.0,"event_name":"Upgrade Shrine","player_choice":"Upgraded","floor":4.0,"gold_loss":0.0,"damage_taken":0.0,"cards_upgraded":["Barricade"]},{"damage_healed":0.0,"max_hp_gain":0.0,"max_hp_loss":0.0,"gold_gain":0.0,"event_name":"Forgotten Altar","player_choice":"Smashed Altar","floor":21.0,"gold_loss":0.0,"damage_taken":0.0,"cards_obtained":["Decay"]},{"damage_healed":0.0,"max_hp_gain":0.0,"max_hp_loss":0.0,"gold_gain":0.0,"event_name":"The Mausoleum","player_choice":"Ignored","floor":22.0,"gold_loss":0.0,"damage_taken":0.0},{"damage_healed":0,"gold_gain":50,"player_choice":"Stole From Cult","damage_taken":0,"max_hp_gain":0,"max_hp_loss":0,"event_name":"Nest","floor":28,"gold_loss":0}],"is_beta":false,"boss_relics":[{"not_picked":["Ectoplasm","Snecko Eye"],"picked":"Sozu"}],"items_purged_floors":[11,13,20],"is_endless":false,"potions_floor_spawned":[5,8,12,16,18,29],"killed_by":"Book of Stabbing","ascension_level":20}}