{"host":"1focbxb2e8qu7ccd","time":1613767447,"event":{"mods":["AchievementEnabler","BaseMod","Bestiary","Highlight Path","Minty Spire (QoL Compilation)","Relic Stats"],"gold_per_floor":[311,311,43,59,76,76,86,118,118,136,169,188,70,84,84,161,161,173,173,173],"floor_reached":19,"language":"ENG","playtime":2452,"items_purged":["Decay"],"score":362,"play_id":"660dead2-705d-4528-9a5c-7d46cd482107","local_time":"20210219154407","is_ascension_mode":true,"campfire_choices":[{"data":"Bane","floor":6.0,"key":"SMITH"},{"floor":15.0,"key":"REST"}],"circlet_count":0,"master_deck":["AscendersBane","Strike_G","Strike_G","Strike_G","Strike_G","Strike_G","Defend_G","Defend_G","Defend_G","Defend_G","Defend_G","Survivor","Neutralize","Sucker Punch","Deadly Poison","Backstab","Bane+1","Poisoned Stab","Catalyst","Dagger Spray","Tools of the Trade","Backflip","Dash","Calculated Gamble","Well Laid Plans","Envenom","Dodge and Roll"],"relics":["Ring of the Snake","Old Coin","Question Card","Matryoshka","HornCleat","SlaversCollar"],"acts_visited":["Exordium","TheCity"],"potions_floor_usage":[16,16],"damage_taken":[{"damage":2.0,"enemies":"2 Louse","floor":1.0,"turns":5.0},{"damage":0.0,"enemies":"Cultist","floor":4.0,"turns":4.0},{"damage":4.0,"enemies":"Jaw Worm","floor":5.0,"turns":3.0},{"damage":6.0,"enemies":"3 Louse","floor":7.0,"turns":3.0},{"damage":17.0,"enemies":"Lagavulin","floor":8.0,"turns":5.0},{"damage":0.0,"enemies":"2 Fungi Beasts","floor":10.0,"turns":2.0},{"damage":21.0,"enemies":"3 Sentries","floor":11.0,"turns":8.0},{"damage":7.0,"enemies":"Exordium Thugs","floor":12.0,"turns":4.0},{"damage":0.0,"enemies":"Looter","floor":14.0,"turns":3.0},{"damage":18,"enemies":"Slime Boss","floor":16,"turns":7},{"damage":6,"enemies":"Chosen","floor":18,"turns":5},{"damage":48,"enemies":"Spheric Guardian","floor":19,"turns":7}],"seed_played":"-6803807514662672196","potions_obtained":[{"floor":1.0,"key":"FearPotion"},{"floor":11.0,"key":"Energy Potion"},{"floor":14.0,"key":"AttackPotion"}],"is_trial":false,"path_per_floor":["M","?","$","M","M","R","M","E","T","M","E","M","$","M","R","B",null,"M","M"],"character_chosen":"THE_SILENT","items_purchased":["Deadly Poison","Backstab","Poison Potion","Dash","Calculated Gamble"],"campfire_rested":1,"item_purchase_floors":[3,3,3,13,13],"current_hp_per_floor":[57,57,57,57,53,53,47,30,30,30,9,2,2,2,21,3,50,44,0,0],"gold":173,"neow_bonus":"ONE_RARE_RELIC","is_daily":false,"chose_seed":false,"campfire_upgraded":1,"win_rate":0.0,"timestamp":1613767447,"path_taken":["M","?","$","M","M","R","?","E","T","M","E","M","$","M","R","BOSS","M","M"],"items_purchased_type":["Card","Card","Potion","Card","Card"],"build_version":"2020-12-22","purchased_purges":1,"victory":false,"max_hp_per_floor":[66,66,66,66,66,66,66,66,66,66,66,66,66,66,66,66,66,66,66,66],"relic_stats":{"counters":[12,56],"Question Card":6,"obtain_stats":[{"SlaversCollar":17,"Matryoshka":9,"HornCleat":11,"Question Card":8,"Ring of the Snake":0,"Old Coin":0},{"SlaversCollar":10,"Matryoshka":5,"HornCleat":7,"Question Card":5,"Ring of the Snake":0,"Old Coin":0},{"SlaversCollar":44,"Matryoshka":20,"HornCleat":30,"Question Card":20,"Ring of the Snake":0,"Old Coin":0}],"Ring of the Snake":[24]},"card_choices":[{"not_picked":["Accuracy","Backflip"],"picked":"Sucker Punch","floor":1.0},{"not_picked":["Dagger Throw","Poisoned Stab"],"picked":"Bane","floor":4.0},{"not_picked":["Underhanded Strike","Deflect"],"picked":"Poisoned Stab","floor":5.0},{"not_picked":["Calculated Gamble","Underhanded Strike"],"picked":"Catalyst","floor":7.0},{"not_picked":["Dagger Throw","Tactician"],"picked":"Dagger Spray","floor":8.0},{"not_picked":["Crippling Poison","Quick Slash","Deadly Poison"],"picked":"Tools of the Trade","floor":10.0},{"not_picked":["Bouncing Flask","Terror","Eviscerate"],"picked":"Backflip","floor":11.0},{"not_picked":["Caltrops","Bullet Time","Quick Slash","Deadly Poison"],"picked":"SKIP","floor":12.0},{"not_picked":["Deflect","Accuracy","Poisoned Stab"],"picked":"Well Laid Plans","floor":14.0},{"not_picked":["Storm of Steel","Night Terror","Venomology"],"picked":"Envenom","floor":16},{"not_picked":["Poisoned Stab+1","Leg Sweep","Sucker Punch"],"picked":"Dodge and Roll","floor":18}],"player_experience":1024423,"relics_obtained":[{"floor":8.0,"key":"Question Card"},{"floor":9.0,"key":"Matryoshka"},{"floor":11.0,"key":"HornCleat"}],"event_choices":[{"damage_healed":0.0,"max_hp_gain":0.0,"max_hp_loss":0.0,"gold_gain":0.0,"event_name":"Wheel of Change","player_choice":"Cursed","floor":2.0,"gold_loss":0.0,"damage_taken":0.0,"cards_obtained":["Decay"]}],"is_beta":false,"boss_relics":[{"not_picked":["WristBlade","Philosopher\u0027s Stone"],"picked":"SlaversCollar"}],"items_purged_floors":[3],"is_endless":false,"potions_floor_spawned":[1,4,11,12,14],"killed_by":"Spheric Guardian","ascension_level":20}}