{"host":"7t8rqoeeopyy0nh0","time":1613700535,"event":{"mods":["AchievementEnabler","Aspiration","BaseMod","Better Third Choice","BetterRewards","Colored Map","Colored Powertips","Conspire","Downfall","Hubris","Minty Spire (QoL Compilation)","Permanent Neow","Quick Restart","Random Character Button","Rare Cards Sparkle","Reliquary","Replay The Spire","StSLib"],"gold_per_floor":[110,128,140,154,168,168,188,188,188,188,224,240,60,87,87,161,161,177,188,188,200,200,230,230,245,245,245,256,275,293,293,293],"floor_reached":31,"language":"ENG","playtime":1023,"items_purged":[],"score":626,"play_id":"70302790-3771-4972-8b8b-58665ea00054","local_time":"20210218210855","is_ascension_mode":true,"campfire_choices":[{"data":"Bash","floor":6.0,"key":"SMITH"},{"data":"Pommel Strike","floor":8.0,"key":"SMITH"},{"data":"Fiend Fire","floor":10.0,"key":"SMITH"},{"data":"Juggernaut","floor":15.0,"key":"SMITH"},{"data":"Perfected Strike","floor":24.0,"key":"SMITH"}],"circlet_count":0,"master_deck":["AscendersBane","Strike_R","Strike_R","Strike_R","Strike_R","Strike_R","Defend_R","Defend_R","Defend_R","Defend_R","Bash+1","Battle Trance","Headbutt+1","Thunderclap","Twin Strike","Fiend Fire+1","Pommel Strike+1","Iron Wave","ReplayTheSpireMod:Strike From Hell","Second Wind","Armaments","Juggernaut+1","Blood for Blood+1","Battle Trance","Perfected Strike+1","Shrug It Off","Uppercut","Havoc"],"relics":["Burning Blood","reliquary:Knoch","Blue Doll","hubris:Spice","StrikeDummy","Replay:Rubber Ducky","Lee\u0027s Waffle","hubris:BottledHeart","Potion Belt"],"acts_visited":["Exordium","TheCity"],"potions_floor_usage":[28],"damage_taken":[{"damage":0.0,"enemies":"2 Louse","floor":1.0,"turns":2.0},{"damage":0.0,"enemies":"Small Slimes","floor":2.0,"turns":3.0},{"damage":0.0,"enemies":"Cultist","floor":3.0,"turns":2.0},{"damage":0.0,"enemies":"3 Louse","floor":4.0,"turns":2.0},{"damage":6.0,"enemies":"2 Fungi Beasts","floor":5.0,"turns":3.0},{"damage":21.0,"enemies":"Lots of Slimes","floor":7.0,"turns":4.0},{"damage":0.0,"enemies":"Looter","floor":12.0,"turns":1.0},{"damage":0.0,"enemies":"Lagavulin","floor":14.0,"turns":4.0},{"damage":69.0,"enemies":"Fading Forest","floor":16.0,"turns":13.0},{"damage":8.0,"enemies":"conspire:FuzzyDice","floor":18.0,"turns":5.0},{"damage":4.0,"enemies":"Chosen","floor":19.0,"turns":4.0},{"damage":0.0,"enemies":"Snake Plant","floor":21.0,"turns":3.0},{"damage":0.0,"enemies":"Replay:Snechameleon","floor":23.0,"turns":4.0},{"damage":0,"enemies":"3 Cultists","floor":25,"turns":5},{"damage":0,"enemies":"conspire:HollyBat","floor":28,"turns":7},{"damage":0,"enemies":"Snecko","floor":29,"turns":3},{"damage":0,"enemies":"Centurion and Healer","floor":30,"turns":5},{"damage":3,"enemies":"Book of Stabbing","floor":31,"turns":3}],"seed_played":"6854310369939274093","potions_obtained":[{"floor":1.0,"key":"Regen Potion"},{"floor":7.0,"key":"EssenceOfSteel"},{"floor":11.0,"key":"Adrenaline Potion"},{"floor":16.0,"key":"Guardian:BlockOnCardUsePotion"},{"floor":19.0,"key":"SpeedPotion"},{"floor":25,"key":"Block Potion"}],"is_trial":false,"path_per_floor":["M","M","M","M","M","R","M","R","T","R","?","M","$","E","R","B",null,"M","M","?","M","?","E","R","M","T","?","M","M","M","E"],"character_chosen":"IRONCLAD","items_purchased":["reliquary:Knoch","Blue Doll","Battle Trance","Headbutt+1","Thunderclap","Lee\u0027s Waffle","Armaments"],"campfire_rested":0,"item_purchase_floors":[0,0,0,0,0,13,13],"current_hp_per_floor":[47,53,59,65,65,65,50,50,50,50,17,23,90,98,98,35,70,68,70,70,74,1,1,1,1,1,1,1,1,1,0,0],"gold":293,"neow_bonus":"","is_daily":false,"chose_seed":false,"campfire_upgraded":5,"win_rate":0.0,"timestamp":1613700535,"path_taken":["M","M","M","M","M","R","M","R","T","R","?","M","$","E","R","BOSS","M","M","?","?","?","E","R","M","T","?","M","?","M","E"],"items_purchased_type":["Relic","Relic","Card","Card","Card","Relic","Card"],"build_version":"2020-12-22","purchased_purges":0,"victory":false,"max_hp_per_floor":[83,83,83,83,83,83,83,83,83,83,83,83,90,98,98,90,82,82,74,74,74,1,1,1,1,1,1,1,1,1,1,1],"card_choices":[{"not_picked":["Pummel","Flex"],"picked":"Twin Strike","floor":1.0},{"not_picked":["Headbutt","ReplayTheSpireMod:Strike From Hell","Infernal Blade"],"picked":"SKIP","floor":2.0},{"not_picked":["Flex","Anger","Replay:Undeath\u0027s Touch"],"picked":"SKIP","floor":3.0},{"not_picked":["Replay:Undeath\u0027s Touch","Sentinel"],"picked":"Fiend Fire","floor":4.0},{"not_picked":["ReplayTheSpireMod:Strike From Hell","Run Through","Rupture"],"picked":"SKIP","floor":5.0},{"not_picked":["Headbutt","Replay:Undeath\u0027s Touch"],"picked":"Pommel Strike","floor":7.0},{"not_picked":["Life Link","Thunderclap"],"picked":"Iron Wave","floor":11.0},{"not_picked":["Heavy Blade","Hemogenesis"],"picked":"ReplayTheSpireMod:Strike From Hell","floor":11.0},{"not_picked":["Replay:Undeath\u0027s Touch","ReplayTheSpireMod:Strike From Hell"],"picked":"Second Wind","floor":12.0},{"not_picked":["Headbutt","Thunderclap"],"picked":"Juggernaut","floor":14.0},{"not_picked":["Bludgeon","Limit Break"],"picked":"hubris:SpiceAddiction","floor":16.0},{"not_picked":["Metallicize","Flex"],"picked":"Blood for Blood+1","floor":18.0},{"not_picked":["Carnage","Iron Wave"],"picked":"hubris:SpiceAddiction","floor":19.0},{"not_picked":["Clothesline","Second Wind"],"picked":"Perfected Strike","floor":21.0},{"not_picked":["Anger","Dropkick+1"],"picked":"Reaper","floor":23.0},{"not_picked":["ReplayTheSpireMod:Strike From Hell","hubris:SpiceAddiction"],"picked":"Shrug It Off","floor":25},{"not_picked":["Iron Wave","conspire:Charge","Thunderclap"],"picked":"SKIP","floor":28},{"not_picked":["Entrench","Headbutt"],"picked":"Uppercut","floor":29},{"not_picked":["Body Slam","ReplayTheSpireMod:Strike From Hell"],"picked":"Havoc","floor":30}],"player_experience":443639,"relics_obtained":[{"floor":9.0,"key":"StrikeDummy"},{"floor":11.0,"key":"Replay:Rubber Ducky"},{"floor":14.0,"key":"hubris:Spice"},{"floor":23.0,"key":"hubris:Spice"},{"floor":26,"key":"Potion Belt"}],"event_choices":[{"damage_healed":0.0,"max_hp_gain":0.0,"max_hp_loss":0.0,"gold_gain":0.0,"event_name":"Duplicator","player_choice":"Copied","floor":20.0,"gold_loss":0.0,"damage_taken":0.0,"cards_obtained":["Battle Trance"]},{"cards_removed":["Reaper"],"damage_healed":0,"gold_gain":0,"player_choice":"Purged","damage_taken":0,"max_hp_gain":0,"max_hp_loss":0,"event_name":"Purifier","floor":27,"gold_loss":0}],"is_beta":false,"boss_relics":[{"not_picked":["aspiration:DefectSkillbook","hubris:Spice"],"picked":"hubris:Spice"}],"items_purged_floors":[],"is_endless":false,"potions_floor_spawned":[1,7,12,16,19,23,25],"killed_by":"Book of Stabbing","ascension_level":20}}