{"host":"en4narc5947t7k9n","time":1613726916,"event":{"mods":["AchievementEnabler","BaseMod","Colored Map","Minty Spire (QoL Compilation)","SuperFastMode"],"gold_per_floor":[119,119,139,139,154,181,356,372,452,477,477,42,61,90,90,90,90],"floor_reached":16,"language":"KOR","playtime":776,"items_purged":["Doubt"],"score":120,"play_id":"40d82885-9225-4ee1-8829-8dce83e723c0","local_time":"20210219182836","is_ascension_mode":false,"campfire_choices":[{"floor":15,"key":"RECALL"}],"circlet_count":0,"master_deck":["Strike_G","Strike_G","Strike_G","Defend_G","Defend_G","Defend_G","Defend_G","Defend_G","Survivor","Neutralize","Cloak And Dagger","Bouncing Flask","Deadly Poison","Blade Dance","Bane","Bullet Time","Backflip","Venomology","Accuracy","Concentrate","Distraction","Slice"],"relics":["Ring of the Snake","Unceasing Top","Sundial","Lantern","Ninja Scroll","Thread and Needle"],"acts_visited":["Exordium"],"potions_floor_usage":[14,14,16,16,16],"damage_taken":[{"damage":5,"enemies":"Jaw Worm","floor":1,"turns":7},{"damage":0,"enemies":"Cultist","floor":3,"turns":3},{"damage":6,"enemies":"2 Louse","floor":5,"turns":3},{"damage":7,"enemies":"Lagavulin","floor":6,"turns":5},{"damage":5,"enemies":"Large Slime","floor":8,"turns":5},{"damage":5,"enemies":"Gremlin Nob","floor":10,"turns":4},{"damage":15,"enemies":"Exordium Thugs","floor":13,"turns":4},{"damage":18,"enemies":"Lagavulin","floor":14,"turns":4},{"damage":13,"enemies":"The Guardian","floor":16,"turns":3}],"seed_played":"-6779655423729941739","potions_obtained":[{"floor":5,"key":"ColorlessPotion"},{"floor":8,"key":"Swift Potion"},{"floor":13,"key":"FearPotion"}],"is_trial":false,"path_per_floor":["M","$","M","?","M","E","?","M","T","E","?","$","M","E","R","B"],"character_chosen":"THE_SILENT","items_purchased":["Ninja Scroll","Accuracy","Concentrate"],"campfire_rested":0,"item_purchase_floors":[12,12,12],"current_hp_per_floor":[65,65,65,65,59,52,52,47,47,42,42,42,27,9,9,0,0],"gold":90,"neow_bonus":"THREE_CARDS","is_daily":false,"chose_seed":false,"campfire_upgraded":0,"win_rate":0.0,"timestamp":1613726916,"path_taken":["M","$","M","?","?","E","?","M","T","E","?","$","?","E","R","BOSS"],"items_purchased_type":["Relic","Card","Card"],"build_version":"2020-12-22","purchased_purges":1,"victory":false,"max_hp_per_floor":[70,70,70,70,70,70,70,70,70,70,70,70,70,70,70,70,70],"card_choices":[{"not_picked":["Underhanded Strike","Prepared"],"picked":"Cloak And Dagger","floor":0},{"not_picked":["Slice","Deflect"],"picked":"Bouncing Flask","floor":1},{"not_picked":["Dodge and Roll","Sucker Punch"],"picked":"Deadly Poison","floor":3},{"not_picked":["Blade Dance","Flechettes"],"picked":"Bane","floor":5},{"not_picked":["Bane","Skewer"],"picked":"Bullet Time","floor":6},{"not_picked":["Acrobatics","Deadly Poison"],"picked":"Backflip","floor":8},{"not_picked":["PiercingWail","Predator"],"picked":"Venomology","floor":10},{"not_picked":["Dodge and Roll","Dagger Spray"],"picked":"Distraction","floor":13},{"not_picked":["Bane","Blade Dance"],"picked":"Slice","floor":14}],"player_experience":79806,"relics_obtained":[{"floor":6,"key":"Unceasing Top"},{"floor":9,"key":"Sundial"},{"floor":10,"key":"Lantern"},{"floor":14,"key":"Thread and Needle"}],"event_choices":[{"damage_healed":0,"gold_gain":0,"cards_transformed":["Strike_G"],"player_choice":"Transformed","damage_taken":0,"max_hp_gain":0,"max_hp_loss":0,"event_name":"Transmorgrifier","floor":4,"gold_loss":0,"cards_obtained":["Blade Dance"]},{"damage_healed":0,"gold_gain":175,"player_choice":"AGREE","damage_taken":0,"max_hp_gain":0,"max_hp_loss":0,"event_name":"Liars Game","floor":7,"gold_loss":0,"cards_obtained":["Doubt"]},{"cards_removed":["Strike_G"],"damage_healed":0,"gold_gain":0,"player_choice":"Offered Basic","damage_taken":0,"max_hp_gain":0,"max_hp_loss":0,"event_name":"Bonfire Elementals","floor":11,"gold_loss":0}],"is_beta":false,"boss_relics":[],"items_purged_floors":[12],"is_endless":false,"potions_floor_spawned":[5,8,13],"killed_by":"The Guardian","ascension_level":0}}