{"host":"tf5skwcwe0vlu2md","time":1613734623,"event":{"mods":["BaseMod","Downfall","Highlight Path","Minty Spire (QoL Compilation)","Quick Restart","StSLib","The Hierophant"],"gold_per_floor":[116,71,86,14,27,58,69,69,69,100,100,125,135,155,155,259,309,323,343,343,343,353,385,385,420,444,473,572,599,599,616,616,718,718,735,782,801,801,801,801],"floor_reached":39,"playtime":2244,"items_purged":[],"score":655,"play_id":"527124b9-ab2d-442e-a48f-a648a470495e","local_time":"20210219223703","is_ascension_mode":true,"campfire_choices":[{"data":"Dualcast","floor":8,"key":"SMITH"},{"data":"Defragment","floor":15,"key":"SMITH"},{"data":"Sunder","floor":24,"key":"SMITH"},{"floor":30,"key":"REST"},{"data":"Zap","floor":32,"key":"SMITH"}],"circlet_count":0,"master_deck":["Strike_B","Strike_B","Strike_B","Strike_B","Defend_B","Defend_B","Defend_B","Defend_B","Zap+1","Dualcast+1","Sunder+1","Auto Shields","Self Repair","Lockon+1","Steam","Hologram","Turbo","Trip","Defragment+1","Turbo","Sweeping Beam","Beam Cell","Echo Form","Turbo","Gash+1","Electrodynamics","Self Repair","All For One","Force Field+1","Sweeping Beam","Gash","Gash","Core Surge","Loop","Gash","Loop+1"],"relics":["Cracked Core","Toy Ornithopter","PreservedInsect","HornCleat","Bird Faced Urn","Tiny House","Blood Vial","Dream Catcher","MealTicket","Letter Opener","Regal Pillow","Inserter","Torii"],"acts_visited":["Exordium","TheCity","TheBeyond"],"potions_floor_usage":[6,13,17,22,22,23,27,31,33,36,39],"damage_taken":[{"damage":3,"enemies":"2 Louse","floor":1,"turns":2},{"damage":0,"enemies":"Small Slimes","floor":3,"turns":2},{"damage":1,"enemies":"Cultist","floor":5,"turns":3},{"damage":19,"enemies":"Lagavulin","floor":6,"turns":5},{"damage":0,"enemies":"Large Slime","floor":7,"turns":5},{"damage":5,"enemies":"3 Sentries","floor":10,"turns":6},{"damage":0,"enemies":"Gremlin Nob","floor":12,"turns":2},{"damage":6,"enemies":"Exordium Wildlife","floor":13,"turns":3},{"damage":0,"enemies":"Looter","floor":14,"turns":2},{"damage":45,"enemies":"Hexaghost","floor":16,"turns":9},{"damage":12,"enemies":"Shell Parasite","floor":18,"turns":5},{"damage":22,"enemies":"Spheric Guardian","floor":19,"turns":4},{"damage":35,"enemies":"Shelled Parasite and Fungi","floor":22,"turns":5},{"damage":18,"enemies":"Book of Stabbing","floor":23,"turns":4},{"damage":10,"enemies":"Slavers","floor":25,"turns":4},{"damage":28,"enemies":"Gremlin Leader","floor":27,"turns":5},{"damage":51,"enemies":"Book of Stabbing","floor":29,"turns":5},{"damage":16,"enemies":"3 Cultists","floor":31,"turns":6},{"damage":65,"enemies":"Automaton","floor":33,"turns":7},{"damage":33,"enemies":"Orb Walker","floor":35,"turns":4},{"damage":90,"enemies":"2 Orb Walkers","floor":36,"turns":5},{"damage":24,"enemies":"3 Shapes","floor":37,"turns":4},{"damage":43,"enemies":"Writhing Mass","floor":39,"turns":3}],"seed_played":"-8962369617884644342","potions_obtained":[{"floor":1,"key":"AttackPotion"},{"floor":3,"key":"SkillPotion"},{"floor":5,"key":"Energy Potion"},{"floor":14,"key":"FearPotion"},{"floor":17,"key":"Fruit Juice"},{"floor":18,"key":"DuplicationPotion"},{"floor":22,"key":"Energy Potion"},{"floor":25,"key":"LiquidMemories"},{"floor":31,"key":"PowerPotion"},{"floor":35,"key":"Energy Potion"},{"floor":37,"key":"EssenceOfSteel"}],"is_trial":false,"path_per_floor":["M","?","M","$","M","E","M","R","T","E","?","E","M","M","R","B",null,"M","M","?","?","M","E","R","E","T","E","?","E","R","M","R","B",null,"M","?","M","?","M"],"character_chosen":"DEFECT","items_purchased":["Self Repair"],"campfire_rested":1,"item_purchase_floors":[4],"current_hp_per_floor":[79,79,79,79,78,66,73,73,73,75,75,75,82,82,82,37,92,89,77,59,59,47,49,49,61,61,53,53,28,72,83,83,33,97,82,25,25,25,0,0],"gold":801,"neow_bonus":"TEN_PERCENT_HP_BONUS","is_daily":false,"chose_seed":false,"campfire_upgraded":4,"win_rate":0.0,"timestamp":1613734623,"path_taken":["M","?","M","$","M","E","M","R","T","E","?","E","?","M","R","BOSS","M","M","?","?","M","E","R","E","T","E","?","E","R","M","R","BOSS","M","?","M","?","M"],"items_purchased_type":["Card"],"build_version":"2020-12-13","purchased_purges":0,"victory":false,"max_hp_per_floor":[82,82,82,82,82,82,82,82,82,82,82,82,82,82,82,82,92,92,92,97,97,97,97,97,97,97,97,97,97,97,97,97,97,97,97,97,97,97,97,97],"card_choices":[{"not_picked":["Capacitor","Glacier"],"picked":"Sunder","floor":1},{"not_picked":["Cold Snap","Leap"],"picked":"Auto Shields","floor":3},{"not_picked":["Hologram","Chill"],"picked":"Lockon","floor":5},{"not_picked":["Redo","Reboot"],"picked":"Steam","floor":6},{"not_picked":["Reinforced Body","Cold Snap"],"picked":"Hologram","floor":7},{"not_picked":["Leap","Cold Snap"],"picked":"Turbo","floor":10},{"not_picked":["Doom and Gloom","Undo"],"picked":"Turbo","floor":12},{"not_picked":["Compile Driver","Undo"],"picked":"Sweeping Beam","floor":13},{"not_picked":["Heatsinks","Hologram"],"picked":"Beam Cell","floor":14},{"not_picked":["Machine Learning","Fission"],"picked":"Echo Form","floor":16},{"not_picked":["Compile Driver","Steam"],"picked":"Turbo","floor":17},{"not_picked":["Redo","Streamline"],"picked":"Gash+1","floor":18},{"not_picked":["Rebound+1","Hologram"],"picked":"Electrodynamics","floor":19},{"not_picked":["Beam Cell","Barrage+1"],"picked":"Self Repair","floor":22},{"not_picked":["Barrage","Redo+1"],"picked":"All For One","floor":23},{"not_picked":["Sweeping Beam","Chaos"],"picked":"Force Field+1","floor":25},{"not_picked":["Barrage","Turbo"],"picked":"Sweeping Beam","floor":27},{"not_picked":["Sweeping Beam","Capacitor","Cold Snap+1"],"picked":"SKIP","floor":29},{"not_picked":["Fission","Chaos"],"picked":"Gash","floor":30},{"not_picked":["Doom and Gloom","Cold Snap"],"picked":"Gash","floor":31},{"not_picked":["Seek","Thunder Strike"],"picked":"Core Surge","floor":33},{"not_picked":["Steam+1","Reinforced Body+1"],"picked":"Loop","floor":35},{"not_picked":["Aggregate+1","Compile Driver"],"picked":"Gash","floor":36},{"not_picked":["Cold Snap","Leap+1"],"picked":"Loop+1","floor":37}],"player_experience":282982,"relics_obtained":[{"floor":6,"key":"Toy Ornithopter"},{"floor":9,"key":"PreservedInsect"},{"floor":10,"key":"HornCleat"},{"floor":12,"key":"Bird Faced Urn"},{"floor":23,"key":"Blood Vial"},{"floor":25,"key":"Dream Catcher"},{"floor":26,"key":"MealTicket"},{"floor":27,"key":"Letter Opener"},{"floor":29,"key":"Regal Pillow"},{"floor":36,"key":"Torii"}],"event_choices":[{"damage_healed":0,"gold_gain":0,"player_choice":"Left Gold","damage_taken":0,"max_hp_gain":0,"max_hp_loss":0,"event_name":"World of Goop","floor":2,"gold_loss":45},{"damage_healed":0,"gold_gain":0,"player_choice":"2 cards matched","damage_taken":0,"max_hp_gain":0,"max_hp_loss":0,"event_name":"Match and Keep!","floor":11,"gold_loss":0,"cards_obtained":["Trip","Defragment"]},{"damage_healed":0,"gold_gain":0,"player_choice":"Shed Blood","damage_taken":23,"max_hp_gain":5,"max_hp_loss":0,"event_name":"Forgotten Altar","floor":20,"gold_loss":0},{"damage_healed":0,"gold_gain":99,"player_choice":"Stole From Cult","damage_taken":0,"max_hp_gain":0,"max_hp_loss":0,"event_name":"Nest","floor":28,"gold_loss":0},{"damage_healed":0,"gold_gain":0,"player_choice":"Fight","damage_taken":0,"max_hp_gain":0,"max_hp_loss":0,"event_name":"Mysterious Sphere","floor":36,"gold_loss":0},{"damage_healed":0,"gold_gain":0,"player_choice":"Ignored","damage_taken":0,"max_hp_gain":0,"max_hp_loss":0,"event_name":"The Moai Head","floor":38,"gold_loss":0}],"is_beta":false,"boss_relics":[{"not_picked":["Philosopher\u0027s Stone","Busted Crown"],"picked":"Tiny House"},{"not_picked":["Empty Cage","Cursed Key"],"picked":"Inserter"}],"items_purged_floors":[],"is_endless":false,"potions_floor_spawned":[1,3,5,14,18,22,25,31,35,37],"killed_by":"Writhing Mass","ascension_level":3}}