{"host":"sc0o2qwpf9j16a4i","time":1613755566,"event":{"mods":["AchievementEnabler","BaseMod","BetterRewards","Block Reminder","Colored Map","Colored Powertips","Custom Start","Highlight Path","Minty Spire (QoL Compilation)","Relic Stats"],"gold_per_floor":[99,15,15,15,15,15,15,15,15,15,15,15,15,15,15,15,15],"floor_reached":16,"language":"ENG","playtime":398,"items_purged":[],"score":286,"play_id":"1144adc0-540b-404d-87de-bdb087812129","local_time":"20210219192606","is_ascension_mode":true,"campfire_choices":[{"data":"Bash","floor":8,"key":"SMITH"},{"floor":12,"key":"REST"},{"data":"Battle Trance","floor":15,"key":"SMITH"}],"circlet_count":0,"master_deck":["AscendersBane","Strike_R","Strike_R","Strike_R","Strike_R","Defend_R","Defend_R","Defend_R","Defend_R","Bash+1","Shrug It Off","Feed+1","Wild Strike","Battle Trance+1","Carnage","Headbutt","Impervious"],"relics":["Ectoplasm","Anchor","Golden Idol","PreservedInsect","CeramicFish","Shovel"],"acts_visited":["Exordium"],"potions_floor_usage":[6,11],"damage_taken":[{"damage":11,"enemies":"Small Slimes","floor":1,"turns":4},{"damage":2,"enemies":"2 Louse","floor":3,"turns":3},{"damage":7,"enemies":"Jaw Worm","floor":4,"turns":5},{"damage":13,"enemies":"3 Sentries","floor":6,"turns":12},{"damage":25,"enemies":"Lagavulin","floor":10,"turns":4},{"damage":0,"enemies":"Red Slaver","floor":11,"turns":3},{"damage":0,"enemies":"Gremlin Nob","floor":14,"turns":2},{"damage":52,"enemies":"Hexaghost","floor":16,"turns":8}],"seed_played":"2715410210927839350","potions_obtained":[{"floor":3,"key":"HeartOfIron"},{"floor":10,"key":"Swift Potion"},{"floor":14,"key":"Explosive Potion"}],"is_trial":false,"path_per_floor":["M","$","M","M","?","E","?","R","T","E","M","R","?","E","R","B"],"character_chosen":"IRONCLAD","items_purchased":["Feed"],"campfire_rested":1,"item_purchase_floors":[2],"current_hp_per_floor":[57,57,58,54,54,45,45,45,45,24,28,53,46,46,46,0,0],"gold":15,"neow_bonus":"BOSS_RELIC","is_daily":false,"chose_seed":false,"campfire_upgraded":2,"win_rate":0.0,"timestamp":1613755566,"path_taken":["M","$","M","M","?","E","?","R","T","E","M","R","?","E","R","BOSS"],"items_purchased_type":["Card"],"build_version":"2020-12-22","purchased_purges":0,"victory":false,"max_hp_per_floor":[75,75,78,81,81,85,77,77,77,81,85,85,85,85,85,85,85],"relic_stats":{"Shovel":0,"counters":[8,41],"Golden Idol":21,"CeramicFish":0,"Ectoplasm":215,"PreservedInsect":51,"obtain_stats":[{"Anchor":6,"Shovel":14,"Golden Idol":7,"CeramicFish":10,"Ectoplasm":0,"PreservedInsect":9,"Burning Blood":0},{"Anchor":4,"Shovel":7,"Golden Idol":4,"CeramicFish":5,"Ectoplasm":0,"PreservedInsect":4,"Burning Blood":0},{"Anchor":24,"Shovel":33,"Golden Idol":24,"CeramicFish":28,"Ectoplasm":0,"PreservedInsect":24,"Burning Blood":0}]},"card_choices":[{"not_picked":["Flex","Combust"],"picked":"Shrug It Off","floor":1},{"not_picked":["Twin Strike","Sword Boomerang"],"picked":"Wild Strike","floor":3},{"not_picked":["Perfected Strike","Blood for Blood"],"picked":"Battle Trance","floor":4},{"not_picked":["Flex","Havoc"],"picked":"Carnage","floor":6},{"not_picked":["Havoc","Wild Strike","Clash"],"picked":"SKIP","floor":10},{"not_picked":["Infernal Blade","Intimidate"],"picked":"Headbutt","floor":11},{"not_picked":["Flame Barrier","Perfected Strike"],"picked":"Impervious","floor":14}],"player_experience":1487687,"relics_obtained":[{"floor":6,"key":"Anchor"},{"floor":9,"key":"PreservedInsect"},{"floor":10,"key":"CeramicFish"},{"floor":14,"key":"Shovel"}],"event_choices":[{"damage_healed":0,"gold_gain":0,"player_choice":"Grow","damage_taken":0,"max_hp_gain":0,"max_hp_loss":0,"event_name":"Living Wall","floor":5,"gold_loss":0,"cards_upgraded":["Feed"]},{"damage_healed":0,"gold_gain":0,"player_choice":"Lose Max HP","damage_taken":0,"relics_obtained":["Golden Idol"],"max_hp_gain":0,"max_hp_loss":8,"event_name":"Golden Idol","floor":7,"gold_loss":0},{"cards_removed":["Strike_R"],"damage_healed":0,"gold_gain":0,"player_choice":"Card Removal","damage_taken":7,"max_hp_gain":0,"max_hp_loss":0,"event_name":"Golden Wing","floor":13,"gold_loss":0}],"is_beta":false,"boss_relics":[],"items_purged_floors":[],"is_endless":false,"potions_floor_spawned":[3,10,14],"killed_by":"Hexaghost","ascension_level":20}}