{"host":"bf5upntvbdompq33","time":1613709503,"event":{"mods":["BaseMod","Bestiary","Colored Map","Colored Powertips","Curses Come First","Highlight Path","Minty Spire (QoL Compilation)","StSLib","ojb\u0027s Info Mod"],"gold_per_floor":[17,30,30,45,45,45,86,86,136,136,177,197,215,239,239,333,333,352,371,384,222,245,286,286,34,34,34,159,159,175,27,27,121,121,137,137,137,137,153,184,184,215,215,215,53,72,95,111,111,111,111],"floor_reached":50,"language":"ENG","playtime":3729,"items_purged":["Pain"],"score":1014,"play_id":"22d923a6-439d-4686-8f05-7fc3f2a0f172","local_time":"20210218213823","is_ascension_mode":true,"campfire_choices":[{"data":"Pommel Strike","floor":6,"key":"SMITH"},{"floor":8,"key":"REST"},{"data":"Pommel Strike","floor":10,"key":"SMITH"},{"data":"Whirlwind","floor":15,"key":"SMITH"},{"floor":24,"key":"REST"},{"data":"Perfected Strike","floor":27,"key":"SMITH"},{"data":"Perfected Strike","floor":32,"key":"SMITH"},{"data":"Shockwave","floor":41,"key":"SMITH"},{"floor":49,"key":"RECALL"}],"circlet_count":0,"master_deck":["AscendersBane","Strike_R","Strike_R","Strike_R","Strike_R","Defend_R","Defend_R","Defend_R","Defend_R","Bash","Pommel Strike","Pommel Strike+1","Spot Weakness","Wild Strike","Pommel Strike+1","Evolve","Hemokinesis","Intimidate","Shrug It Off","Whirlwind+1","Armaments","Bloodletting","Headbutt","Fiend Fire","Ghostly Armor","Twin Strike+1","Shrug It Off","Perfected Strike+1","Twin Strike","Ghostly Armor","Power Through","Immolate","Shockwave+1","Perfected Strike","Perfected Strike+1","Reaper","Ghostly Armor+1","Writhe","Dark Shackles","Metallicize+1","Dual Wield","Decay","Writhe","Finesse"],"relics":["Burning Blood","Prayer Wheel","Golden Idol","CultistMask","Red Skull","Happy Flower","Art of War","Cursed Key","MealTicket","HornCleat","Question Card","Du-Vu Doll","Letter Opener","Bag of Marbles","Busted Crown","Ornamental Fan","Pen Nib","Singing Bowl"],"acts_visited":["Exordium","TheCity","TheBeyond"],"potions_floor_usage":[11,16,20,20,22,22,28,28,33,47,50,50],"damage_taken":[{"damage":0,"enemies":"Cultist","floor":1,"turns":4},{"damage":3,"enemies":"Small Slimes","floor":2,"turns":4},{"damage":1,"enemies":"2 Louse","floor":4,"turns":2},{"damage":45,"enemies":"3 Sentries","floor":7,"turns":7},{"damage":35,"enemies":"Gremlin Nob","floor":11,"turns":4},{"damage":0,"enemies":"2 Fungi Beasts","floor":12,"turns":2},{"damage":2,"enemies":"3 Louse","floor":13,"turns":2},{"damage":5,"enemies":"Looter","floor":14,"turns":2},{"damage":5,"enemies":"Slime Boss","floor":16,"turns":4},{"damage":31,"enemies":"Shell Parasite","floor":18,"turns":5},{"damage":17,"enemies":"3 Byrds","floor":19,"turns":6},{"damage":18,"enemies":"Snake Plant","floor":20,"turns":3},{"damage":4,"enemies":"Cultist and Chosen","floor":22,"turns":2},{"damage":22,"enemies":"Book of Stabbing","floor":23,"turns":4},{"damage":5,"enemies":"Colosseum Slavers","floor":28,"turns":3},{"damage":9,"enemies":"Colosseum Nobs","floor":28,"turns":3},{"damage":0,"enemies":"3 Cultists","floor":30,"turns":3},{"damage":54,"enemies":"Champ","floor":33,"turns":8},{"damage":7,"enemies":"3 Darklings","floor":35,"turns":4},{"damage":11,"enemies":"Orb Walker","floor":39,"turns":2},{"damage":24,"enemies":"Giant Head","floor":40,"turns":6},{"damage":40,"enemies":"Nemesis","floor":42,"turns":5},{"damage":3,"enemies":"Spire Growth","floor":46,"turns":2},{"damage":0,"enemies":"Sphere and 2 Shapes","floor":47,"turns":2},{"damage":4,"enemies":"4 Shapes","floor":48,"turns":3},{"damage":79,"enemies":"Time Eater","floor":50,"turns":8}],"seed_played":"1473504705809199833","potions_obtained":[{"floor":1,"key":"Strength Potion"},{"floor":4,"key":"Dexterity Potion"},{"floor":14,"key":"PowerPotion"},{"floor":16,"key":"Dexterity Potion"},{"floor":22,"key":"BloodPotion"},{"floor":23,"key":"PowerPotion"},{"floor":30,"key":"Dexterity Potion"},{"floor":42,"key":"EssenceOfSteel"},{"floor":47,"key":"Explosive Potion"},{"floor":48,"key":"GamblersBrew"}],"is_trial":false,"path_per_floor":["M","M","?","M","?","R","E","R","T","R","E","M","M","M","R","B",null,"M","M","M","$","M","E","R","$","T","R","?","?","M","$","R","B",null,"M","?","?","?","M","E","R","E","T","T","$","M","M","M","R","B"],"character_chosen":"IRONCLAD","items_purchased":["Ghostly Armor","Explosive Potion","DistilledChaos","HornCleat","Bag of Marbles","Finesse"],"campfire_rested":2,"item_purchase_floors":[21,21,21,25,31,45],"current_hp_per_floor":[74,75,69,69,69,69,30,50,50,50,21,27,31,32,32,33,60,35,24,12,12,27,11,31,46,46,46,44,67,69,69,69,21,57,68,69,69,69,64,46,46,12,12,12,27,34,44,50,50,0,0],"gold":111,"neow_bonus":"ONE_RARE_RELIC","is_daily":false,"chose_seed":false,"campfire_upgraded":6,"win_rate":0.0,"timestamp":1613709503,"path_taken":["M","M","?","M","?","R","E","R","T","R","E","M","M","?","R","BOSS","M","M","M","$","M","E","R","$","T","R","?","?","M","$","R","BOSS","M","?","?","?","M","E","R","E","T","?","$","M","M","M","R","BOSS"],"items_purchased_type":["Card","Potion","Potion","Relic","Relic","Card"],"build_version":"2020-12-22","purchased_purges":1,"victory":false,"max_hp_per_floor":[75,75,69,69,69,69,69,69,69,69,69,69,69,69,69,69,69,69,69,69,69,69,69,69,69,69,69,69,69,69,69,69,69,69,69,69,69,69,69,69,69,69,69,69,69,73,77,81,81,81,81],"card_choices":[{"not_picked":["Armaments","Disarm"],"picked":"Pommel Strike","floor":1},{"not_picked":["Second Wind","Clothesline"],"picked":"Pommel Strike","floor":1},{"not_picked":["Reckless Charge","Armaments"],"picked":"Spot Weakness","floor":2},{"not_picked":["Heavy Blade","Iron Wave"],"picked":"Wild Strike","floor":2},{"not_picked":["Sword Boomerang","Clash"],"picked":"Pommel Strike","floor":4},{"not_picked":["Wild Strike","Feel No Pain"],"picked":"Evolve","floor":4},{"not_picked":["Thunderclap","Heavy Blade"],"picked":"Hemokinesis","floor":7},{"not_picked":["Body Slam","Corruption"],"picked":"Intimidate","floor":11},{"not_picked":["Anger","Heavy Blade"],"picked":"Shrug It Off","floor":12},{"not_picked":["Anger","Warcry"],"picked":"Whirlwind","floor":12},{"not_picked":["Body Slam","Sentinel"],"picked":"Armaments","floor":13},{"not_picked":["Rupture","Sever Soul"],"picked":"Bloodletting","floor":13},{"not_picked":["Cleave","Flex"],"picked":"Headbutt","floor":14},{"not_picked":["Second Wind","Dropkick","Searing Blow"],"picked":"SKIP","floor":14},{"not_picked":["Brutality","Berserk"],"picked":"Fiend Fire","floor":16},{"not_picked":["Evolve","Iron Wave"],"picked":"Ghostly Armor","floor":18},{"not_picked":["Dropkick","Thunderclap"],"picked":"Twin Strike+1","floor":18},{"not_picked":["Iron Wave","Cleave"],"picked":"Shrug It Off","floor":19},{"not_picked":["Infernal Blade","Thunderclap","Rampage"],"picked":"SKIP","floor":19},{"not_picked":["Twin Strike","Disarm"],"picked":"Perfected Strike","floor":20},{"not_picked":["Clothesline","Anger"],"picked":"Twin Strike","floor":20},{"not_picked":["Body Slam","Thunderclap"],"picked":"Power Through","floor":22},{"not_picked":["Pommel Strike","Wild Strike","Immolate"],"picked":"SKIP","floor":22},{"not_picked":["Pommel Strike","Wild Strike"],"picked":"Immolate","floor":22},{"not_picked":["Inflame","Thunderclap"],"picked":"Shockwave","floor":23},{"not_picked":["Body Slam","Thunderclap","Headbutt"],"picked":"Perfected Strike","floor":28},{"not_picked":["Clash","Cleave","Twin Strike+1"],"picked":"Perfected Strike","floor":30},{"not_picked":["Entrench","Feel No Pain+1","Fire Breathing","Cleave"],"picked":"SKIP","floor":30},{"not_picked":["Corruption","Juggernaut","Barricade"],"picked":"Reaper","floor":33},{"not_picked":["Body Slam"],"picked":"Ghostly Armor+1","floor":35},{"not_picked":["Body Slam+1","Headbutt"],"picked":"SKIP","floor":35},{"not_picked":["Enlightenment"],"picked":"Dark Shackles","floor":37},{"not_picked":["Body Slam"],"picked":"Metallicize+1","floor":39},{"not_picked":["True Grit"],"picked":"Dual Wield","floor":39},{"not_picked":["Armaments","True Grit"],"picked":"SKIP","floor":40},{"not_picked":["Clash","Havoc+1"],"picked":"SKIP","floor":42},{"not_picked":["Thunderclap","Metallicize"],"picked":"Singing Bowl","floor":46},{"not_picked":["Armaments","Brutality"],"picked":"Singing Bowl","floor":46},{"not_picked":["Shockwave+1","Cleave"],"picked":"Singing Bowl","floor":47},{"not_picked":["Flex","Anger+1"],"picked":"Singing Bowl","floor":47},{"not_picked":["Inflame","Infernal Blade"],"picked":"Singing Bowl","floor":48},{"not_picked":["True Grit","Clash"],"picked":"Singing Bowl","floor":48}],"player_experience":1631445,"relics_obtained":[{"floor":7,"key":"Red Skull"},{"floor":9,"key":"Happy Flower"},{"floor":11,"key":"Art of War"},{"floor":23,"key":"MealTicket"},{"floor":26,"key":"Question Card"},{"floor":28,"key":"Du-Vu Doll"},{"floor":28,"key":"Letter Opener"},{"floor":40,"key":"Ornamental Fan"},{"floor":42,"key":"Pen Nib"},{"floor":44,"key":"Singing Bowl"}],"event_choices":[{"damage_healed":0,"gold_gain":0,"player_choice":"Lose Max HP","damage_taken":0,"relics_obtained":["Golden Idol"],"max_hp_gain":0,"max_hp_loss":6,"event_name":"Golden Idol","floor":3,"gold_loss":0},{"damage_healed":0,"gold_gain":0,"player_choice":"Trade","damage_taken":0,"relics_obtained":["CultistMask"],"max_hp_gain":0,"max_hp_loss":0,"event_name":"FaceTrader","floor":5,"gold_loss":0},{"damage_healed":0,"gold_gain":0,"player_choice":"Fight","damage_taken":0,"max_hp_gain":0,"max_hp_loss":0,"event_name":"Colosseum","floor":28,"gold_loss":0},{"damage_healed":0,"gold_gain":0,"player_choice":"Fought Nobs","damage_taken":0,"max_hp_gain":0,"max_hp_loss":0,"event_name":"Colosseum","floor":28,"gold_loss":0},{"damage_healed":23,"gold_gain":0,"player_choice":"Heal","damage_taken":0,"max_hp_gain":0,"max_hp_loss":0,"event_name":"The Library","floor":29,"gold_loss":0},{"damage_healed":17,"gold_gain":0,"player_choice":"Writhe","damage_taken":0,"max_hp_gain":0,"max_hp_loss":0,"event_name":"Winding Halls","floor":36,"gold_loss":0,"cards_obtained":["Writhe"]},{"damage_healed":0,"gold_gain":0,"player_choice":"Memory 1","damage_taken":0,"max_hp_gain":0,"max_hp_loss":0,"event_name":"SensoryStone","floor":37,"gold_loss":0},{"cards_removed":["Strike_R"],"damage_healed":0,"gold_gain":0,"player_choice":"Removed Attack","damage_taken":0,"max_hp_gain":0,"max_hp_loss":0,"event_name":"Falling","floor":38,"gold_loss":0}],"is_beta":false,"boss_relics":[{"not_picked":["Ectoplasm","Runic Dome"],"picked":"Cursed Key"},{"not_picked":["Runic Cube","Black Star"],"picked":"Busted Crown"}],"items_purged_floors":[45],"is_endless":false,"potions_floor_spawned":[1,4,7,14,16,22,23,28,30,42,47,48],"killed_by":"Time Eater","ascension_level":14}}