{"host":"8rqsnaeml9gxb0kp","time":1613718608,"event":{"mods":["AchievementEnabler","BaseMod","Colored Powertips","Dark Map","Minty Spire (QoL Compilation)","Rare Cards Sparkle","Relic Stats","StSLib","slay the spire mod where everything is the same but ironclad has a cowboy hat"],"gold_per_floor":[369,369,544,619,629,629,629,629,629,645,655,326,346,193,193,292,292,308,134,149,165,165,165],"floor_reached":22,"language":"ENG","playtime":852,"items_purged":["Doubt"],"score":255,"play_id":"92faec2b-e061-4094-af74-3e9b1af9e6f6","local_time":"20210218231008","is_ascension_mode":true,"campfire_choices":[{"floor":6,"key":"REST"},{"floor":8,"key":"REST"},{"floor":15,"key":"REST"}],"circlet_count":0,"master_deck":["Strike_G","Strike_G","Strike_G","Strike_G","Strike_G","Defend_G","Defend_G","Defend_G","Defend_G","Defend_G","Survivor","Neutralize","Deadly Poison","PiercingWail","PiercingWail","Quick Slash","Crippling Poison","Noxious Fumes","Dodge and Roll","Die Die Die","Poisoned Stab","PiercingWail"],"relics":["Ring of the Snake","Gambling Chip","Singing Bowl","TwistedFunnel","SacredBark","Cauldron"],"acts_visited":["Exordium","TheCity"],"potions_floor_usage":[13,16,16,16,19,20,22,22],"damage_taken":[{"damage":10,"enemies":"Small Slimes","floor":1,"turns":5},{"damage":5,"enemies":"2 Louse","floor":5,"turns":5},{"damage":6,"enemies":"Jaw Worm","floor":10,"turns":5},{"damage":19,"enemies":"Large Slime","floor":11,"turns":10},{"damage":0,"enemies":"Gremlin Gang","floor":13,"turns":3},{"damage":30,"enemies":"The Guardian","floor":16,"turns":10},{"damage":34,"enemies":"Chosen","floor":18,"turns":7},{"damage":20,"enemies":"Shell Parasite","floor":20,"turns":4},{"damage":0,"enemies":"Snake Plant","floor":21,"turns":5},{"damage":23,"enemies":"Sentry and Sphere","floor":22,"turns":4}],"seed_played":"-7376350448909378211","potions_obtained":[{"floor":1,"key":"AttackPotion"},{"floor":13,"key":"Regen Potion"},{"floor":19,"key":"Fruit Juice"},{"floor":19,"key":"SpeedPotion"},{"floor":19,"key":"Poison Potion"},{"floor":19,"key":"Explosive Potion"},{"floor":20,"key":"SkillPotion"}],"is_trial":false,"path_per_floor":["M","?","?","?","M","R","?","R","T","M","M","$","M","$","R","B",null,"M","$","M","M","M"],"character_chosen":"THE_SILENT","items_purchased":["Crippling Poison","Noxious Fumes","Energy Potion","Weak Potion","Explosive Potion","TwistedFunnel","Cauldron","PiercingWail"],"campfire_rested":3,"item_purchase_floors":[12,12,12,12,12,14,19,19],"current_hp_per_floor":[35,35,35,24,19,40,40,61,61,55,36,36,36,36,57,42,63,29,39,21,23,0,0],"gold":165,"neow_bonus":"TWO_FIFTY_GOLD","is_daily":false,"chose_seed":false,"campfire_upgraded":0,"win_rate":0.0,"timestamp":1613718608,"path_taken":["M","?","?","?","M","R","?","R","T","M","M","$","M","$","R","BOSS","M","$","?","M","M"],"items_purchased_type":["Card","Card","Potion","Potion","Potion","Relic","Relic","Card"],"build_version":"2020-12-22","purchased_purges":1,"victory":false,"max_hp_per_floor":[70,70,70,70,70,70,70,70,70,70,70,70,70,70,70,70,70,70,80,82,84,84,84],"relic_stats":{"Singing Bowl":4,"counters":[10,58],"Gambling Chip":[25],"obtain_stats":[{"TwistedFunnel":14,"Cauldron":19,"Singing Bowl":9,"Gambling Chip":7,"SacredBark":17,"Ring of the Snake":0},{"TwistedFunnel":5,"Cauldron":7,"Singing Bowl":2,"Gambling Chip":2,"SacredBark":6,"Ring of the Snake":0},{"TwistedFunnel":28,"Cauldron":45,"Singing Bowl":10,"Gambling Chip":10,"SacredBark":38,"Ring of the Snake":0}],"Ring of the Snake":[20]},"card_choices":[{"not_picked":["Expertise","Bane"],"picked":"Deadly Poison","floor":1},{"not_picked":["Dodge and Roll","Acrobatics"],"picked":"PiercingWail","floor":5},{"not_picked":["All Out Attack","Infinite Blades"],"picked":"PiercingWail","floor":10},{"not_picked":["Dodge and Roll","Blur"],"picked":"Quick Slash","floor":11},{"not_picked":["Dagger Throw","Sucker Punch"],"picked":"Dodge and Roll","floor":13},{"not_picked":["After Image","Unload"],"picked":"Die Die Die","floor":16},{"not_picked":["Infinite Blades","Prepared"],"picked":"Poisoned Stab","floor":18},{"not_picked":["Terror","Dodge and Roll","Outmaneuver"],"picked":"Singing Bowl","floor":20},{"not_picked":["Cloak And Dagger","Poisoned Stab","Dash"],"picked":"Singing Bowl","floor":21}],"player_experience":288696,"relics_obtained":[{"floor":9,"key":"Singing Bowl"}],"event_choices":[{"damage_healed":0,"gold_gain":0,"player_choice":"Ignored","damage_taken":0,"max_hp_gain":0,"max_hp_loss":0,"event_name":"Golden Wing","floor":2,"gold_loss":0},{"damage_healed":0,"gold_gain":175,"player_choice":"AGREE","damage_taken":0,"max_hp_gain":0,"max_hp_loss":0,"event_name":"Liars Game","floor":3,"gold_loss":0,"cards_obtained":["Doubt"]},{"damage_healed":0,"gold_gain":75,"player_choice":"Gather Gold","damage_taken":11,"max_hp_gain":0,"max_hp_loss":0,"event_name":"World of Goop","floor":4,"gold_loss":0},{"damage_healed":0,"gold_gain":0,"player_choice":"Gave Potion","damage_taken":0,"relics_obtained":["Gambling Chip"],"max_hp_gain":0,"max_hp_loss":0,"event_name":"WeMeetAgain","floor":7,"gold_loss":0}],"is_beta":false,"boss_relics":[{"not_picked":["HoveringKite","Busted Crown"],"picked":"SacredBark"}],"items_purged_floors":[12],"is_endless":false,"potions_floor_spawned":[1,13,20],"killed_by":"Sentry and Sphere","ascension_level":9}}