{"host":"fa35vd3kig5td25x","time":1613763247,"event":{"mods":["BaseMod","Colored Powertips","Minty Spire (QoL Compilation)","Relic Stats","Slay the Relics Exporter"],"gold_per_floor":[115,127,52,52,52,85,32,32,55,94,94,110,135,178,178,276,276,290,13,32,32,45,45,86,100,100,141,141,162,197,197,197,292,292,316,316,339,339,36,80,80,80,106,124,124,162,162,201,201,201,201],"floor_reached":50,"language":"ENG","playtime":3300,"items_purged":["Strike_G","Strike_G"],"score":1358,"play_id":"0981d409-2036-448a-bca5-60c62d702365","local_time":"20210219203407","is_ascension_mode":true,"campfire_choices":[{"data":"Skewer","floor":8,"key":"SMITH"},{"floor":11,"key":"REST"},{"data":"Tools of the Trade","floor":15,"key":"SMITH"},{"data":"Blade Dance","floor":23,"key":"SMITH"},{"floor":28,"key":"REST"},{"floor":32,"key":"REST"},{"data":"Blade Dance","floor":42,"key":"SMITH"},{"floor":45,"key":"RECALL"},{"data":"Blade Dance","floor":47,"key":"SMITH"},{"data":"Footwork","floor":49,"key":"SMITH"}],"circlet_count":0,"master_deck":["AscendersBane","Strike_G","Defend_G","Defend_G","Defend_G","Defend_G","Defend_G","Survivor","Neutralize","Wraith Form v2+1","Noxious Fumes+1","Skewer+1","Blade Dance+1","Tools of the Trade+1","Underhanded Strike","Blade Dance+1","After Image","Reflex+1","Accuracy","Acrobatics","Tactician","Cloak And Dagger+1","Bullet Time","Blade Dance+1","Finesse","Bandage Up","PanicButton","Flying Knee","Footwork+1"],"relics":["Ring of the Snake","Golden Idol","Snake Skull","Bag of Preparation","The Courier","Centennial Puzzle","HoveringKite","TwistedFunnel","Bottled Tornado","White Beast Statue","InkBottle","Dream Catcher","WristBlade","Shuriken","Akabeko","StrikeDummy","Bronze Scales"],"acts_visited":["Exordium","TheCity","TheBeyond"],"potions_floor_usage":[6,14,16,22,24,27,29,33,46],"damage_taken":[{"damage":5,"enemies":"Jaw Worm","floor":1,"turns":6},{"damage":3,"enemies":"2 Louse","floor":2,"turns":4},{"damage":6,"enemies":"3 Sentries","floor":6,"turns":7},{"damage":1,"enemies":"Lagavulin","floor":10,"turns":7},{"damage":5,"enemies":"Small Slimes","floor":12,"turns":4},{"damage":8,"enemies":"Exordium Wildlife","floor":13,"turns":6},{"damage":10,"enemies":"3 Sentries","floor":14,"turns":7},{"damage":15,"enemies":"Slime Boss","floor":16,"turns":8},{"damage":1,"enemies":"Chosen","floor":18,"turns":5},{"damage":7,"enemies":"3 Byrds","floor":20,"turns":4},{"damage":3,"enemies":"Shelled Parasite and Fungi","floor":22,"turns":4},{"damage":7,"enemies":"Gremlin Leader","floor":24,"turns":6},{"damage":0,"enemies":"Snecko","floor":25,"turns":4},{"damage":10,"enemies":"Book of Stabbing","floor":27,"turns":5},{"damage":4,"enemies":"Centurion and Healer","floor":29,"turns":6},{"damage":2,"enemies":"Gremlin Leader","floor":30,"turns":5},{"damage":13,"enemies":"Champ","floor":33,"turns":10},{"damage":3,"enemies":"3 Darklings","floor":35,"turns":4},{"damage":0,"enemies":"3 Shapes","floor":37,"turns":2},{"damage":0,"enemies":"Giant Head","floor":40,"turns":5},{"damage":0,"enemies":"Jaw Worm Horde","floor":44,"turns":3},{"damage":0,"enemies":"Reptomancer","floor":46,"turns":5},{"damage":0,"enemies":"Giant Head","floor":48,"turns":5},{"damage":58,"enemies":"Awakened One","floor":50,"turns":6}],"seed_played":"-2270863257642143385","potions_obtained":[{"floor":1,"key":"BlessingOfTheForge"},{"floor":6,"key":"SteroidPotion"},{"floor":24,"key":"ColorlessPotion"},{"floor":25,"key":"SpeedPotion"},{"floor":27,"key":"FearPotion"},{"floor":29,"key":"SteroidPotion"},{"floor":33,"key":"LiquidMemories"},{"floor":46,"key":"Explosive Potion"}],"is_trial":false,"path_per_floor":["M","M","?","?","?","E","$","R","T","E","R","M","M","E","R","B",null,"M","$","M","?","M","R","E","M","T","E","R","M","E","?","R","B",null,"M","?","M","?","$","E","?","R","T","M","R","E","R","E","R","B"],"character_chosen":"THE_SILENT","items_purchased":["SteroidPotion","TwistedFunnel","Energy Potion","BlessingOfTheForge","Shuriken"],"campfire_rested":3,"item_purchase_floors":[7,19,19,19,39],"current_hp_per_floor":[54,51,51,33,33,27,27,27,27,26,42,37,29,19,19,4,42,41,41,34,34,31,31,24,24,24,14,30,26,24,24,40,27,47,44,44,44,34,34,38,38,38,38,42,42,46,46,50,50,0,0],"gold":201,"neow_bonus":"THREE_RARE_CARDS","is_daily":false,"chose_seed":false,"campfire_upgraded":6,"win_rate":0.0,"timestamp":1613763247,"path_taken":["M","M","?","?","?","E","$","R","T","E","R","?","M","E","R","BOSS","M","$","M","?","?","R","E","?","T","E","R","M","E","?","R","BOSS","M","?","M","?","$","E","?","R","T","M","R","E","R","E","R","BOSS"],"items_purchased_type":["Potion","Relic","Potion","Potion","Relic"],"build_version":"2020-12-22","purchased_purges":2,"victory":false,"max_hp_per_floor":[60,60,60,60,54,54,54,54,54,54,54,54,54,54,54,54,54,54,54,54,54,54,54,54,54,54,54,54,54,54,54,54,54,54,54,54,54,54,54,54,54,54,54,54,54,54,54,54,54,54,54],"relic_stats":{"Centennial Puzzle":[33],"Dream Catcher":1,"counters":[24,128],"Golden Idol":150,"Shuriken":[31],"Bronze Scales":[36],"HoveringKite":[66],"Snake Skull":[120],"Bag of Preparation":[42],"obtain_stats":[{"TwistedFunnel":19,"Golden Idol":5,"HoveringKite":17,"Snake Skull":6,"The Courier":10,"Bag of Preparation":9,"Bottled Tornado":24,"White Beast Statue":26,"Akabeko":40,"Centennial Puzzle":14,"Dream Catcher":30,"WristBlade":34,"Shuriken":39,"Bronze Scales":48,"StrikeDummy":46,"InkBottle":27,"Ring of the Snake":0},{"TwistedFunnel":9,"Golden Idol":2,"HoveringKite":8,"Snake Skull":3,"The Courier":4,"Bag of Preparation":3,"Bottled Tornado":12,"White Beast Statue":13,"Akabeko":20,"Centennial Puzzle":7,"Dream Catcher":16,"WristBlade":17,"Shuriken":19,"Bronze Scales":23,"StrikeDummy":22,"InkBottle":14,"Ring of the Snake":0},{"TwistedFunnel":54,"Golden Idol":10,"HoveringKite":49,"Snake Skull":17,"The Courier":24,"Bag of Preparation":17,"Bottled Tornado":68,"White Beast Statue":72,"Akabeko":109,"Centennial Puzzle":41,"Dream Catcher":88,"WristBlade":98,"Shuriken":104,"Bronze Scales":122,"StrikeDummy":117,"InkBottle":77,"Ring of the Snake":0}],"InkBottle":[34],"Ring of the Snake":[48]},"card_choices":[{"not_picked":["Grand Finale","Adrenaline"],"picked":"Wraith Form v2","floor":0},{"not_picked":["Bouncing Flask","Poisoned Stab"],"picked":"Noxious Fumes","floor":1},{"not_picked":["Outmaneuver","Backstab"],"picked":"Skewer","floor":2},{"not_picked":["Underhanded Strike","Leg Sweep"],"picked":"Blade Dance","floor":6},{"not_picked":["Acrobatics","Setup"],"picked":"Tools of the Trade","floor":10},{"not_picked":["Outmaneuver","Flechettes"],"picked":"Underhanded Strike","floor":12},{"not_picked":["Acrobatics","Underhanded Strike"],"picked":"Blade Dance","floor":13},{"not_picked":["Cloak And Dagger","Sucker Punch","Eviscerate"],"picked":"SKIP","floor":14},{"not_picked":["Tools of the Trade","Grand Finale"],"picked":"After Image","floor":16},{"not_picked":["Masterful Stab","Slice","Blade Dance+1"],"picked":"SKIP","floor":18},{"not_picked":["Sucker Punch","Blade Dance"],"picked":"Reflex+1","floor":20},{"not_picked":["Sucker Punch","Outmaneuver"],"picked":"Accuracy","floor":22},{"not_picked":["Backflip","Bouncing Flask"],"picked":"Acrobatics","floor":24},{"not_picked":["Poisoned Stab","Outmaneuver"],"picked":"Tactician","floor":25},{"not_picked":["Dodge and Roll","Poisoned Stab","Expertise"],"picked":"SKIP","floor":27},{"not_picked":["Concentrate","Bouncing Flask","Bullet Time"],"picked":"SKIP","floor":29},{"not_picked":["Backflip","Quick Slash"],"picked":"Cloak And Dagger+1","floor":30},{"not_picked":["Die Die Die","Storm of Steel"],"picked":"Bullet Time","floor":33},{"not_picked":["Bouncing Flask+1","Sucker Punch","Bane"],"picked":"SKIP","floor":35},{"not_picked":["Riddle With Holes","Heel Hook"],"picked":"Blade Dance","floor":37},{"not_picked":["Mayhem","Deep Breath"],"picked":"Finesse","floor":38},{"not_picked":["PanicButton","Purity"],"picked":"Bandage Up","floor":38},{"not_picked":["Bandage Up","Metamorphosis"],"picked":"PanicButton","floor":38},{"not_picked":["Flying Knee","Dagger Throw","Doppelganger"],"picked":"SKIP","floor":40},{"not_picked":["Underhanded Strike","Deadly Poison","Flying Knee"],"picked":"SKIP","floor":44},{"not_picked":["Eviscerate","Crippling Poison","Poisoned Stab"],"picked":"SKIP","floor":46},{"not_picked":["Eviscerate","Crippling Poison","Poisoned Stab"],"picked":"SKIP","floor":46},{"not_picked":["Cloak And Dagger","Outmaneuver+1"],"picked":"Footwork","floor":48}],"player_experience":3198391,"relics_obtained":[{"floor":6,"key":"Snake Skull"},{"floor":9,"key":"Bag of Preparation"},{"floor":10,"key":"The Courier"},{"floor":14,"key":"Centennial Puzzle"},{"floor":24,"key":"Bottled Tornado"},{"floor":26,"key":"White Beast Statue"},{"floor":27,"key":"InkBottle"},{"floor":30,"key":"Dream Catcher"},{"floor":40,"key":"Akabeko"},{"floor":46,"key":"StrikeDummy"},{"floor":48,"key":"Bronze Scales"}],"event_choices":[{"cards_removed":["Strike_G"],"damage_healed":0,"gold_gain":0,"player_choice":"Card Removal","damage_taken":0,"max_hp_gain":0,"max_hp_loss":0,"event_name":"The Cleric","floor":3,"gold_loss":75},{"damage_healed":0,"gold_gain":0,"player_choice":"Entered Light","damage_taken":18,"max_hp_gain":0,"max_hp_loss":0,"event_name":"Shining Light","floor":4,"gold_loss":0,"cards_upgraded":["Noxious Fumes","Wraith Form v2"]},{"damage_healed":0,"gold_gain":0,"player_choice":"Lose Max HP","damage_taken":0,"relics_obtained":["Golden Idol"],"max_hp_gain":0,"max_hp_loss":6,"event_name":"Golden Idol","floor":5,"gold_loss":0},{"damage_healed":0,"gold_gain":0,"player_choice":"0 cards matched","damage_taken":0,"max_hp_gain":0,"max_hp_loss":0,"event_name":"Match and Keep!","floor":21,"gold_loss":0,"cards_obtained":[]},{"damage_healed":0,"gold_gain":0,"player_choice":"Ignored","damage_taken":0,"max_hp_gain":0,"max_hp_loss":0,"event_name":"N\u0027loth","floor":31,"gold_loss":0},{"damage_healed":0,"gold_gain":0,"player_choice":"Ignored","damage_taken":0,"max_hp_gain":0,"max_hp_loss":0,"event_name":"Tomb of Lord Red Mask","floor":36,"gold_loss":0},{"damage_healed":0,"gold_gain":0,"player_choice":"Memory 3","damage_taken":10,"max_hp_gain":0,"max_hp_loss":0,"event_name":"SensoryStone","floor":38,"gold_loss":0},{"damage_healed":0,"gold_gain":0,"cards_transformed":["Strike_G"],"player_choice":"Transformed","damage_taken":0,"max_hp_gain":0,"max_hp_loss":0,"event_name":"Transmorgrifier","floor":41,"gold_loss":0,"cards_obtained":["Flying Knee"]}],"is_beta":false,"boss_relics":[{"not_picked":["Velvet Choker","Ectoplasm"],"picked":"HoveringKite"},{"not_picked":["Sozu","Tiny House"],"picked":"WristBlade"}],"items_purged_floors":[19,39],"is_endless":false,"potions_floor_spawned":[1,6,10,24,25,27,29,30,33,35,37,40,44,46,48],"killed_by":"Awakened One","ascension_level":20}}