{"host":"uv231blk40vjdojr","time":1613747220,"event":{"mods":["BaseMod","Minty Spire (QoL Compilation)","Relic Stats","ojb\u0027s Info Mod"],"gold_per_floor":[115,115,3,22,22,55,66,77,77,177,189,46,77,94,94,199,199,212,212,228,33,33,60,70,70,95,108,135,234,251,282,282,282,282],"floor_reached":33,"language":"ENG","playtime":905,"items_purged":[],"score":510,"play_id":"91940044-fe9e-4cca-be8a-2df165cf3963","local_time":"20210219160700","is_ascension_mode":true,"campfire_choices":[{"data":"CrushJoints","floor":15,"key":"SMITH"},{"floor":32,"key":"REST"}],"circlet_count":0,"master_deck":["Strike_P+1","Strike_P+1","Strike_P+1","Strike_P+1","Defend_P+1","Defend_P+1","Defend_P+1","Defend_P+1","Eruption","Vigilance","Halt","Study","CutThroughFate","SashWhip","Tantrum","Blind","DeceiveReality","CrushJoints+1","Brilliance","CutThroughFate","Conclude","Sadistic Nature","Prostrate","ConjureBlade","ThirdEye+1","Necronomicurse","Panacea","Wallop","Tantrum+1","Wish"],"relics":["PureWater","NeowsBlessing","The Courier","Mercury Hourglass","Unceasing Top","Fusion Hammer","Necronomicon","Lee\u0027s Waffle","Bird Faced Urn","Happy Flower","CaptainsWheel","Smiling Mask"],"acts_visited":["Exordium","TheCity"],"potions_floor_usage":[23,28,31,31],"damage_taken":[{"damage":0,"enemies":"Jaw Worm","floor":1,"turns":1},{"damage":0,"enemies":"Cultist","floor":4,"turns":1},{"damage":0,"enemies":"Lagavulin","floor":6,"turns":1},{"damage":0,"enemies":"2 Louse","floor":7,"turns":2},{"damage":0,"enemies":"Large Slime","floor":8,"turns":3},{"damage":0,"enemies":"3 Louse","floor":11,"turns":3},{"damage":11,"enemies":"3 Sentries","floor":13,"turns":4},{"damage":0,"enemies":"Blue Slaver","floor":14,"turns":2},{"damage":0,"enemies":"Slime Boss","floor":16,"turns":3},{"damage":26,"enemies":"2 Thieves","floor":18,"turns":3},{"damage":5,"enemies":"Shell Parasite","floor":20,"turns":3},{"damage":33,"enemies":"Slavers","floor":23,"turns":8},{"damage":14,"enemies":"Centurion and Healer","floor":24,"turns":5},{"damage":8,"enemies":"Snake Plant","floor":27,"turns":4},{"damage":1,"enemies":"Book of Stabbing","floor":28,"turns":3},{"damage":0,"enemies":"Cultist and Chosen","floor":30,"turns":3},{"damage":8,"enemies":"Slavers","floor":31,"turns":2},{"damage":80,"enemies":"Collector","floor":33,"turns":6}],"seed_played":"396896692325885463","potions_obtained":[{"floor":6,"key":"FearPotion"},{"floor":8,"key":"Ancient Potion"},{"floor":11,"key":"Dexterity Potion"},{"floor":23,"key":"AttackPotion"},{"floor":28,"key":"FearPotion"}],"is_trial":false,"path_per_floor":["M","?","$","M","?","E","M","M","T","?","M","$","E","M","R","B",null,"M","?","M","$","?","E","M","?","T","M","E","?","M","E","R","B"],"character_chosen":"WATCHER","items_purchased":["Study","CutThroughFate","SashWhip","Sadistic Nature","Lee\u0027s Waffle","Panacea"],"campfire_rested":1,"item_purchase_floors":[3,3,3,12,21,21],"current_hp_per_floor":[65,53,53,53,53,53,53,53,53,53,53,53,42,42,42,42,65,39,23,18,79,79,46,36,36,36,30,29,29,31,23,46,0,0],"gold":282,"neow_bonus":"THREE_ENEMY_KILL","is_daily":false,"chose_seed":false,"campfire_upgraded":1,"win_rate":0.0,"timestamp":1613747220,"path_taken":["M","?","$","M","?","E","M","?","T","?","?","$","E","M","R","BOSS","M","?","M","$","?","E","M","?","T","?","E","?","M","E","R","BOSS"],"items_purchased_type":["Card","Card","Card","Card","Relic","Card"],"build_version":"2020-12-22","purchased_purges":0,"victory":false,"max_hp_per_floor":[72,72,72,72,72,72,72,72,72,72,72,72,72,72,72,72,72,72,72,72,79,79,79,79,79,79,79,79,79,79,79,79,79,79],"relic_stats":{"Lee\u0027s Waffle":61,"Happy Flower":[6],"counters":[18,57],"Bird Faced Urn":[12],"Necronomicon":[10],"Smiling Mask":0,"obtain_stats":[{"Lee\u0027s Waffle":21,"CaptainsWheel":28,"NeowsBlessing":0,"Happy Flower":26,"Bird Faced Urn":23,"The Courier":2,"Fusion Hammer":17,"Necronomicon":19,"PureWater":0,"Smiling Mask":31,"Unceasing Top":13,"Mercury Hourglass":6},{"Lee\u0027s Waffle":11,"CaptainsWheel":15,"NeowsBlessing":0,"Happy Flower":13,"Bird Faced Urn":12,"The Courier":1,"Fusion Hammer":9,"Necronomicon":10,"PureWater":0,"Smiling Mask":17,"Unceasing Top":7,"Mercury Hourglass":3},{"Lee\u0027s Waffle":26,"CaptainsWheel":46,"NeowsBlessing":0,"Happy Flower":39,"Bird Faced Urn":34,"The Courier":1,"Fusion Hammer":20,"Necronomicon":23,"PureWater":0,"Smiling Mask":51,"Unceasing Top":15,"Mercury Hourglass":3}],"Unceasing Top":[7],"Mercury Hourglass":[252]},"card_choices":[{"not_picked":["JustLucky","Crescendo"],"picked":"Halt","floor":1},{"not_picked":["CarveReality","FlurryOfBlows"],"picked":"Tantrum","floor":4},{"not_picked":["CarveReality","BowlingBash"],"picked":"CrushJoints","floor":6},{"not_picked":["Consecrate","Protect"],"picked":"Brilliance","floor":7},{"not_picked":["Consecrate","BowlingBash"],"picked":"CutThroughFate","floor":8},{"not_picked":["FlyingSleeves","Evaluate"],"picked":"Conclude","floor":11},{"not_picked":["ThirdEye","EmptyFist"],"picked":"Prostrate","floor":13},{"not_picked":["Nirvana","CrushJoints","ThirdEye"],"picked":"SKIP","floor":14},{"not_picked":["Judgement","Establishment"],"picked":"ConjureBlade","floor":16},{"not_picked":["ReachHeaven","WreathOfFlame"],"picked":"ThirdEye+1","floor":18},{"not_picked":["WindmillStrike","FlyingSleeves","Nirvana"],"picked":"SKIP","floor":20},{"not_picked":["WheelKick+1","JustLucky"],"picked":"Wallop","floor":23},{"not_picked":["Vengeance","BowlingBash","SignatureMove"],"picked":"SKIP","floor":24},{"not_picked":["FollowUp","Pray","Weave"],"picked":"SKIP","floor":27},{"not_picked":["Consecrate","FlurryOfBlows","CarveReality"],"picked":"SKIP","floor":28},{"not_picked":["ThirdEye","Crescendo"],"picked":"Tantrum+1","floor":30},{"not_picked":["Halt","Pray"],"picked":"Wish","floor":31}],"player_experience":781318,"relics_obtained":[{"floor":6,"key":"Mercury Hourglass"},{"floor":13,"key":"Unceasing Top"},{"floor":19,"key":"Necronomicon"},{"floor":23,"key":"Bird Faced Urn"},{"floor":26,"key":"Happy Flower"},{"floor":28,"key":"CaptainsWheel"},{"floor":31,"key":"Smiling Mask"}],"event_choices":[{"damage_healed":0,"gold_gain":0,"player_choice":"Success","damage_taken":12,"relics_obtained":["The Courier"],"max_hp_gain":0,"max_hp_loss":0,"event_name":"Scrap Ooze","floor":2,"gold_loss":0},{"damage_healed":0,"gold_gain":0,"player_choice":"2 cards matched","damage_taken":0,"max_hp_gain":0,"max_hp_loss":0,"event_name":"Match and Keep!","floor":5,"gold_loss":0,"cards_obtained":["Blind","DeceiveReality"]},{"damage_healed":0,"gold_gain":100,"player_choice":"Gold","damage_taken":0,"max_hp_gain":0,"max_hp_loss":0,"event_name":"Wheel of Change","floor":10,"gold_loss":0},{"damage_healed":0,"gold_gain":0,"player_choice":"Obtained Book","damage_taken":16,"max_hp_gain":0,"max_hp_loss":0,"event_name":"Cursed Tome","floor":19,"gold_loss":0},{"damage_healed":0,"gold_gain":0,"player_choice":"Simplicity","damage_taken":0,"max_hp_gain":0,"max_hp_loss":0,"event_name":"Back to Basics","floor":25,"gold_loss":0,"cards_upgraded":["Strike_P","Strike_P","Strike_P","Strike_P","Defend_P","Defend_P","Defend_P","Defend_P"]},{"damage_healed":0,"gold_gain":99,"player_choice":"Stole From Cult","damage_taken":0,"max_hp_gain":0,"max_hp_loss":0,"event_name":"Nest","floor":29,"gold_loss":0}],"is_beta":false,"boss_relics":[{"not_picked":["Empty Cage","Calling Bell"],"picked":"Fusion Hammer"}],"items_purged_floors":[],"is_endless":false,"potions_floor_spawned":[6,8,11,16,20,23,28],"killed_by":"Collector","ascension_level":6}}