{"host":"owox7x4ngjt9htcc","time":1613721579,"event":{"mods":["BaseMod","Colored Map","DeckTracker","Keyboard Shortcuts","Minty Spire (QoL Compilation)","SuperFastMode"],"gold_per_floor":[144,189,234,279,324,324,414,28,53,53,98,188,38,83,83,383,383,428,19,64,64,10,100,145,45,45,135,185,239,20,74,74,383,383,428,482,536,63,117,117,207,25,25,70,124,223,273,327,327,327],"floor_reached":51,"language":"KOR","playtime":1513,"items_purged":["Warcry"],"score":938,"play_id":"23ed0480-c564-4500-b21c-2083c3534c79","local_time":"20210219165939","daily_mods":["Insanity","Blue Cards","Midas"],"is_ascension_mode":false,"campfire_choices":[{"floor":15.0,"key":"REST"},{"floor":32.0,"key":"REST"},{"floor":40.0,"key":"REST"},{"floor":49,"key":"REST"}],"circlet_count":0,"master_deck":["Uppercut","Rebound","Aggregate","Streamline","Melter","Rebound+1","Hologram+1","Twin Strike","Evolve","Headbutt","Coolheaded","Ball Lightning","Streamline","Go for the Eyes","Redo","True Grit","Skim","White Noise","Flex","Disarm","Sweeping Beam","Searing Blow","Gash+1","Battle Trance","Compile Driver","Undo","Stack","Stack","Steam","Pummel","Aggregate","Rage","Rampage","Sweeping Beam","Reprogram","Gash","Ball Lightning","Hologram","Blood for Blood","Heavy Blade","Warcry","Shrug It Off","Anger","Havoc","Rage+1","Combust","Inflame","Rebound","Undo","Armaments","Shrug It Off","Hologram","Juggernaut","Flash of Steel","Defragment","Corruption","Inflame","Havoc+1","Coolheaded+1","Berserk","Conserve Battery+1","Evolve","Capacitor","Demon Form","Flame Barrier+1","Inflame+1","Apotheosis+1","Inflame","Flash of Steel","Armaments+1","Storm","Capacitor","Shrug It Off+1","Chaos+1","Aggregate+1"],"relics":["Burning Blood","Mummified Hand","Lee\u0027s Waffle","Ancient Tea Set","Lantern","Juzu Bracelet","Mark of Pain","Toxic Egg 2","SsserpentHead","Potion Belt","Medical Kit","Pen Nib","CeramicFish","Whetstone","SacredBark","Membership Card","Toy Ornithopter","Omamori","Letter Opener","Dead Branch","War Paint","Orichalcum"],"acts_visited":["Exordium","TheCity","TheBeyond"],"potions_floor_usage":[50,50,50],"damage_taken":[{"damage":0.0,"enemies":"Small Slimes","floor":1.0,"turns":1.0},{"damage":0.0,"enemies":"2 Louse","floor":2.0,"turns":2.0},{"damage":0.0,"enemies":"Cultist","floor":3.0,"turns":3.0},{"damage":2.0,"enemies":"2 Fungi Beasts","floor":4.0,"turns":3.0},{"damage":0.0,"enemies":"Exordium Thugs","floor":5.0,"turns":4.0},{"damage":0.0,"enemies":"Lagavulin","floor":7.0,"turns":7.0},{"damage":3.0,"enemies":"3 Louse","floor":11.0,"turns":4.0},{"damage":10.0,"enemies":"3 Sentries","floor":12.0,"turns":5.0},{"damage":0.0,"enemies":"Lots of Slimes","floor":14.0,"turns":3.0},{"damage":11.0,"enemies":"Slime Boss","floor":16.0,"turns":6.0},{"damage":4.0,"enemies":"Shell Parasite","floor":18.0,"turns":3.0},{"damage":0.0,"enemies":"Chosen","floor":20.0,"turns":3.0},{"damage":20.0,"enemies":"Book of Stabbing","floor":23.0,"turns":5.0},{"damage":8.0,"enemies":"Snake Plant","floor":24.0,"turns":4.0},{"damage":32.0,"enemies":"Slavers","floor":27.0,"turns":4.0},{"damage":12.0,"enemies":"Centurion and Healer","floor":29.0,"turns":5.0},{"damage":5.0,"enemies":"Cultist and Chosen","floor":31.0,"turns":3.0},{"damage":5.0,"enemies":"Automaton","floor":33.0,"turns":9.0},{"damage":20.0,"enemies":"3 Shapes","floor":35.0,"turns":8.0},{"damage":33.0,"enemies":"3 Darklings","floor":36.0,"turns":3.0},{"damage":30.0,"enemies":"Writhing Mass","floor":37.0,"turns":4.0},{"damage":8.0,"enemies":"Transient","floor":39.0,"turns":5.0},{"damage":0.0,"enemies":"Giant Head","floor":41.0,"turns":5.0},{"damage":30.0,"enemies":"Spire Growth","floor":44.0,"turns":5.0},{"damage":8.0,"enemies":"Jaw Worm Horde","floor":45.0,"turns":3.0},{"damage":15.0,"enemies":"Reptomancer","floor":46.0,"turns":5.0},{"damage":2,"enemies":"Sphere and 2 Shapes","floor":48,"turns":2},{"damage":60,"enemies":"Awakened One","floor":50,"turns":8}],"seed_played":"778547550210687013","potions_obtained":[{"floor":1.0,"key":"SpeedPotion"},{"floor":4.0,"key":"Ancient Potion"},{"floor":12.0,"key":"SteroidPotion"},{"floor":16.0,"key":"DuplicationPotion"},{"floor":20.0,"key":"Block Potion"},{"floor":23.0,"key":"PowerPotion"},{"floor":31.0,"key":"Energy Potion"},{"floor":33.0,"key":"Fire Potion"},{"floor":36.0,"key":"BlessingOfTheForge"},{"floor":37.0,"key":"Swift Potion"},{"floor":39.0,"key":"AttackPotion"},{"floor":48,"key":"ColorlessPotion"}],"is_trial":false,"path_per_floor":["M","M","M","M","M","?","E","$","T","?","M","E","$","M","R","B",null,"M","$","M","?","$","E","M","$","T","E","?","M","$","M","R","B",null,"M","M","M","$","M","R","E","$","T","M","M","E","?","M","R","B",null],"character_chosen":"IRONCLAD","items_purchased":["Lee\u0027s Waffle","Juggernaut","Flash of Steel","Juzu Bracelet","Toxic Egg 2","Inflame","Havoc+1","Coolheaded+1","Medical Kit","Evolve","Whetstone","Membership Card","Apotheosis+1","Toy Ornithopter","Inflame","Flash of Steel","Omamori","Armaments+1","Dead Branch","Capacitor"],"campfire_rested":4,"item_purchase_floors":[8,8,8,13,19,19,19,22,25,30,30,38,38,38,38,38,38,38,42,42],"current_hp_per_floor":[80,80,80,80,80,85,85,92,92,92,92,88,88,92,92,87,92,92,92,92,92,92,78,76,76,76,50,41,35,35,36,63,64,92,78,51,27,27,25,52,68,68,68,44,42,38,61,65,92,43],"gold":327,"neow_bonus":"","is_daily":true,"chose_seed":false,"campfire_upgraded":0,"win_rate":0.0,"timestamp":1613721579,"path_taken":["M","M","M","M","M","?","E","$","T","?","?","E","$","M","R","BOSS","M","$","M","?","$","E","M","?","T","E","?","M","$","M","R","BOSS","M","M","M","$","M","R","E","$","T","M","M","E","?","M","R","BOSS"],"items_purchased_type":["Relic","Card","Card","Relic","Relic","Card","Card","Card","Relic","Card","Relic","Relic","Card","Relic","Card","Card","Relic","Card","Relic","Card"],"build_version":"2020-12-22","purchased_purges":1,"victory":true,"max_hp_per_floor":[80,80,80,80,80,85,85,92,92,92,92,92,92,92,92,92,92,92,92,92,92,92,92,92,92,92,92,92,92,92,92,92,92,92,92,92,92,92,92,92,92,92,92,92,92,92,92,92,92,92],"card_choices":[{"not_picked":["Consume","Reprogram"],"picked":"Undo","floor":1.0},{"not_picked":["Beam Cell","Cold Snap","Power Through"],"picked":"SKIP","floor":2.0},{"not_picked":["Ball Lightning","Pommel Strike","Body Slam"],"picked":"SKIP","floor":3.0},{"not_picked":["Auto Shields","Rainbow"],"picked":"Armaments","floor":4.0},{"not_picked":["Sweeping Beam","Rebound"],"picked":"Shrug It Off","floor":5.0},{"not_picked":["Leap","Consume"],"picked":"Hologram","floor":7.0},{"not_picked":["Ghostly Armor","Compile Driver"],"picked":"Defragment","floor":11.0},{"not_picked":["Power Through","Steam","Warcry"],"picked":"SKIP","floor":12.0},{"not_picked":["Heavy Blade","Sunder","Redo"],"picked":"SKIP","floor":14.0},{"not_picked":["Multi-Cast","Fission"],"picked":"Corruption","floor":16.0},{"not_picked":["Compile Driver","Sweeping Beam","Leap+1"],"picked":"SKIP","floor":18.0},{"not_picked":["Dropkick","Hemokinesis+1","Glacier+1"],"picked":"SKIP","floor":20.0},{"not_picked":["Seeing Red+1","Turbo+1"],"picked":"Berserk","floor":23.0},{"not_picked":["BootSequence+1","Rebound","Shrug It Off+1"],"picked":"SKIP","floor":24.0},{"not_picked":["Twin Strike","Perfected Strike+1","Beam Cell"],"picked":"SKIP","floor":27.0},{"not_picked":["Clash","Dual Wield+1"],"picked":"Conserve Battery+1","floor":29.0},{"not_picked":["Body Slam+1","True Grit+1"],"picked":"Capacitor","floor":31.0},{"not_picked":["Meteor Strike","Exhume+1"],"picked":"Demon Form","floor":33.0},{"not_picked":["True Grit+1","Thunderclap+1","Havoc+1"],"picked":"SKIP","floor":35.0},{"not_picked":["Go for the Eyes","Sweeping Beam"],"picked":"Flame Barrier+1","floor":36.0},{"not_picked":["Thunderclap+1","Evolve"],"picked":"Inflame+1","floor":37.0},{"not_picked":["Power Through+1","Streamline+1"],"picked":"Storm","floor":39.0},{"not_picked":["True Grit+1","Iron Wave","Rebound+1"],"picked":"SKIP","floor":41.0},{"not_picked":["Cleave+1","Thunder Strike","Conserve Battery+1"],"picked":"SKIP","floor":44.0},{"not_picked":["Fusion+1","Headbutt"],"picked":"Shrug It Off+1","floor":45.0},{"not_picked":["Streamline+1","Chaos+1","Heavy Blade+1"],"picked":"SKIP","floor":46.0},{"not_picked":["Streamline+1","Heavy Blade+1"],"picked":"Chaos+1","floor":46.0},{"not_picked":["Sweeping Beam","Headbutt"],"picked":"Aggregate+1","floor":48}],"player_experience":935255,"relics_obtained":[{"floor":7.0,"key":"Mummified Hand"},{"floor":9.0,"key":"Ancient Tea Set"},{"floor":12.0,"key":"Lantern"},{"floor":23.0,"key":"Potion Belt"},{"floor":26.0,"key":"Pen Nib"},{"floor":27.0,"key":"CeramicFish"},{"floor":41.0,"key":"Letter Opener"},{"floor":43.0,"key":"War Paint"},{"floor":46.0,"key":"Orichalcum"}],"event_choices":[{"damage_healed":0.0,"max_hp_gain":5.0,"max_hp_loss":0.0,"gold_gain":0.0,"event_name":"Big Fish","player_choice":"Donut","floor":6.0,"gold_loss":0.0,"damage_taken":0.0},{"cards_removed":["Anger"],"damage_healed":5.0,"max_hp_gain":0.0,"max_hp_loss":0.0,"gold_gain":0.0,"event_name":"Bonfire Elementals","player_choice":"Offered Common","floor":10.0,"gold_loss":0.0,"damage_taken":0.0},{"cards_removed":["Anger"],"damage_healed":5.0,"max_hp_gain":0.0,"max_hp_loss":0.0,"gold_gain":0.0,"event_name":"Bonfire Elementals","player_choice":"Offered Special","floor":10.0,"gold_loss":0.0,"damage_taken":0.0},{"damage_healed":0.0,"max_hp_gain":0.0,"max_hp_loss":0.0,"gold_gain":0.0,"event_name":"FaceTrader","player_choice":"Trade","floor":21.0,"gold_loss":0.0,"damage_taken":0.0,"relics_obtained":["SsserpentHead"]},{"damage_healed":0.0,"max_hp_gain":0.0,"max_hp_loss":0.0,"gold_gain":0.0,"event_name":"Wheel of Change","player_choice":"Damaged","floor":28.0,"gold_loss":0.0,"damage_taken":9.0},{"damage_healed":23.0,"max_hp_gain":0.0,"max_hp_loss":0.0,"gold_gain":0.0,"event_name":"Winding Halls","player_choice":"Writhe","floor":47.0,"gold_loss":0.0,"damage_taken":0.0,"cards_obtained":["Writhe"]}],"is_beta":false,"boss_relics":[{"not_picked":["Tiny House","Black Blood"],"picked":"Mark of Pain"},{"not_picked":["Philosopher\u0027s Stone","Runic Dome"],"picked":"SacredBark"}],"items_purged_floors":[19],"is_endless":false,"potions_floor_spawned":[1,4,12,16,20,23,31,33,36,37,39,48],"ascension_level":0}}