{"host":"f0gpob8hq9vgebej","time":1613724969,"event":{"mods":["AchievementEnabler","BaseMod","Minty Spire (QoL Compilation)","Quick Restart","SuperFastMode"],"gold_per_floor":[15,25,45,58,58,58,72,106,106,106,106,31,56,76,76,76,76],"floor_reached":16,"language":"KOR","playtime":371,"items_purged":["Strike_G"],"score":207,"play_id":"54dbe493-da71-47b8-947e-240555bed9d5","local_time":"20210219175609","is_ascension_mode":true,"campfire_choices":[{"data":"Dagger Spray","floor":6.0,"key":"SMITH"},{"floor":10.0,"key":"REST"},{"data":"Deadly Poison","floor":15.0,"key":"SMITH"}],"circlet_count":0,"master_deck":["AscendersBane","Strike_G","Strike_G","Strike_G","Defend_G","Defend_G","Defend_G","Defend_G","Survivor","Neutralize","Choke","Dagger Spray+1","Dodge and Roll","Cloak And Dagger","Deadly Poison+1","Dagger Throw"],"relics":["Ring of the Snake","Gambling Chip","Bottled Lightning","Mummified Hand"],"acts_visited":["Exordium"],"potions_floor_usage":[16],"damage_taken":[{"damage":2.0,"enemies":"2 Louse","floor":1.0,"turns":3.0},{"damage":5.0,"enemies":"Cultist","floor":2.0,"turns":5.0},{"damage":13.0,"enemies":"Small Slimes","floor":3.0,"turns":3.0},{"damage":2.0,"enemies":"3 Louse","floor":4.0,"turns":4.0},{"damage":16.0,"enemies":"Lots of Slimes","floor":7.0,"turns":4.0},{"damage":17.0,"enemies":"Gremlin Nob","floor":8.0,"turns":4.0},{"damage":17.0,"enemies":"3 Sentries","floor":13.0,"turns":8.0},{"damage":0.0,"enemies":"Looter","floor":14.0,"turns":3.0},{"damage":41,"enemies":"Hexaghost","floor":16,"turns":10}],"seed_played":"1917351033316332362","potions_obtained":[{"floor":4.0,"key":"SkillPotion"},{"floor":7.0,"key":"SmokeBomb"},{"floor":14.0,"key":"ColorlessPotion"}],"is_trial":false,"path_per_floor":["M","M","M","M","?","R","M","E","T","R","?","$","E","M","R","B"],"character_chosen":"THE_SILENT","items_purchased":[],"campfire_rested":1,"item_purchase_floors":[],"current_hp_per_floor":[57,52,39,37,37,37,21,4,4,23,66,66,49,49,49,8,8],"gold":76,"neow_bonus":"REMOVE_TWO","is_daily":false,"chose_seed":false,"campfire_upgraded":2,"win_rate":0.0,"timestamp":1613724969,"path_taken":["M","M","M","M","?","R","M","E","T","R","?","$","E","M","R","BOSS"],"items_purchased_type":[],"build_version":"2020-12-22","purchased_purges":1,"victory":false,"max_hp_per_floor":[66,66,66,66,66,66,66,66,66,66,66,66,66,66,66,66,66],"card_choices":[{"not_picked":["Sucker Punch","Acrobatics","Reflex"],"picked":"SKIP","floor":1.0},{"not_picked":["Outmaneuver","Bane"],"picked":"Choke","floor":2.0},{"not_picked":["Dagger Throw","Slice"],"picked":"Dagger Spray","floor":3.0},{"not_picked":["Prepared","Outmaneuver"],"picked":"Dodge and Roll","floor":4.0},{"not_picked":["Poisoned Stab","Setup"],"picked":"Dash","floor":7.0},{"not_picked":["Catalyst","Endless Agony"],"picked":"Cloak And Dagger","floor":8.0},{"not_picked":["Acrobatics","Deflect"],"picked":"Deadly Poison","floor":13.0},{"not_picked":["Masterful Stab","Flying Knee"],"picked":"Dagger Throw","floor":14.0}],"player_experience":389752,"relics_obtained":[{"floor":8.0,"key":"Gambling Chip"},{"floor":9.0,"key":"Bottled Lightning"},{"floor":13.0,"key":"Mummified Hand"}],"event_choices":[{"damage_healed":0.0,"max_hp_gain":0.0,"max_hp_loss":0.0,"gold_gain":0.0,"event_name":"Liars Game","player_choice":"Ignored","floor":5.0,"gold_loss":0.0,"damage_taken":0.0},{"cards_removed":["Dash"],"damage_healed":43.0,"max_hp_gain":0.0,"max_hp_loss":0.0,"gold_gain":0.0,"event_name":"Bonfire Elementals","player_choice":"Offered Uncommon","floor":11.0,"gold_loss":0.0,"damage_taken":0.0}],"is_beta":false,"boss_relics":[],"items_purged_floors":[12],"is_endless":false,"potions_floor_spawned":[4,7,14],"killed_by":"Hexaghost","ascension_level":17}}