{"host":"11728qvdvolffudn","time":1613748452,"event":{"mods":["BaseMod","Block Reminder","Colored Powertips","Curses Come First","Custom Start","Displayed Cursed Tome","Highlight Path","Minty Spire (QoL Compilation)","Permanent Neow","Quick Restart","Rare Cards Sparkle","Relic Stats","StSLib","Weighted Paths"],"gold_per_floor":[115,130,55,74,74,74,23,48,48,60,72,99,121,147,159,273,285,314,345,381,419,102,102,102,102],"floor_reached":24,"language":"ENG","playtime":642,"items_purged":["Strike_R","Decay"],"score":245,"play_id":"294c5a3d-3c0b-4311-8d2f-fbfb9775f080","local_time":"20210219152732","is_ascension_mode":true,"campfire_choices":[{"data":"Demon Form","floor":6,"key":"SMITH"},{"data":"Defend_R","floor":10,"key":"SMITH"},{"floor":15,"key":"REST"},{"data":"Immolate","floor":23,"key":"SMITH"}],"circlet_count":0,"master_deck":["Strike_R+1","Strike_R","Strike_R","Strike_R","Defend_R","Defend_R+1","Defend_R+1","Defend_R","Bash","Demon Form+1","Cleave","Pummel","Flex","Pummel","Immolate+1","Pummel"],"relics":["Burning Blood","Frozen Egg 2","MawBank","Philosopher\u0027s Stone","MealTicket","Red Mask","Orichalcum"],"acts_visited":["Exordium","TheCity"],"potions_floor_usage":[16,18],"damage_taken":[{"damage":11,"enemies":"Cultist","floor":1,"turns":4},{"damage":3,"enemies":"Small Slimes","floor":2,"turns":3},{"damage":7,"enemies":"Jaw Worm","floor":4,"turns":3},{"damage":27,"enemies":"3 Sentries","floor":8,"turns":7},{"damage":11,"enemies":"Looter","floor":12,"turns":3},{"damage":13,"enemies":"Blue Slaver","floor":13,"turns":4},{"damage":7,"enemies":"2 Fungi Beasts","floor":14,"turns":3},{"damage":14,"enemies":"Slime Boss","floor":16,"turns":6},{"damage":37,"enemies":"2 Thieves","floor":18,"turns":4},{"damage":30,"enemies":"Spheric Guardian","floor":19,"turns":4},{"damage":0,"enemies":"Masked Bandits","floor":21,"turns":2},{"damage":53,"enemies":"Slavers","floor":24,"turns":3}],"seed_played":"-8913015861568245275","potions_obtained":[{"floor":4,"key":"PowerPotion"},{"floor":12,"key":"Regen Potion"},{"floor":14,"key":"Ancient Potion"}],"is_trial":false,"path_per_floor":["M","M","$","M","?","R","$","E","T","R","?","M","M","M","R","B",null,"M","M","T","?","$","R","E"],"character_chosen":"IRONCLAD","items_purchased":["Flex","Pummel","Orichalcum"],"campfire_rested":1,"item_purchase_floors":[7,22,22],"current_hp_per_floor":[75,78,78,77,61,61,61,40,40,40,40,35,28,27,51,43,71,49,25,25,31,46,46,0,0],"gold":102,"neow_bonus":"ONE_RANDOM_RARE_CARD","is_daily":false,"chose_seed":false,"campfire_upgraded":3,"win_rate":0.0,"timestamp":1613748452,"path_taken":["M","M","?","M","?","R","$","E","T","R","?","M","?","M","R","BOSS","M","M","?","?","$","R","E"],"items_purchased_type":["Card","Card","Relic"],"build_version":"2020-12-22","purchased_purges":2,"victory":false,"max_hp_per_floor":[80,80,80,80,80,80,80,80,80,80,80,80,80,80,80,80,80,80,80,80,80,80,80,80,80],"relic_stats":{"counters":[12,46],"MealTicket":15,"Orichalcum":[18],"MawBank":156,"obtain_stats":[{"Philosopher\u0027s Stone":17,"MealTicket":20,"Red Mask":21,"Frozen Egg 2":8,"Orichalcum":22,"MawBank":9,"Burning Blood":0},{"Philosopher\u0027s Stone":8,"MealTicket":10,"Red Mask":11,"Frozen Egg 2":4,"Orichalcum":11,"MawBank":4,"Burning Blood":0},{"Philosopher\u0027s Stone":33,"MealTicket":41,"Red Mask":43,"Frozen Egg 2":17,"Orichalcum":43,"MawBank":17,"Burning Blood":0}],"Burning Blood":66},"card_choices":[{"not_picked":["Headbutt","Uppercut"],"picked":"Cleave","floor":1},{"not_picked":["Headbutt","Dual Wield"],"picked":"Pummel","floor":2},{"not_picked":["Combust","Body Slam","Thunderclap"],"picked":"SKIP","floor":4},{"not_picked":["Twin Strike","Dark Embrace+1","Hemokinesis"],"picked":"SKIP","floor":8},{"not_picked":["True Grit","Armaments"],"picked":"Pummel","floor":12},{"not_picked":["Wild Strike","Hemokinesis","Juggernaut+1"],"picked":"SKIP","floor":13},{"not_picked":["Warcry","Flame Barrier","Iron Wave"],"picked":"SKIP","floor":14},{"not_picked":["Berserk+1","Juggernaut+1"],"picked":"Immolate","floor":16},{"not_picked":["Iron Wave","Heavy Blade","Shockwave+1"],"picked":"SKIP","floor":18},{"not_picked":["Spot Weakness+1","Heavy Blade","Havoc"],"picked":"SKIP","floor":19}],"player_experience":224249,"relics_obtained":[{"floor":8,"key":"Frozen Egg 2"},{"floor":9,"key":"MawBank"},{"floor":20,"key":"MealTicket"},{"floor":21,"key":"Red Mask"}],"event_choices":[{"damage_healed":0,"gold_gain":0,"player_choice":"Entered Light","damage_taken":16,"max_hp_gain":0,"max_hp_loss":0,"event_name":"Shining Light","floor":5,"gold_loss":0,"cards_upgraded":["Strike_R","Defend_R"]},{"damage_healed":0,"gold_gain":0,"player_choice":"Cursed","damage_taken":0,"max_hp_gain":0,"max_hp_loss":0,"event_name":"Wheel of Change","floor":11,"gold_loss":0,"cards_obtained":["Decay"]},{"damage_healed":0,"gold_gain":0,"player_choice":"Fought Bandits","damage_taken":0,"max_hp_gain":0,"max_hp_loss":0,"event_name":"Masked Bandits","floor":21,"gold_loss":0}],"is_beta":false,"boss_relics":[{"not_picked":["Runic Cube","Coffee Dripper"],"picked":"Philosopher\u0027s Stone"}],"items_purged_floors":[3,22],"is_endless":false,"potions_floor_spawned":[4,12,14],"killed_by":"Slavers","ascension_level":5}}