{"host":"8is2j71l4wmybkoi","time":1613715870,"event":{"mods":["AchievementEnabler","BaseMod","Colored Map","DeckTracker","Minty Spire (QoL Compilation)","Rare Cards Sparkle","Relic Stats","StSLib","SuperFastMode"],"gold_per_floor":[113,131,131,158,168,195,195,227,227,227,261,273,285,321,333,419,431,455,486,163,182,182,182],"floor_reached":22,"language":"KOR","playtime":624,"items_purged":["Strike_B"],"score":357,"play_id":"48d49ef0-be70-4dc2-957a-cb2d5eed581c","local_time":"20210219152430","is_ascension_mode":true,"campfire_choices":[{"floor":7.0,"key":"REST"},{"data":"Zap","floor":15,"key":"SMITH"}],"circlet_count":0,"master_deck":["AscendersBane","Strike_B","Strike_B","Defend_B","Defend_B","Defend_B","Defend_B","Zap+1","Dualcast","Lockon","Ball Lightning","BootSequence","Tempest","Cold Snap","Loop","Lockon","Creative AI","Beam Cell","Compile Driver+1","Gash","Heatsinks"],"relics":["Cracked Core","Bag of Marbles","Centennial Puzzle","Tiny Chest","Omamori","Shuriken","MawBank","Toy Ornithopter","Cursed Key","PreservedInsect"],"acts_visited":["Exordium","TheCity"],"potions_floor_usage":[12,21,22],"damage_taken":[{"damage":3.0,"enemies":"2 Louse","floor":1.0,"turns":2.0},{"damage":2.0,"enemies":"Jaw Worm","floor":2.0,"turns":3.0},{"damage":9.0,"enemies":"Small Slimes","floor":5.0,"turns":4.0},{"damage":17.0,"enemies":"3 Sentries","floor":6.0,"turns":6.0},{"damage":25.0,"enemies":"Lagavulin","floor":8.0,"turns":6.0},{"damage":18.0,"enemies":"Gremlin Nob","floor":11.0,"turns":3.0},{"damage":0,"enemies":"2 Fungi Beasts","floor":12,"turns":1},{"damage":10,"enemies":"Hexaghost","floor":16,"turns":9},{"damage":27,"enemies":"Spheric Guardian","floor":18,"turns":5},{"damage":7,"enemies":"Shell Parasite","floor":19,"turns":3},{"damage":21,"enemies":"3 Cultists","floor":21,"turns":4},{"damage":16,"enemies":"Snake Plant","floor":22,"turns":3}],"seed_played":"6074138077182882363","potions_obtained":[{"floor":1.0,"key":"CultistPotion"},{"floor":2.0,"key":"BlessingOfTheForge"},{"floor":10.0,"key":"SmokeBomb"},{"floor":10.0,"key":"Swift Potion"},{"floor":19,"key":"Swift Potion"}],"is_trial":false,"path_per_floor":["M","M","?","T","M","E","R","E","T","?","E","M","?","T","R","B",null,"M","M","$","M","M"],"character_chosen":"DEFECT","items_purchased":["PreservedInsect","Explosive Potion","Gash"],"campfire_rested":1,"item_purchase_floors":[20,20,20],"current_hp_per_floor":[61,59,59,59,50,33,54,29,29,29,11,11,11,11,11,1,54,27,20,20,4,0,0],"gold":182,"neow_bonus":"RANDOM_COMMON_RELIC","is_daily":false,"chose_seed":false,"campfire_upgraded":1,"win_rate":0.0,"timestamp":1613715870,"path_taken":["M","M","?","?","M","E","R","E","T","?","E","?","?","?","R","BOSS","M","M","$","M","M"],"items_purchased_type":["Relic","Potion","Card"],"build_version":"2020-12-22","purchased_purges":1,"victory":false,"max_hp_per_floor":[71,71,71,71,71,71,71,71,71,71,71,71,71,71,71,71,71,71,71,71,71,71,71],"relic_stats":{"Centennial Puzzle":[27],"counters":[12,49],"Shuriken":[6],"Tiny Chest":1,"PreservedInsect":0,"MawBank":108,"Cursed Key":0,"obtain_stats":[{"Centennial Puzzle":4,"Shuriken":9,"Tiny Chest":6,"PreservedInsect":20,"Bag of Marbles":0,"Omamori":8,"Cracked Core":0,"MawBank":11,"Cursed Key":17,"Toy Ornithopter":14},{"Centennial Puzzle":2,"Shuriken":5,"Tiny Chest":4,"PreservedInsect":10,"Bag of Marbles":0,"Omamori":5,"Cracked Core":0,"MawBank":6,"Cursed Key":8,"Toy Ornithopter":7},{"Centennial Puzzle":5,"Shuriken":21,"Tiny Chest":15,"PreservedInsect":42,"Bag of Marbles":0,"Omamori":21,"Cracked Core":0,"MawBank":24,"Cursed Key":34,"Toy Ornithopter":25}],"Toy Ornithopter":10},"card_choices":[{"not_picked":["Heatsinks","Gash"],"picked":"Lockon","floor":1.0},{"not_picked":["Compile Driver","Leap"],"picked":"Ball Lightning","floor":2.0},{"not_picked":["Tempest","Compile Driver"],"picked":"BootSequence","floor":5.0},{"not_picked":["Steam","Doom and Gloom"],"picked":"Tempest","floor":6.0},{"not_picked":["Lockon","Sunder"],"picked":"Cold Snap","floor":8.0},{"not_picked":["Steam","BootSequence"],"picked":"Loop","floor":11.0},{"not_picked":["Core Surge","Rainbow"],"picked":"Creative AI","floor":16},{"not_picked":["White Noise","Capacitor"],"picked":"Beam Cell","floor":18},{"not_picked":["Sweeping Beam+1","Consume"],"picked":"Compile Driver+1","floor":19},{"not_picked":["Ball Lightning","Rebound"],"picked":"Heatsinks","floor":21}],"player_experience":1239735,"relics_obtained":[{"floor":4.0,"key":"Centennial Puzzle"},{"floor":6.0,"key":"Tiny Chest"},{"floor":8.0,"key":"Omamori"},{"floor":9.0,"key":"Shuriken"},{"floor":11.0,"key":"MawBank"},{"floor":14,"key":"Toy Ornithopter"}],"event_choices":[{"damage_healed":0.0,"max_hp_gain":0.0,"max_hp_loss":0.0,"gold_gain":0.0,"event_name":"Liars Game","player_choice":"Ignored","floor":3.0,"gold_loss":0.0,"damage_taken":0.0},{"damage_healed":0.0,"max_hp_gain":0.0,"max_hp_loss":0.0,"gold_gain":0.0,"event_name":"Lab","player_choice":"Got Potions","floor":10.0,"gold_loss":0.0,"damage_taken":0.0},{"damage_healed":0,"gold_gain":0,"cards_transformed":["Strike_B"],"player_choice":"Transformed","damage_taken":0,"max_hp_gain":0,"max_hp_loss":0,"event_name":"Transmorgrifier","floor":13,"gold_loss":0,"cards_obtained":["Lockon"]}],"is_beta":false,"boss_relics":[{"not_picked":["Runic Pyramid","Black Star"],"picked":"Cursed Key"}],"items_purged_floors":[20],"is_endless":false,"potions_floor_spawned":[1,2,5,12,19],"killed_by":"Snake Plant","ascension_level":15}}