{"host":"1focbxb2e8qu7ccd","time":1613764957,"event":{"mods":["AchievementEnabler","BaseMod","Bestiary","Highlight Path","Minty Spire (QoL Compilation)","Relic Stats"],"gold_per_floor":[114,125,125,140,160,160,195,66,66,66,66,101,101,118,118,192,192,205,15,15,15,25,25,75,109,135,152,152,152],"floor_reached":28,"language":"ENG","playtime":1381,"items_purged":["Strike_G","Strike_G"],"score":492,"play_id":"3dd9a88e-0882-4155-ae55-fb02e8382251","local_time":"20210219150237","is_ascension_mode":true,"campfire_choices":[{"data":"Choke","floor":6,"key":"SMITH"},{"data":"Blade Dance","floor":11,"key":"SMITH"},{"data":"Sucker Punch","floor":15,"key":"SMITH"},{"data":"Envenom","floor":23,"key":"SMITH"}],"circlet_count":0,"master_deck":["AscendersBane","Strike_G+1","Defend_G","Defend_G","Defend_G","Defend_G","Survivor","Neutralize","Sucker Punch+1","Poisoned Stab+1","Choke+1","Calculated Gamble","Masterful Stab+1","Blade Dance+1","A Thousand Cuts+1","Prepared","Envenom+1","Footwork","Backflip","Glass Knife","Outmaneuver+1"],"relics":["Ring of the Snake","Ancient Tea Set","Whetstone","Juzu Bracelet","Blue Candle","Busted Crown","MealTicket","Smiling Mask"],"acts_visited":["Exordium","TheCity"],"potions_floor_usage":[16,18,27,28],"damage_taken":[{"damage":7.0,"enemies":"Cultist","floor":1.0,"turns":6.0},{"damage":5.0,"enemies":"Jaw Worm","floor":2.0,"turns":6.0},{"damage":0.0,"enemies":"2 Louse","floor":4.0,"turns":2.0},{"damage":0,"enemies":"2 Fungi Beasts","floor":5,"turns":3},{"damage":6,"enemies":"Gremlin Nob","floor":7,"turns":3},{"damage":9,"enemies":"Lagavulin","floor":12,"turns":4},{"damage":0,"enemies":"Looter","floor":14,"turns":2},{"damage":4,"enemies":"Hexaghost","floor":16,"turns":7},{"damage":0,"enemies":"Shell Parasite","floor":18,"turns":3},{"damage":8,"enemies":"3 Byrds","floor":22,"turns":4},{"damage":9,"enemies":"Book of Stabbing","floor":25,"turns":4},{"damage":27,"enemies":"Shelled Parasite and Fungi","floor":27,"turns":4},{"damage":10,"enemies":"Gremlin Leader","floor":28,"turns":2}],"seed_played":"-394716357232501635","potions_obtained":[{"floor":7,"key":"Poison Potion"},{"floor":16,"key":"DuplicationPotion"},{"floor":18,"key":"Strength Potion"},{"floor":27,"key":"Dexterity Potion"}],"is_trial":false,"path_per_floor":["M","M","?","M","M","R","E","$","T","?","R","E","?","M","R","B",null,"M","$","?","?","M","R","?","E","T","M","E"],"character_chosen":"THE_SILENT","items_purchased":["Block Potion","Footwork"],"campfire_rested":0,"item_purchase_floors":[8,19],"current_hp_per_floor":[52,47,47,47,47,47,41,41,41,21,21,12,12,12,12,8,52,52,52,52,52,44,44,44,35,35,8,0,0],"gold":152,"neow_bonus":"RANDOM_COMMON_RELIC","is_daily":false,"chose_seed":false,"campfire_upgraded":4,"win_rate":0.0,"timestamp":1613764957,"path_taken":["M","M","?","?","M","R","E","$","T","?","R","E","?","M","R","BOSS","M","$","?","?","M","R","?","E","T","M","E"],"items_purchased_type":["Potion","Card"],"build_version":"2020-12-22","purchased_purges":2,"victory":false,"max_hp_per_floor":[66,66,66,66,66,66,66,66,66,66,66,66,66,66,66,66,66,66,66,66,66,66,66,66,66,66,66,66,66],"relic_stats":{"Busted Crown":8,"counters":[13,50],"Blue Candle":[0],"MealTicket":0,"Juzu Bracelet":3,"Whetstone":["Strike_G","Masterful Stab"],"Smiling Mask":0,"obtain_stats":[{"Busted Crown":17,"Blue Candle":12,"MealTicket":25,"Juzu Bracelet":9,"Whetstone":7,"Ancient Tea Set":0,"Smiling Mask":26,"Ring of the Snake":0},{"Busted Crown":8,"Blue Candle":6,"MealTicket":11,"Juzu Bracelet":5,"Whetstone":5,"Ancient Tea Set":0,"Smiling Mask":11,"Ring of the Snake":0},{"Busted Crown":33,"Blue Candle":24,"MealTicket":44,"Juzu Bracelet":20,"Whetstone":20,"Ancient Tea Set":0,"Smiling Mask":44,"Ring of the Snake":0}],"Ring of the Snake":[26]},"card_choices":[{"not_picked":["Outmaneuver","Infinite Blades"],"picked":"Sucker Punch","floor":1.0},{"not_picked":["Cloak And Dagger","Calculated Gamble"],"picked":"Poisoned Stab","floor":2.0},{"not_picked":["Eviscerate","Acrobatics"],"picked":"Calculated Gamble","floor":4.0},{"not_picked":["Endless Agony","Blur"],"picked":"Masterful Stab","floor":5},{"not_picked":["Dodge and Roll","Footwork"],"picked":"Blade Dance","floor":7},{"not_picked":["Quick Slash","Calculated Gamble"],"picked":"A Thousand Cuts","floor":12},{"not_picked":["Deadly Poison","Crippling Poison"],"picked":"Prepared","floor":14},{"not_picked":["Night Terror","Grand Finale"],"picked":"Envenom","floor":16},{"not_picked":["Caltrops"],"picked":"SKIP","floor":18},{"not_picked":[],"picked":"Backflip","floor":22},{"not_picked":[],"picked":"Glass Knife","floor":25},{"not_picked":[],"picked":"Outmaneuver+1","floor":27}],"player_experience":1023042,"relics_obtained":[{"floor":7,"key":"Whetstone"},{"floor":9,"key":"Juzu Bracelet"},{"floor":12,"key":"Blue Candle"},{"floor":25,"key":"MealTicket"},{"floor":26,"key":"Smiling Mask"}],"event_choices":[{"damage_healed":0.0,"max_hp_gain":0.0,"max_hp_loss":0.0,"gold_gain":0.0,"cards_transformed":["Strike_G"],"event_name":"Transmorgrifier","player_choice":"Transformed","floor":3.0,"gold_loss":0.0,"damage_taken":0.0,"cards_obtained":["Choke"]},{"damage_healed":0,"gold_gain":0,"player_choice":"Entered Light","damage_taken":20,"max_hp_gain":0,"max_hp_loss":0,"event_name":"Shining Light","floor":10,"gold_loss":0,"cards_upgraded":["Poisoned Stab","Strike_G"]},{"damage_healed":0,"gold_gain":0,"player_choice":"Upgraded","damage_taken":0,"max_hp_gain":0,"max_hp_loss":0,"event_name":"Upgrade Shrine","floor":13,"gold_loss":0,"cards_upgraded":["A Thousand Cuts"]},{"cards_removed":["Defend_G"],"damage_healed":0,"gold_gain":0,"player_choice":"Purged","damage_taken":0,"max_hp_gain":0,"max_hp_loss":0,"event_name":"Purifier","floor":20,"gold_loss":0},{"cards_removed":["Strike_G"],"damage_healed":0,"gold_gain":0,"player_choice":"Offered Basic","damage_taken":0,"max_hp_gain":0,"max_hp_loss":0,"event_name":"Bonfire Elementals","floor":21,"gold_loss":0},{"damage_healed":0,"gold_gain":50,"player_choice":"Stole From Cult","damage_taken":0,"max_hp_gain":0,"max_hp_loss":0,"event_name":"Nest","floor":24,"gold_loss":0}],"is_beta":false,"boss_relics":[{"not_picked":["Velvet Choker","Tiny House"],"picked":"Busted Crown"}],"items_purged_floors":[8,19],"is_endless":false,"potions_floor_spawned":[7,12,14,16,18,27],"killed_by":"Gremlin Leader","ascension_level":20}}