{"host":"ocllwaoi18j60ltd","time":1613747624,"event":{"mods":["BaseMod","DeckTracker","Minty Spire (QoL Compilation)","Permanent Neow","Quick Restart","StSLib","SuperFastMode"],"gold_per_floor":[114,264,339,366,366,395,409,409,432,432,445,462,124,158,158,237,237,247,281,281,107,125,125,125],"floor_reached":23,"language":"KOR","playtime":429,"items_purged":["Strike_B","Hyperbeam"],"score":444,"play_id":"a3be2d10-dccd-4277-991e-b5a994606153","local_time":"20210220001344","is_ascension_mode":true,"campfire_choices":[{"data":"Dualcast","floor":8.0,"key":"SMITH"},{"data":"Zap","floor":10.0,"key":"SMITH"},{"data":"Skim","floor":15.0,"key":"SMITH"}],"circlet_count":0,"master_deck":["AscendersBane","Strike_B+1","Defend_B","Defend_B","Defend_B","Defend_B","Zap+1","Dualcast+1","Undo","Doom and Gloom+1","Cold Snap","Self Repair","Skim+1","Capacitor","Ball Lightning","Core Surge","Consume","Creative AI","Dualcast+1","Cold Snap","Ball Lightning"],"relics":["Cracked Core","NeowsBlessing","Toy Ornithopter","Akabeko","Ancient Tea Set","Membership Card","Whetstone","Snecko Eye","Red Mask","DollysMirror"],"acts_visited":["Exordium","TheCity"],"potions_floor_usage":[23],"damage_taken":[{"damage":0.0,"enemies":"Small Slimes","floor":1.0,"turns":1.0},{"damage":0.0,"enemies":"Lagavulin","floor":6.0,"turns":1.0},{"damage":0.0,"enemies":"2 Louse","floor":7.0,"turns":1.0},{"damage":0.0,"enemies":"Jaw Worm","floor":11.0,"turns":2.0},{"damage":0.0,"enemies":"2 Fungi Beasts","floor":12.0,"turns":2.0},{"damage":5.0,"enemies":"3 Sentries","floor":14.0,"turns":3.0},{"damage":33.0,"enemies":"Hexaghost","floor":16.0,"turns":9.0},{"damage":11.0,"enemies":"2 Thieves","floor":18.0,"turns":3.0},{"damage":39.0,"enemies":"Masked Bandits","floor":19.0,"turns":4.0},{"damage":8.0,"enemies":"Shell Parasite","floor":22.0,"turns":4.0},{"damage":31,"enemies":"Gremlin Leader","floor":23,"turns":6}],"seed_played":"-5245229269140739983","potions_obtained":[{"floor":1.0,"key":"Dexterity Potion"},{"floor":7.0,"key":"Block Potion"},{"floor":14.0,"key":"AttackPotion"},{"floor":22.0,"key":"BlessingOfTheForge"}],"is_trial":false,"path_per_floor":["M","?","?","T","?","E","M","R","T","R","M","M","$","E","R","B",null,"M","?","?","$","M","E"],"character_chosen":"DEFECT","items_purchased":["Capacitor","Ball Lightning","Membership Card","DollysMirror","Cold Snap","Ball Lightning"],"campfire_rested":0,"item_purchase_floors":[13,13,13,21,21,21],"current_hp_per_floor":[64,64,53,53,46,46,46,46,46,46,46,53,53,53,53,25,60,49,17,17,17,21,0,0],"gold":125,"neow_bonus":"THREE_ENEMY_KILL","is_daily":false,"chose_seed":false,"campfire_upgraded":3,"win_rate":0.0,"timestamp":1613747624,"path_taken":["M","?","?","?","?","E","M","R","T","R","M","M","$","E","R","BOSS","M","?","?","$","M","E"],"items_purchased_type":["Card","Card","Relic","Relic","Card","Card"],"build_version":"2020-12-22","purchased_purges":2,"victory":false,"max_hp_per_floor":[71,71,71,71,71,71,71,71,71,71,71,71,71,71,71,71,71,71,71,71,71,71,71,71],"card_choices":[{"not_picked":["Steam","Beam Cell"],"picked":"Undo","floor":1.0},{"not_picked":["Capacitor","Chill"],"picked":"Doom and Gloom","floor":6.0},{"not_picked":["Barrage","Hologram"],"picked":"Cold Snap","floor":7.0},{"not_picked":["Conserve Battery","Chill"],"picked":"Self Repair","floor":11.0},{"not_picked":["Reboot","Barrage"],"picked":"Skim","floor":12.0},{"not_picked":["Recycle","Go for the Eyes","Reprogram"],"picked":"SKIP","floor":14.0},{"not_picked":["Buffer","All For One"],"picked":"Core Surge","floor":16.0},{"not_picked":["Rebound","Gash+1","Sweeping Beam"],"picked":"SKIP","floor":18.0},{"not_picked":["Gash","Go for the Eyes"],"picked":"Consume","floor":19.0},{"not_picked":["Lockon","Static Discharge","Melter"],"picked":"SKIP","floor":22.0}],"player_experience":855225,"relics_obtained":[{"floor":4.0,"key":"Toy Ornithopter"},{"floor":6.0,"key":"Akabeko"},{"floor":9.0,"key":"Ancient Tea Set"},{"floor":14.0,"key":"Whetstone"},{"floor":19.0,"key":"Red Mask"}],"event_choices":[{"damage_healed":0.0,"max_hp_gain":0.0,"max_hp_loss":0.0,"gold_gain":150.0,"event_name":"Liars Game","player_choice":"AGREE","floor":2.0,"gold_loss":0.0,"damage_taken":0.0,"cards_obtained":["Doubt"]},{"damage_healed":0.0,"max_hp_gain":0.0,"max_hp_loss":0.0,"gold_gain":75.0,"event_name":"World of Goop","player_choice":"Gather Gold","floor":3.0,"gold_loss":0.0,"damage_taken":11.0},{"cards_removed":["Doubt"],"damage_healed":0.0,"max_hp_gain":0.0,"max_hp_loss":0.0,"gold_gain":0.0,"event_name":"Golden Wing","player_choice":"Card Removal","floor":5.0,"gold_loss":0.0,"damage_taken":7.0},{"damage_healed":0.0,"max_hp_gain":0.0,"max_hp_loss":0.0,"gold_gain":0.0,"event_name":"Masked Bandits","player_choice":"Fought Bandits","floor":19.0,"gold_loss":0.0,"damage_taken":0.0},{"damage_healed":0.0,"max_hp_gain":0.0,"max_hp_loss":0.0,"gold_gain":0.0,"cards_transformed":["Strike_B","Strike_B"],"event_name":"Drug Dealer","player_choice":"Became Test Subject","floor":20.0,"gold_loss":0.0,"damage_taken":0.0,"cards_obtained":["Hyperbeam","Creative AI"]}],"is_beta":false,"boss_relics":[{"not_picked":["Busted Crown","Fusion Hammer"],"picked":"Snecko Eye"}],"items_purged_floors":[13,21],"is_endless":false,"potions_floor_spawned":[1,7,11,12,14,22],"killed_by":"Gremlin Leader","ascension_level":20}}