{"host":"zxkjcgzis4pm3za5","time":1613762320,"event":{"mods":["2.2 Compatiblity","AchievementEnabler","BaseMod","Colored Map","Colored Powertips","Minty Spire (QoL Compilation)","Quick Restart","Random Character Button","Relic Filter Mod","Relic Sorter","Relic Stats","StSLib"],"gold_per_floor":[109,123,173,186,204,232,232,232,232,232,268,268,308,321,321,411,411,432,352,73,94,94,113,113,113],"floor_reached":24,"language":"ENG","playtime":810,"items_purged":[],"score":432,"play_id":"c4ce208e-17a9-4a12-8133-21bd53b38232","local_time":"20210220004840","is_ascension_mode":true,"campfire_choices":[{"data":"Blood for Blood","floor":7.0,"key":"SMITH"},{"data":"Feel No Pain","floor":10.0,"key":"SMITH"},{"data":"Rage","floor":12,"key":"SMITH"},{"floor":15,"key":"REST"}],"circlet_count":0,"master_deck":["AscendersBane","Strike_R","Strike_R","Strike_R","Strike_R","Defend_R","Defend_R","Defend_R","Defend_R","Bash","Blood for Blood+1","Feel No Pain+1","Burning Pact","Clothesline","Rage+1","Whirlwind","Pommel Strike","Double Tap","Armaments","Shrug It Off","True Grit","Dark Embrace"],"relics":["Burning Blood","Torii","Boot","Golden Idol","Meat on the Bone","Mummified Hand","Gremlin Horn","Mark of Pain","Shuriken"],"acts_visited":["Exordium","TheCity"],"potions_floor_usage":[11,14,16,16,19,19,21],"damage_taken":[{"damage":6.0,"enemies":"Cultist","floor":1.0,"turns":3.0},{"damage":11.0,"enemies":"Small Slimes","floor":2.0,"turns":3.0},{"damage":2.0,"enemies":"Jaw Worm","floor":4.0,"turns":4.0},{"damage":11.0,"enemies":"Red Slaver","floor":5.0,"turns":5.0},{"damage":25.0,"enemies":"3 Sentries","floor":6.0,"turns":12.0},{"damage":21,"enemies":"Lagavulin","floor":11,"turns":6},{"damage":26,"enemies":"Gremlin Nob","floor":13,"turns":4},{"damage":16,"enemies":"Exordium Wildlife","floor":14,"turns":5},{"damage":42,"enemies":"The Guardian","floor":16,"turns":11},{"damage":36,"enemies":"3 Byrds","floor":18,"turns":6},{"damage":13,"enemies":"2 Thieves","floor":19,"turns":4},{"damage":8,"enemies":"Snake Plant","floor":21,"turns":5},{"damage":33,"enemies":"Centurion and Healer","floor":23,"turns":6},{"damage":43,"enemies":"Book of Stabbing","floor":24,"turns":6}],"seed_played":"-8932054320988489315","potions_obtained":[{"floor":4.0,"key":"PowerPotion"},{"floor":5.0,"key":"LiquidBronze"},{"floor":11,"key":"BlessingOfTheForge"},{"floor":13,"key":"LiquidMemories"},{"floor":14,"key":"AttackPotion"},{"floor":18,"key":"EntropicBrew"},{"floor":21,"key":"DuplicationPotion"}],"is_trial":false,"path_per_floor":["M","M","?","M","M","E","R","?","T","R","E","R","E","M","R","B",null,"M","M","$","M","?","M","E"],"character_chosen":"IRONCLAD","items_purchased":["Shuriken"],"campfire_rested":1,"item_purchase_floors":[20],"current_hp_per_floor":[68,63,57,61,56,37,37,37,37,37,34,34,26,28,46,22,52,34,39,39,49,49,34,0,0],"gold":113,"neow_bonus":"ONE_RARE_RELIC","is_daily":false,"chose_seed":false,"campfire_upgraded":3,"win_rate":0.0,"timestamp":1613762320,"path_taken":["M","M","?","?","M","E","R","?","T","R","E","R","E","M","R","BOSS","M","M","$","M","?","M","E"],"items_purchased_type":["Relic"],"build_version":"2020-12-22","purchased_purges":0,"victory":false,"max_hp_per_floor":[68,68,68,68,68,68,68,62,62,62,62,62,62,62,62,62,62,62,62,62,62,62,62,62,62],"relic_stats":{"Torii":82,"Gremlin Horn":[4,4],"counters":[14,80],"Golden Idol":48,"Mummified Hand":[7],"Shuriken":[3],"Boot":[32],"obtain_stats":[{"Torii":0,"Gremlin Horn":13,"Golden Idol":8,"Mummified Hand":11,"Shuriken":20,"Mark of Pain":17,"Boot":6,"Burning Blood":0,"Meat on the Bone":9},{"Torii":0,"Gremlin Horn":7,"Golden Idol":5,"Mummified Hand":6,"Shuriken":11,"Mark of Pain":9,"Boot":5,"Burning Blood":0,"Meat on the Bone":5},{"Torii":0,"Gremlin Horn":37,"Golden Idol":27,"Mummified Hand":33,"Shuriken":63,"Mark of Pain":53,"Boot":27,"Burning Blood":0,"Meat on the Bone":27}],"Burning Blood":78,"Meat on the Bone":96},"card_choices":[{"not_picked":["Wild Strike","Searing Blow","Dual Wield"],"picked":"SKIP","floor":1.0},{"not_picked":["Warcry","Armaments"],"picked":"Blood for Blood","floor":2.0},{"not_picked":["Sword Boomerang","Second Wind"],"picked":"Feel No Pain","floor":4.0},{"not_picked":["Warcry","Flex"],"picked":"Burning Pact","floor":5.0},{"not_picked":["Warcry","Sword Boomerang"],"picked":"Clothesline","floor":6.0},{"not_picked":["True Grit","Intimidate"],"picked":"Rage","floor":11},{"not_picked":["Burning Pact","Fire Breathing"],"picked":"Whirlwind","floor":13},{"not_picked":["Havoc","Dual Wield"],"picked":"Pommel Strike","floor":14},{"not_picked":["Bludgeon","Fiend Fire"],"picked":"Double Tap","floor":16},{"not_picked":["Body Slam","Thunderclap"],"picked":"Armaments","floor":18},{"not_picked":["Pommel Strike","Seeing Red"],"picked":"Shrug It Off","floor":19},{"not_picked":["Sentinel","Pommel Strike"],"picked":"True Grit","floor":21},{"not_picked":["Armaments","Dropkick"],"picked":"Dark Embrace","floor":23}],"player_experience":402289,"relics_obtained":[{"floor":6.0,"key":"Boot"},{"floor":9.0,"key":"Meat on the Bone"},{"floor":11,"key":"Mummified Hand"},{"floor":13,"key":"Gremlin Horn"}],"event_choices":[{"damage_healed":0.0,"max_hp_gain":0.0,"max_hp_loss":0.0,"gold_gain":50.0,"event_name":"FaceTrader","player_choice":"Touch","floor":3.0,"gold_loss":0.0,"damage_taken":6.0},{"damage_healed":0.0,"max_hp_gain":0.0,"max_hp_loss":6.0,"gold_gain":0.0,"event_name":"Golden Idol","player_choice":"Lose Max HP","floor":8.0,"gold_loss":0.0,"damage_taken":0.0,"relics_obtained":["Golden Idol"]},{"cards_removed":["Strike_R"],"damage_healed":0,"gold_gain":0,"player_choice":"Offered Basic","damage_taken":0,"max_hp_gain":0,"max_hp_loss":0,"event_name":"Bonfire Elementals","floor":22,"gold_loss":0}],"is_beta":false,"boss_relics":[{"not_picked":["Sozu","Black Blood"],"picked":"Mark of Pain"}],"items_purged_floors":[],"is_endless":false,"potions_floor_spawned":[4,5,11,13,14,18,21],"killed_by":"Book of Stabbing","ascension_level":20}}