{"host":"fbdlh90rovbiajun","time":1613722441,"event":{"mods":["AchievementEnabler","BaseMod","Colored Map","Keyboard Shortcuts","Minty Spire (QoL Compilation)","SuperFastMode"],"gold_per_floor":[112,112,123,48,63,90,90,101,126,155,155,171,171,171,171,171,171],"floor_reached":16,"language":"KOR","playtime":352,"items_purged":["Regret"],"score":116,"play_id":"3cdf1083-881f-4fbc-bb4f-45d92071f7be","local_time":"20210219171401","is_ascension_mode":true,"campfire_choices":[{"data":"Eruption","floor":7,"key":"SMITH"},{"floor":11,"key":"REST"},{"data":"Vigilance","floor":15,"key":"SMITH"}],"circlet_count":0,"master_deck":["Strike_P","Strike_P","Strike_P","Strike_P","Defend_P","Defend_P","Defend_P","Defend_P","Eruption+1","Vigilance+1","InnerPeace","WindmillStrike","FearNoEvil","MentalFortress","Parasite"],"relics":["PureWater","NeowsBlessing","Centennial Puzzle","PreservedInsect","Strawberry","Bronze Scales","Golden Idol"],"acts_visited":["Exordium"],"potions_floor_usage":[10,16],"damage_taken":[{"damage":0,"enemies":"Jaw Worm","floor":1,"turns":1},{"damage":0,"enemies":"2 Louse","floor":3,"turns":1},{"damage":0,"enemies":"Cultist","floor":5,"turns":1},{"damage":56,"enemies":"Gremlin Nob","floor":6,"turns":4},{"damage":10,"enemies":"Looter","floor":8,"turns":3},{"damage":4,"enemies":"3 Sentries","floor":10,"turns":3},{"damage":8,"enemies":"Large Slime","floor":12,"turns":4},{"damage":24,"enemies":"Slime Boss","floor":16,"turns":10}],"seed_played":"-4430877242834185378","potions_obtained":[{"floor":1,"key":"SkillPotion"},{"floor":6,"key":"SpeedPotion"},{"floor":10,"key":"SmokeBomb"}],"is_trial":false,"path_per_floor":["M","?","M","$","M","E","R","M","T","E","R","M","?","?","R","B"],"character_chosen":"WATCHER","items_purchased":[],"campfire_rested":1,"item_purchase_floors":[],"current_hp_per_floor":[72,72,72,72,72,16,16,6,13,9,32,24,5,24,24,0,0],"gold":171,"neow_bonus":"THREE_ENEMY_KILL","is_daily":false,"chose_seed":false,"campfire_upgraded":2,"win_rate":0.0,"timestamp":1613722441,"path_taken":["M","?","M","$","M","E","R","M","T","E","R","M","?","?","R","BOSS"],"items_purchased_type":[],"build_version":"2020-12-22","purchased_purges":1,"victory":false,"max_hp_per_floor":[72,72,72,72,72,72,72,72,79,79,79,79,79,79,79,79,79],"card_choices":[{"not_picked":["EmptyBody","Weave","Protect"],"picked":"SKIP","floor":1},{"not_picked":["Evaluate","Pray"],"picked":"InnerPeace","floor":3},{"not_picked":["Crescendo","Prostrate","Evaluate"],"picked":"SKIP","floor":5},{"not_picked":["CutThroughFate","PathToVictory"],"picked":"WindmillStrike","floor":6},{"not_picked":["PathToVictory","ThirdEye","ClearTheMind"],"picked":"SKIP","floor":8},{"not_picked":["Pray","FlyingSleeves"],"picked":"FearNoEvil","floor":10},{"not_picked":["Meditate","Swivel"],"picked":"MentalFortress","floor":12}],"player_experience":93956,"relics_obtained":[{"floor":6,"key":"PreservedInsect"},{"floor":9,"key":"Strawberry"},{"floor":10,"key":"Bronze Scales"}],"event_choices":[{"damage_healed":0,"gold_gain":0,"player_choice":"Box","damage_taken":0,"relics_obtained":["Centennial Puzzle"],"max_hp_gain":0,"max_hp_loss":0,"event_name":"Big Fish","floor":2,"gold_loss":0,"cards_obtained":["Regret"]},{"damage_healed":0,"gold_gain":0,"player_choice":"Take Damage","damage_taken":19,"relics_obtained":["Golden Idol"],"max_hp_gain":0,"max_hp_loss":0,"event_name":"Golden Idol","floor":13,"gold_loss":0},{"damage_healed":19,"gold_gain":0,"player_choice":"Healed and dodged fight","damage_taken":0,"max_hp_gain":0,"max_hp_loss":0,"event_name":"Mushrooms","floor":14,"gold_loss":0,"cards_obtained":["Parasite"]}],"is_beta":false,"boss_relics":[],"items_purged_floors":[4],"is_endless":false,"potions_floor_spawned":[1,6,10],"killed_by":"Slime Boss","ascension_level":1}}