{"host":"x73jdofm2fk9hsud","time":1613766828,"event":{"mods":["BaseMod","Bestiary","Minty Spire (QoL Compilation)","Relic Stats","ojb\u0027s Better Paths Mod","ojb\u0027s Info Mod"],"gold_per_floor":[116,191,116,128,148,175,175,175,175],"floor_reached":8,"language":"ENG","playtime":173,"items_purged":[],"score":112,"play_id":"1e5f49ae-1613-48dd-bb16-6104ca333db0","local_time":"20210219153348","is_ascension_mode":true,"campfire_choices":[{"data":"Immolate","floor":7,"key":"SMITH"}],"circlet_count":0,"master_deck":["AscendersBane","Strike_R","Strike_R","Strike_R","Strike_R","Defend_R","Defend_R","Defend_R","Defend_R","Bash","Immolate+1","Evolve","Spot Weakness"],"relics":["Burning Blood","Pantograph"],"acts_visited":["Exordium"],"potions_floor_usage":[6],"damage_taken":[{"damage":0,"enemies":"2 Louse","floor":1,"turns":1},{"damage":8,"enemies":"Small Slimes","floor":4,"turns":3},{"damage":0,"enemies":"Cultist","floor":5,"turns":2},{"damage":22,"enemies":"3 Sentries","floor":6,"turns":5},{"damage":55,"enemies":"Gremlin Nob","floor":8,"turns":4}],"seed_played":"-3180966199517934746","potions_obtained":[{"floor":5,"key":"SneckoOil"}],"is_trial":false,"path_per_floor":["M","?","?","M","M","E","R","E"],"character_chosen":"IRONCLAD","items_purchased":[],"campfire_rested":0,"item_purchase_floors":[],"current_hp_per_floor":[68,57,57,55,61,45,45,0,0],"gold":175,"neow_bonus":"THREE_RARE_CARDS","is_daily":false,"chose_seed":false,"campfire_upgraded":1,"win_rate":0.0,"timestamp":1613766828,"path_taken":["M","?","?","M","M","E","R","E"],"items_purchased_type":[],"build_version":"2020-12-22","purchased_purges":0,"victory":false,"max_hp_per_floor":[68,68,68,68,68,68,68,68,68],"relic_stats":{"counters":[5,15],"Pantograph":0,"obtain_stats":[{"Pantograph":6,"Burning Blood":0},{"Pantograph":4,"Burning Blood":0},{"Pantograph":11,"Burning Blood":0}],"Burning Blood":18},"card_choices":[{"not_picked":["Double Tap","Limit Break"],"picked":"Immolate","floor":0},{"not_picked":["Flex","Ghostly Armor","Heavy Blade"],"picked":"SKIP","floor":1},{"not_picked":["Clash","Body Slam"],"picked":"Evolve","floor":4},{"not_picked":["Cleave","Warcry"],"picked":"Spot Weakness","floor":5},{"not_picked":["Second Wind","Perfected Strike","Sever Soul"],"picked":"SKIP","floor":6}],"player_experience":5392479,"relics_obtained":[{"floor":6,"key":"Pantograph"}],"event_choices":[{"damage_healed":0,"gold_gain":75,"player_choice":"Gather Gold","damage_taken":11,"max_hp_gain":0,"max_hp_loss":0,"event_name":"World of Goop","floor":2,"gold_loss":0},{"cards_removed":["Strike_R"],"damage_healed":0,"gold_gain":0,"player_choice":"Card Removal","damage_taken":0,"max_hp_gain":0,"max_hp_loss":0,"event_name":"The Cleric","floor":3,"gold_loss":75}],"is_beta":false,"boss_relics":[],"items_purged_floors":[],"is_endless":false,"potions_floor_spawned":[5],"killed_by":"Gremlin Nob","ascension_level":20}}