{"host":"rtw1tnr74gozsrw1","time":1613708883,"event":{"mods":["BaseMod","Colored Map","Colored Powertips","Highlight Path","Infinite Spire","Minty Spire (QoL Compilation)","StSLib","The Cursed","The Jungle"],"gold_per_floor":[116,41,41,53,68,96,96,127,127,139,152,152,152,164,164,164,164],"floor_reached":16,"language":"ENG","playtime":467,"items_purged":["Strike_B"],"score":146,"play_id":"28890b6f-0dc5-48f3-a11c-ad79d62d37aa","local_time":"20210219052803","is_ascension_mode":true,"campfire_choices":[{"data":"Electrodynamics","floor":7,"key":"SMITH"},{"floor":12,"key":"REST"},{"floor":15,"key":"REST"}],"circlet_count":0,"master_deck":["Strike_B","Strike_B","Strike_B","Defend_B","Defend_B","Defend_B","Zap","Dualcast","Electrodynamics+1","Loop","Cold Snap","BootSequence","Chill","White Noise","Auto Shields"],"relics":["Cracked Core","White Beast Statue","Symbiotic Virus","infinitespire:ShieldingShard"],"acts_visited":["Exordium"],"potions_floor_usage":[6,16],"damage_taken":[{"damage":0,"enemies":"Small Slimes","floor":1,"turns":3},{"damage":1,"enemies":"Cultist","floor":4,"turns":4},{"damage":0,"enemies":"2 Louse","floor":5,"turns":1},{"damage":11,"enemies":"Gremlin Nob","floor":6,"turns":4},{"damage":40,"enemies":"Lagavulin","floor":8,"turns":7},{"damage":3,"enemies":"Lots of Slimes","floor":10,"turns":2},{"damage":0,"enemies":"Exordium Wildlife","floor":11,"turns":5},{"damage":0,"enemies":"Gremlin Gang","floor":14,"turns":2},{"damage":54,"enemies":"Hexaghost","floor":16,"turns":11}],"seed_played":"-3954604907791079179","potions_obtained":[{"floor":1,"key":"Block Potion"},{"floor":5,"key":"Energy Potion"},{"floor":8,"key":"CultistPotion"},{"floor":10,"key":"Weak Potion"}],"is_trial":false,"path_per_floor":["M","$","?","M","M","E","R","E","T","M","M","R","?","M","R","B"],"character_chosen":"DEFECT","items_purchased":[],"campfire_rested":2,"item_purchase_floors":[],"current_hp_per_floor":[68,68,61,60,60,49,49,9,9,6,6,28,28,28,50,0,0],"gold":164,"neow_bonus":"ONE_RANDOM_RARE_CARD","is_daily":false,"chose_seed":false,"campfire_upgraded":1,"win_rate":0.0,"timestamp":1613708883,"path_taken":["M","$","?","?","M","E","R","E","T","M","M","R","?","M","R","BOSS"],"items_purchased_type":[],"build_version":"2020-12-22","purchased_purges":1,"victory":false,"max_hp_per_floor":[75,75,75,75,75,75,75,75,75,75,75,75,75,75,75,75,75],"card_choices":[{"not_picked":["Sunder","Go for the Eyes"],"picked":"Loop","floor":1},{"not_picked":["Fusion","Stack","Consume"],"picked":"SKIP","floor":4},{"not_picked":["Scrape","Steam Power"],"picked":"Cold Snap","floor":5},{"not_picked":["Heatsinks","Coolheaded"],"picked":"BootSequence","floor":6},{"not_picked":["Leap","Coolheaded"],"picked":"Chill","floor":8},{"not_picked":["Compile Driver","Force Field"],"picked":"White Noise","floor":10},{"not_picked":["Barrage","Darkness"],"picked":"Auto Shields","floor":11},{"not_picked":["Tempest","Beam Cell","Turbo"],"picked":"SKIP","floor":14}],"player_experience":176541,"relics_obtained":[{"floor":6,"key":"White Beast Statue"},{"floor":8,"key":"Symbiotic Virus"},{"floor":9,"key":"infinitespire:ShieldingShard"}],"event_choices":[{"damage_healed":0,"gold_gain":0,"player_choice":"Damaged","damage_taken":7,"max_hp_gain":0,"max_hp_loss":0,"event_name":"Wheel of Change","floor":3,"gold_loss":0},{"cards_removed":["Defend_B"],"damage_healed":0,"gold_gain":0,"player_choice":"Offered Basic","damage_taken":0,"max_hp_gain":0,"max_hp_loss":0,"event_name":"Bonfire Elementals","floor":13,"gold_loss":0}],"is_beta":false,"boss_relics":[],"items_purged_floors":[2],"is_endless":false,"potions_floor_spawned":[1,5,8,10,11,14],"killed_by":"Hexaghost","ascension_level":6}}