{"host":"jegehu1t82aiec5j","time":1613749241,"event":{"mods":["BaseMod","Colored Map","Minty Spire (QoL Compilation)","Relic Stats","StSLib"],"gold_per_floor":[117,128,48,48,66,97,156,156,179,179,229,257,257,277,277,348,348,363,79,132,132,145,145,145],"floor_reached":23,"language":"ENG","playtime":784,"items_purged":[],"score":345,"play_id":"96466881-feac-41ef-ac6d-879f9b64a81c","local_time":"20210219104041","is_ascension_mode":true,"campfire_choices":[{"data":"Loop","floor":8,"key":"SMITH"},{"floor":10,"key":"REST"},{"data":"Meteor Strike","floor":13,"key":"SMITH"},{"floor":15,"key":"REST"}],"circlet_count":0,"master_deck":["AscendersBane","Strike_B","Strike_B","Strike_B","Strike_B","Defend_B","Defend_B","Defend_B","Defend_B","Zap","Dualcast","Rebound","Rebound","Cold Snap","Loop+1","Compile Driver","Go for the Eyes","Glacier","Meteor Strike+1","Electrodynamics","Conserve Battery","Capacitor","Turbo"],"relics":["WarpedTongs","Nuclear Battery","NlothsMask","Akabeko","Blue Candle","Turnip","Runic Dome","OrangePellets","Strawberry"],"acts_visited":["Exordium","TheCity"],"potions_floor_usage":[],"damage_taken":[{"damage":0,"enemies":"Jaw Worm","floor":1,"turns":4},{"damage":6,"enemies":"Cultist","floor":2,"turns":4},{"damage":4,"enemies":"2 Louse","floor":5,"turns":2},{"damage":11,"enemies":"Lagavulin","floor":6,"turns":6},{"damage":25,"enemies":"Lagavulin Event","floor":7,"turns":6},{"damage":8,"enemies":"3 Sentries","floor":12,"turns":8},{"damage":0,"enemies":"2 Fungi Beasts","floor":14,"turns":4},{"damage":11,"enemies":"Slime Boss","floor":16,"turns":10},{"damage":9,"enemies":"3 Byrds","floor":18,"turns":3},{"damage":14,"enemies":"Shell Parasite","floor":22,"turns":6},{"damage":59,"enemies":"Gremlin Leader","floor":23,"turns":7}],"seed_played":"-8789648205281570246","potions_obtained":[{"floor":2,"key":"SpeedPotion"},{"floor":7,"key":"PotionOfCapacity"},{"floor":16,"key":"CultistPotion"}],"is_trial":false,"path_per_floor":["M","M","$","?","M","E","?","R","T","R","?","E","R","M","R","B",null,"M","$","T","?","M","E"],"character_chosen":"DEFECT","items_purchased":["Cold Snap","Loop","Capacitor","Turbo","OrangePellets"],"campfire_rested":2,"item_purchase_floors":[3,3,19,19,19],"current_hp_per_floor":[64,58,58,58,54,43,18,18,18,39,39,31,31,31,52,41,64,55,55,62,62,48,0,0],"gold":145,"neow_bonus":"BOSS_RELIC","is_daily":false,"chose_seed":false,"campfire_upgraded":2,"win_rate":0.0,"timestamp":1613749241,"path_taken":["M","M","$","?","?","E","?","R","T","R","?","E","R","M","R","BOSS","M","$","?","?","?","E"],"items_purchased_type":["Card","Card","Card","Card","Relic"],"build_version":"2020-12-22","purchased_purges":0,"victory":false,"max_hp_per_floor":[71,71,71,71,71,71,71,71,71,71,71,71,71,71,71,71,71,71,71,78,78,78,78,78],"relic_stats":{"OrangePellets":[0],"counters":[11,60],"Blue Candle":[0],"Turnip":[6],"obtain_stats":[{"Runic Dome":17,"OrangePellets":19,"Blue Candle":7,"Strawberry":20,"Turnip":12,"Cracked Core":0,"Akabeko":6,"WarpedTongs":0,"Nuclear Battery":0,"NlothsMask":4},{"Runic Dome":8,"OrangePellets":9,"Blue Candle":5,"Strawberry":9,"Turnip":6,"Cracked Core":0,"Akabeko":4,"WarpedTongs":0,"Nuclear Battery":0,"NlothsMask":2},{"Runic Dome":44,"OrangePellets":47,"Blue Candle":22,"Strawberry":47,"Turnip":30,"Cracked Core":0,"Akabeko":16,"WarpedTongs":0,"Nuclear Battery":0,"NlothsMask":8}],"WarpedTongs":[60]},"card_choices":[{"not_picked":["Barrage","Capacitor"],"picked":"Rebound","floor":1},{"not_picked":["Turbo","Chaos"],"picked":"Rebound","floor":2},{"not_picked":["Turbo","Stack"],"picked":"Compile Driver","floor":5},{"not_picked":["Aggregate","Skim"],"picked":"Go for the Eyes","floor":6},{"not_picked":["Chill","Conserve Battery"],"picked":"Glacier","floor":7},{"not_picked":["Aggregate","Beam Cell"],"picked":"Meteor Strike","floor":12},{"not_picked":["Aggregate","Force Field","Skim"],"picked":"SKIP","floor":14},{"not_picked":["Biased Cognition","Creative AI"],"picked":"Electrodynamics","floor":16},{"not_picked":["Cold Snap","Hologram"],"picked":"Conserve Battery","floor":18},{"not_picked":["Force Field","Fusion","Stack"],"picked":"SKIP","floor":22}],"player_experience":2614615,"relics_obtained":[{"floor":6,"key":"Akabeko"},{"floor":7,"key":"Blue Candle"},{"floor":12,"key":"Turnip"},{"floor":20,"key":"Strawberry"}],"event_choices":[{"damage_healed":0,"gold_gain":0,"player_choice":"Trade","damage_taken":0,"relics_obtained":["NlothsMask"],"max_hp_gain":0,"max_hp_loss":0,"event_name":"FaceTrader","floor":4,"gold_loss":0},{"damage_healed":0,"gold_gain":0,"player_choice":"Searched \u00272\u0027 times","damage_taken":0,"max_hp_gain":0,"max_hp_loss":0,"event_name":"Dead Adventurer","floor":7,"gold_loss":0},{"damage_healed":0,"gold_gain":50,"player_choice":"Pray","damage_taken":0,"max_hp_gain":0,"max_hp_loss":0,"event_name":"Golden Shrine","floor":11,"gold_loss":0},{"damage_healed":0,"gold_gain":0,"player_choice":"0 cards matched","damage_taken":0,"max_hp_gain":0,"max_hp_loss":0,"event_name":"Match and Keep!","floor":21,"gold_loss":0,"cards_obtained":[]}],"is_beta":false,"boss_relics":[{"not_picked":["SlaversCollar","Black Star"],"picked":"Runic Dome"}],"items_purged_floors":[],"is_endless":false,"potions_floor_spawned":[2,7,16,22],"killed_by":"Gremlin Leader","ascension_level":15}}