{"host":"sxnl403xm2xmiyj1","time":1613762823,"event":{"mods":["BaseMod","Colored Map","Keyboard Shortcuts","Koishi","Minty Spire (QoL Compilation)","Quick Restart","StSLib","SuperFastMode"],"gold_per_floor":[113,113,23,36,50,77,77,93,162,162,172,200,200,277,277,277,277],"floor_reached":16,"language":"KOR","playtime":312,"items_purged":[],"score":250,"play_id":"59726bda-da42-44a8-8a53-66674a6dcbf5","local_time":"20210220042703","is_ascension_mode":true,"campfire_choices":[{"data":"Koishi:GhostParty","floor":7.0,"key":"SMITH"},{"data":"Koishi:GhostParty","floor":13.0,"key":"SMITH"},{"data":"Koishi:Vanish","floor":15.0,"key":"SMITH"}],"circlet_count":0,"master_deck":["AscendersBane","Koishi:BasicStrike","Koishi:BasicStrike","Koishi:BasicStrike","Koishi:BasicStrike","Koishi:BasicDefend","Koishi:BasicDefend","Koishi:BasicDefend","Koishi:BasicDefend","Koishi:Provoke","Koishi:HauntingSlash","Koishi:BramblyRoseGarden+1","Koishi:PhantomStrike","Koishi:UnseenTerror","Koishi:Vanish+1","Koishi:PhantomStrike","Koishi:GhostParty+1","Koishi:UnansweredLove","Koishi:GhostParty+1"],"relics":["Koishi:ImaginaryFriend","NeowsBlessing","StoneCalendar","Sundial","Happy Flower","Gremlin Horn"],"acts_visited":["Exordium"],"potions_floor_usage":[],"damage_taken":[{"damage":0.0,"enemies":"Cultist","floor":1.0,"turns":1.0},{"damage":0.0,"enemies":"Jaw Worm","floor":4.0,"turns":1.0},{"damage":0.0,"enemies":"2 Louse","floor":5.0,"turns":1.0},{"damage":35.0,"enemies":"3 Sentries","floor":6.0,"turns":8.0},{"damage":9.0,"enemies":"Looter","floor":8.0,"turns":4.0},{"damage":6.0,"enemies":"Lots of Slimes","floor":11.0,"turns":9.0},{"damage":3.0,"enemies":"Lagavulin","floor":12.0,"turns":7.0},{"damage":11,"enemies":"Hexaghost","floor":16,"turns":9}],"seed_played":"4513912209581370224","potions_obtained":[{"floor":5.0,"key":"PowerPotion"},{"floor":6.0,"key":"DistilledChaos"},{"floor":8.0,"key":"AttackPotion"},{"floor":11.0,"key":"BlessingOfTheForge"}],"is_trial":false,"path_per_floor":["M","?","$","M","M","E","R","M","T","?","M","E","R","T","R","B"],"character_chosen":"KOISHI","items_purchased":["Koishi:PhantomStrike","Koishi:UnseenTerror"],"campfire_rested":0,"item_purchase_floors":[3,3],"current_hp_per_floor":[51,51,51,51,51,18,18,11,11,11,10,12,12,12,12,1,1],"gold":277,"neow_bonus":"THREE_ENEMY_KILL","is_daily":false,"chose_seed":false,"campfire_upgraded":3,"win_rate":0.0,"timestamp":1613762823,"path_taken":["M","?","$","M","?","E","R","M","T","?","M","E","R","?","R","BOSS"],"items_purchased_type":["Card","Card"],"build_version":"2020-12-22","purchased_purges":0,"victory":false,"max_hp_per_floor":[57,57,57,57,57,57,57,57,57,57,57,57,57,57,57,57,57],"card_choices":[{"not_picked":["Koishi:UnconsciousUprising","Koishi:HeartAttack"],"picked":"Koishi:BramblyRoseGarden","floor":1.0},{"not_picked":["Koishi:DreadfulBlow","Koishi:Jaunt"],"picked":"Koishi:Vanish","floor":4.0},{"not_picked":["Koishi:DNAsFlaw","Koishi:UnconsciousUprising"],"picked":"Koishi:PhantomStrike","floor":5.0},{"not_picked":["Koishi:RuptureMind","Koishi:FidgetySnatcher"],"picked":"Koishi:GhostParty","floor":6.0},{"not_picked":["Koishi:DNAsFlaw","Koishi:IdleWhim"],"picked":"Koishi:UnansweredLove","floor":8.0},{"not_picked":["Koishi:TremblingHands","Koishi:FidgetySnatcher"],"picked":"Koishi:GhostParty","floor":11.0},{"not_picked":["Koishi:Prune","Koishi:UnconsciousUrges","Koishi:Jaunt"],"picked":"SKIP","floor":12.0}],"player_experience":278318,"relics_obtained":[{"floor":6.0,"key":"StoneCalendar"},{"floor":9.0,"key":"Sundial"},{"floor":12.0,"key":"Happy Flower"},{"floor":14.0,"key":"Gremlin Horn"}],"event_choices":[{"damage_healed":0.0,"max_hp_gain":0.0,"max_hp_loss":0.0,"gold_gain":0.0,"event_name":"Upgrade Shrine","player_choice":"Upgraded","floor":2.0,"gold_loss":0.0,"damage_taken":0.0,"cards_upgraded":["Koishi:BramblyRoseGarden"]},{"damage_healed":0.0,"max_hp_gain":0.0,"max_hp_loss":0.0,"gold_gain":0.0,"event_name":"Liars Game","player_choice":"Ignored","floor":10.0,"gold_loss":0.0,"damage_taken":0.0}],"is_beta":false,"boss_relics":[],"items_purged_floors":[],"is_endless":false,"potions_floor_spawned":[5,6,8,11],"killed_by":"Hexaghost","ascension_level":17}}