{"host":"3p4eynvdmgjf7qvn","time":1613752791,"event":{"mods":["Aspiration","BaseMod","Better Note","Better Skull","Colored Map","Colored Powertips","Downfall","Hermit","Hubris","Minty Spire (QoL Compilation)","Relic Stats","Robot Space Explorer","StSLib","The Bug Knight","The Disciple","The Forsaken","The Hierophant","The Jungle","The Marked","The Necromancer","TheBandit"],"gold_per_floor":[114,133,133,146,221,221,256,256,256,282,282,282,296,321,321,416,416,429,429,429,449,475,504,504,533,533,533,552,60,70,89,89,189,189,204,221,237,250,52,78,78,111,111,111,111,111,137,150,150,150,150,150,7,7,7],"floor_reached":54,"language":"ENG","playtime":2835,"items_purged":["Injury","Poisoned Stab"],"score":1159,"play_id":"8d50de29-030d-4aed-b827-663dffe6e3f6","local_time":"20210219173951","is_ascension_mode":true,"campfire_choices":[{"data":"Poisoned Stab","floor":6,"key":"SMITH"},{"floor":12,"key":"REST"},{"data":"Storm of Steel","floor":15,"key":"SMITH"},{"floor":24,"key":"RECALL"},{"data":"Adrenaline","floor":27,"key":"SMITH"},{"data":"Neutralize","floor":32,"key":"SMITH"},{"data":"Survivor","floor":44,"key":"SMITH"},{"floor":46,"key":"REST"},{"floor":49,"key":"REST"},{"floor":52,"key":"REST"}],"circlet_count":0,"master_deck":["Strike_G+1","Strike_G+1","Strike_G+1","Strike_G+1","Strike_G+1","Defend_G+1","Defend_G+1","Defend_G+1","Defend_G+1","Defend_G+1","Survivor+1","Neutralize+1","Flying Knee+1","Poisoned Stab+1","Storm of Steel+1","hubris:NaturalOne","Quick Slash+1","Bane+1","Endless Agony+1","Adrenaline+1","Endless Agony+1","Slice+1","Dagger Throw+1","Finisher+1","hubris:Counter+1","hubris:Counter+1","aspiration:Lunge+1","All Out Attack+1","Dagger Spray+1"],"relics":["Ring of the Snake","hubris:Icosahedron","Dead Branch","Molten Egg 2","Ornamental Fan","Whetstone","hubris:Metronome","Smiling Mask","aspiration:RitualDagger","hubris:BottledHeart","MutagenicStrength","Sundial","hubris:Reverence","hubris:Spice","hubris:AstralHammer","Bag of Marbles","Toolbox","aspiration:FetidBarrel","Mark of the Bloom","hubris:SphereOfDissonance","Pen Nib"],"acts_visited":["Exordium","TheCity","TheBeyond","TheEnding"],"potions_floor_usage":[16,16,23,50,50,50],"damage_taken":[{"damage":0,"enemies":"2 Louse","floor":1,"turns":3},{"damage":8,"enemies":"Small Slimes","floor":2,"turns":3},{"damage":0,"enemies":"Jaw Worm","floor":4,"turns":3},{"damage":19,"enemies":"3 Sentries","floor":7,"turns":12},{"damage":37,"enemies":"Lagavulin","floor":10,"turns":6},{"damage":2,"enemies":"Blue Slaver","floor":13,"turns":3},{"damage":0,"enemies":"HollowMod:MossKnight","floor":14,"turns":2},{"damage":8,"enemies":"Hexaghost","floor":16,"turns":4},{"damage":3,"enemies":"2 Thieves","floor":18,"turns":1},{"damage":0,"enemies":"3 Byrds","floor":21,"turns":1},{"damage":0,"enemies":"Slavers","floor":23,"turns":1},{"damage":0,"enemies":"Gremlin Leader","floor":25,"turns":2},{"damage":0,"enemies":"Snake Plant","floor":28,"turns":1},{"damage":0,"enemies":"Chosen and Byrds","floor":30,"turns":1},{"damage":0,"enemies":"Sentry and Sphere","floor":31,"turns":1},{"damage":0,"enemies":"hubris:MusketHawk","floor":33,"turns":4},{"damage":0,"enemies":"3 Darklings","floor":35,"turns":1},{"damage":0,"enemies":"3 Shapes","floor":36,"turns":1},{"damage":0,"enemies":"Jaw Worm Horde","floor":37,"turns":2},{"damage":0,"enemies":"Maw","floor":38,"turns":2},{"damage":0,"enemies":"Reptomancer","floor":40,"turns":1},{"damage":0,"enemies":"Giant Head","floor":42,"turns":3},{"damage":0,"enemies":"Nemesis","floor":47,"turns":1},{"damage":0,"enemies":"Writhing Mass","floor":48,"turns":1},{"damage":0,"enemies":"Donu and Deca","floor":50,"turns":3},{"damage":4,"enemies":"Shield and Spear","floor":54,"turns":1}],"seed_played":"-2100716111009465861","potions_obtained":[{"floor":7,"key":"FearPotion"},{"floor":13,"key":"SteroidPotion"},{"floor":14,"key":"SpeedPotion"},{"floor":16,"key":"DistilledChaos"},{"floor":30,"key":"Dexterity Potion"},{"floor":35,"key":"CunningPotion"},{"floor":37,"key":"SpeedPotion"},{"floor":38,"key":"LiquidMemories"},{"floor":42,"key":"Strength Potion"}],"is_trial":false,"path_per_floor":["M","M","?","M","?","R","E","?","T","E","T","R","M","E","R","B",null,"M","?","?","M","T","E","R","E","T","R","M","$","M","M","R","B",null,"M","M","M","M","$","E","?","E","T","R","?","R","E","M","R","B",null,"R","$","E"],"character_chosen":"THE_SILENT","items_purchased":["hubris:AstralHammer","Bag of Marbles","Toolbox","Pen Nib"],"campfire_rested":4,"item_purchase_floors":[29,29,39,53],"current_hp_per_floor":[77,69,69,69,58,58,39,39,39,2,2,25,23,23,23,15,77,74,1,1,1,1,1,1,1,1,1,1,1,1,1,1,1,1,1,1,1,1,1,1,1,1,1,1,1,1,1,1,1,1,1,1,1,0,0],"gold":7,"neow_bonus":"TEN_PERCENT_HP_BONUS","is_daily":false,"chose_seed":false,"campfire_upgraded":5,"win_rate":0.0,"timestamp":1613752791,"path_taken":["M","M","?","M","?","R","E","?","T","E","?","R","M","E","R","BOSS","M","?","?","M","?","E","R","E","T","R","M","?","?","M","R","BOSS","M","M","M","?","$","E","?","E","T","R","?","R","E","M","R","BOSS","R","$","E"],"items_purchased_type":["Relic","Relic","Relic","Relic"],"build_version":"2020-12-22","purchased_purges":2,"victory":false,"max_hp_per_floor":[77,77,77,77,77,77,77,77,77,77,77,77,77,77,77,77,77,77,1,1,1,1,1,1,1,1,1,1,1,1,1,1,1,1,1,1,1,1,1,1,1,1,1,1,1,1,1,1,1,1,1,1,1,1,1],"relic_stats":{"Mark of the Bloom":1,"counters":[26,64],"Ornamental Fan":[228],"Sundial":[0],"Dead Branch":[126],"Pen Nib":[0],"Whetstone":["Strike_G","Flying Knee"],"Smiling Mask":75,"obtain_stats":[{"hubris:Metronome":11,"Mark of the Bloom":45,"aspiration:FetidBarrel":42,"Dead Branch":7,"hubris:SphereOfDissonance":47,"Pen Nib":53,"Whetstone":10,"Smiling Mask":14,"hubris:Icosahedron":3,"Ornamental Fan":9,"hubris:BottledHeart":19,"Sundial":23,"hubris:Spice":26,"hubris:AstralHammer":29,"MutagenicStrength":20,"Toolbox":39,"Molten Egg 2":8,"Bag of Marbles":29,"aspiration:RitualDagger":17,"Ring of the Snake":0,"hubris:Reverence":25},{"hubris:Metronome":5,"Mark of the Bloom":22,"aspiration:FetidBarrel":22,"Dead Branch":4,"hubris:SphereOfDissonance":23,"Pen Nib":25,"Whetstone":5,"Smiling Mask":7,"hubris:Icosahedron":2,"Ornamental Fan":4,"hubris:BottledHeart":9,"Sundial":11,"hubris:Spice":12,"hubris:AstralHammer":13,"MutagenicStrength":9,"Toolbox":20,"Molten Egg 2":4,"Bag of Marbles":13,"aspiration:RitualDagger":8,"Ring of the Snake":0,"hubris:Reverence":12},{"hubris:Metronome":27,"Mark of the Bloom":58,"aspiration:FetidBarrel":58,"Dead Branch":21,"hubris:SphereOfDissonance":59,"Pen Nib":63,"Whetstone":27,"Smiling Mask":32,"hubris:Icosahedron":6,"Ornamental Fan":21,"hubris:BottledHeart":37,"Sundial":39,"hubris:Spice":41,"hubris:AstralHammer":42,"MutagenicStrength":37,"Toolbox":54,"Molten Egg 2":21,"Bag of Marbles":42,"aspiration:RitualDagger":36,"Ring of the Snake":0,"hubris:Reverence":41}],"Ring of the Snake":[56]},"card_choices":[{"not_picked":["Deflect","Backflip"],"picked":"Flying Knee","floor":1},{"not_picked":["Acrobatics","hubris:Sniper"],"picked":"Poisoned Stab","floor":2},{"not_picked":["Dagger Throw","Sucker Punch"],"picked":"Poisoned Stab","floor":4},{"not_picked":["Distraction","Quick Slash"],"picked":"Storm of Steel","floor":7},{"not_picked":["Finisher+1","Accuracy"],"picked":"Quick Slash+1","floor":10},{"not_picked":["Leg Sweep","Catalyst"],"picked":"Bane+1","floor":13},{"not_picked":["Backflip","Footwork"],"picked":"Endless Agony+1","floor":14},{"not_picked":["After Image","Burst"],"picked":"Adrenaline","floor":16},{"not_picked":["Flying Knee+1","Outmaneuver+1"],"picked":"Endless Agony+1","floor":18},{"not_picked":["Sucker Punch+1","Bouncing Flask"],"picked":"Slice+1","floor":21},{"not_picked":["Bullet Time","Backflip"],"picked":"Dagger Throw+1","floor":23},{"not_picked":["hubris:TrickCloak","Concentrate"],"picked":"Finisher+1","floor":25},{"not_picked":["PiercingWail","Accuracy"],"picked":"hubris:Counter+1","floor":28},{"not_picked":["Acrobatics","Deflect"],"picked":"hubris:Counter+1","floor":30},{"not_picked":["Escape Plan","Bouncing Flask+1","PiercingWail"],"picked":"SKIP","floor":31},{"not_picked":["Burst","Phantasmal Killer"],"picked":"aspiration:Lunge+1","floor":33},{"not_picked":["Dodge and Roll+1","Acrobatics","hubris:SlightOfHand"],"picked":"SKIP","floor":35},{"not_picked":["Deflect+1","Outmaneuver"],"picked":"All Out Attack+1","floor":36},{"not_picked":["hubris:SpiceAddiction","Catalyst"],"picked":"hubris:SpiceAddiction","floor":37},{"not_picked":["Quick Slash+1","Heel Hook+1","Sucker Punch+1"],"picked":"SKIP","floor":38},{"not_picked":["Distraction+1","Crippling Poison+1"],"picked":"hubris:SpiceAddiction","floor":40},{"not_picked":["Bouncing Flask","Prepared","Calculated Gamble+1"],"picked":"SKIP","floor":42},{"not_picked":["hubris:SpiceAddiction","Phantasmal Killer","Tactician"],"picked":"SKIP","floor":47},{"not_picked":["Cloak And Dagger","hubris:SpiceAddiction"],"picked":"Dagger Spray+1","floor":48}],"player_experience":297674,"relics_obtained":[{"floor":7,"key":"Dead Branch"},{"floor":9,"key":"Ornamental Fan"},{"floor":10,"key":"Whetstone"},{"floor":11,"key":"hubris:Metronome"},{"floor":14,"key":"Smiling Mask"},{"floor":23,"key":"Sundial"},{"floor":25,"key":"hubris:Reverence"},{"floor":26,"key":"hubris:Spice"},{"floor":40,"key":"hubris:Spice"},{"floor":42,"key":"aspiration:FetidBarrel"},{"floor":43,"key":"hubris:Spice"},{"floor":47,"key":"hubris:SphereOfDissonance"}],"event_choices":[{"damage_healed":0,"gold_gain":75,"player_choice":"Gather Gold","damage_taken":11,"max_hp_gain":0,"max_hp_loss":0,"event_name":"World of Goop","floor":5,"gold_loss":0},{"damage_healed":0,"gold_gain":0,"player_choice":"Inject Mutagens","damage_taken":0,"relics_obtained":["MutagenicStrength"],"max_hp_gain":0,"max_hp_loss":0,"event_name":"Drug Dealer","floor":20,"gold_loss":0},{"damage_healed":0,"gold_gain":0,"player_choice":"Upgrade","damage_taken":0,"relics_obtained":["Mark of the Bloom"],"max_hp_gain":0,"max_hp_loss":0,"event_name":"MindBloom","floor":45,"gold_loss":0,"cards_upgraded":["Strike_G","Strike_G","Strike_G","Strike_G","Defend_G","Defend_G","Defend_G","Defend_G","Defend_G"]}],"is_beta":false,"boss_relics":[{"not_picked":["bronze:MakeshiftBattery","hubris:VirtuousBlindfold"],"picked":"aspiration:RitualDagger"},{"not_picked":["Busted Crown","hubris:Spice"],"picked":"hubris:Spice"}],"items_purged_floors":[29,39],"is_endless":false,"potions_floor_spawned":[7,13,14,16,30,35,37,38,42],"killed_by":"Shield and Spear","ascension_level":3}}