{"host":"or1kyy78tiubr3jv","time":1613766898,"event":{"mods":["2.2 Compatiblity","AchievementEnabler","BaseMod","Bestiary","Better Note","Better Third Choice","BetterRewards","Colored Map","Colored Powertips","DeckTracker","Downfall","Energized Spire","Highlight Path","Infinite Spire","Minty Spire (QoL Compilation)","Quick Restart","Relic Filter","Reworked Bosses","StSLib","The Cursed","The Runesmith","The Showman"],"gold_per_floor":[99,109,124,140,240,140,186,186,199,199,199,39,39,69,89,193,193,209,225,243,228,238,254,281,281,181,181,181,195,195,211,211,211,211],"floor_reached":32,"language":"ENG","playtime":3231,"items_purged":[],"score":318,"play_id":"6fc7b624-e34d-45c4-a8f5-74132dc3af3c","local_time":"20210219153458","is_ascension_mode":true,"campfire_choices":[{"floor":1.0,"key":"RECALL"},{"data":"hexamod:GiftsFromTheDead","floor":6.0,"key":"SMITH"},{"data":"hexamod:RecurringNightmare","floor":13.0,"key":"SMITH"},{"floor":26,"key":"REST"},{"floor":30,"key":"REST"}],"circlet_count":0,"master_deck":["hexamod:Strike","hexamod:Strike","hexamod:Strike","hexamod:Defend+1","hexamod:Defend","hexamod:Defend","hexamod:Defend","hexamod:Sear","hexamod:Float","hexamod:FastForward","hexamod:GiftsFromTheDead+1","hexamod:FlamesFromBeyond","hexamod:RecurringNightmare+1","hexamod:GiftsFromTheDead+1","hexamod:UnleashSpirits","hexamod:PowerFromBeyond","hexamod:FirstSeal","hexamod:Hexaguard","hexamod:TimeWarp","hexamod:CatchUp+1","hexamod:GhostLash+1","hexamod:EmpoweredFlame+1","hexamod:ShieldOfDarkness","hexamod:SixthSeal","Injury","hexamod:ThirdSeal"],"relics":["hexamod:SpiritBrand","downfall:HeartBlessingRed","Potion Belt","FaceOfCleric","Bag of Marbles","energizedSpire:CursedPentagram","infinitespire:Beetle Shell","downfall:HeartBlessingBlue","Nilry\u0027s Codex"],"acts_visited":["Exordium","TheCity"],"potions_floor_usage":[20,29,31],"damage_taken":[{"damage":0.0,"enemies":"2 Louse","floor":2.0,"turns":4.0},{"damage":0.0,"enemies":"Cultist","floor":3.0,"turns":3.0},{"damage":2.0,"enemies":"Jaw Worm","floor":4.0,"turns":4.0},{"damage":6.0,"enemies":"2 Fungi Beasts","floor":9.0,"turns":4.0},{"damage":0.0,"enemies":"downfall:FleeingMerchant","floor":12.0,"turns":4.0},{"damage":13.0,"enemies":"Lagavulin","floor":14.0,"turns":5.0},{"damage":25.0,"enemies":"Lots of Slimes","floor":15.0,"turns":3.0},{"damage":2.0,"enemies":"SI_SHIV_ARCHETYPE","floor":16.0,"turns":6.0},{"damage":11.0,"enemies":"Spheric Guardian","floor":18.0,"turns":4.0},{"damage":17.0,"enemies":"3 Byrds","floor":19.0,"turns":5.0},{"damage":24,"enemies":"Snecko","floor":20,"turns":5},{"damage":10,"enemies":"downfall:FleeingMerchant","floor":21,"turns":4},{"damage":28,"enemies":"Snake Plant","floor":22,"turns":4},{"damage":15,"enemies":"3 Cultists","floor":23,"turns":5},{"damage":11,"enemies":"Snecko","floor":29,"turns":5},{"damage":66,"enemies":"Cultist and Chosen","floor":31,"turns":7},{"damage":21,"enemies":"Snake Plant","floor":32,"turns":2}],"seed_played":"-256633621502092962","potions_obtained":[{"floor":14.0,"key":"Swift Potion"},{"floor":16.0,"key":"sneckomod:MuddlingPotion"},{"floor":22,"key":"PowerPotion"},{"floor":31,"key":"PowerPotion"}],"is_trial":false,"path_per_floor":["R","M","M","M","?","R","T","?","M","?","?","$","R","E","M","B",null,"M","M","M","$","M","M","T","?","R","?","?","M","R","M","M"],"character_chosen":"THE_SPIRIT","items_purchased":["hexamod:UnleashSpirits","hexamod:PowerFromBeyond"],"campfire_rested":2,"item_purchase_floors":[12,12],"current_hp_per_floor":[77,77,77,75,75,75,75,75,70,70,70,71,71,59,42,48,82,79,70,54,52,32,25,25,25,64,48,48,45,74,16,0,0,0],"gold":211,"neow_bonus":"TEN_PERCENT_HP_BONUS","is_daily":false,"chose_seed":false,"campfire_upgraded":2,"win_rate":0.0,"timestamp":1613766898,"path_taken":["R","M","M","M","?","R","T","?","?","?","?","$","R","E","M","BOSS","M","M","M","$","?","M","T","?","R","?","?","M","R","M","M"],"items_purchased_type":["Card","Card"],"build_version":"2020-12-22","purchased_purges":0,"victory":false,"max_hp_per_floor":[77,77,77,77,77,77,77,77,78,78,78,79,79,80,81,82,82,83,84,85,86,87,88,88,88,98,98,98,99,99,100,100,100,100],"card_choices":[{"not_picked":["hexamod:SwordOfDarkness","hexamod:AdvancingGuard"],"picked":"hexamod:FastForward","floor":2.0},{"not_picked":["hexamod:BacktrackSmack","hexamod:NightmareGuise"],"picked":"hexamod:GiftsFromTheDead","floor":3.0},{"not_picked":["hexamod:DynamicBlow","hexamod:SuperheatedStrike"],"picked":"hexamod:FlamesFromBeyond","floor":4.0},{"not_picked":["hexamod:BacktrackSmack","hexamod:SpectralSpark"],"picked":"hexamod:RecurringNightmare","floor":9.0},{"not_picked":["hexamod:ChargedBarrage","hexamod:HauntingEcho","hexamod:Again"],"picked":"SKIP","floor":12.0},{"not_picked":["hexamod:SearingWound","hexamod:DynamicBlow"],"picked":"hexamod:FirstSeal","floor":14.0},{"not_picked":["hexamod:SuperheatedStrike","hexamod:AdvancingGuard"],"picked":"hexamod:Hexaguard","floor":15.0},{"not_picked":["hexamod:GhostOfSpirePresent","hexamod:UnlimitedPower"],"picked":"hexamod:TimeWarp","floor":16.0},{"not_picked":["hexamod:SpectralAdrenaline+1","hexamod:InspiringFlames"],"picked":"hexamod:CatchUp+1","floor":18.0},{"not_picked":["hexamod:Firestarter+1","hexamod:EtherealExpedition"],"picked":"hexamod:GhostLash","floor":19},{"not_picked":["hexamod:GhostflameBarrier","hexamod:InspiringFlames+1"],"picked":"hexamod:EmpoweredFlame+1","floor":20},{"not_picked":["hexamod:PhantomFireball+1","hexamod:HeatMetal","hexamod:BacktrackSmack"],"picked":"SKIP","floor":21},{"not_picked":["hexamod:Incineration","hexamod:HeatCrush"],"picked":"hexamod:ShieldOfDarkness","floor":22},{"not_picked":["hexamod:FlamesFromBeyond","hexamod:Firestarter"],"picked":"hexamod:SixthSeal","floor":23},{"not_picked":["hexamod:NightmareGuise","hexamod:NightmareStrike"],"picked":"hexamod:ThirdSeal","floor":29},{"not_picked":["hexamod:SpectralSpark","hexamod:BacktrackSmack","hexamod:FlamesFromBeyond+1"],"picked":"SKIP","floor":31},{"not_picked":["hexamod:ApocalypticArmor","hexamod:SwordOfDarkness+1","hexamod:Firestarter"],"picked":"SKIP","floor":31}],"player_experience":596218,"relics_obtained":[{"floor":7.0,"key":"Potion Belt"},{"floor":14.0,"key":"Bag of Marbles"},{"floor":27,"key":"Nilry\u0027s Codex"}],"event_choices":[{"damage_healed":0.0,"max_hp_gain":0.0,"max_hp_loss":0.0,"gold_gain":0.0,"event_name":"FaceTrader","player_choice":"Trade","floor":8.0,"gold_loss":0.0,"damage_taken":0.0,"relics_obtained":["FaceOfCleric"]},{"cards_removed":["hexamod:Strike"],"damage_healed":0.0,"max_hp_gain":0.0,"max_hp_loss":0.0,"gold_gain":0.0,"event_name":"The Cleric","player_choice":"Card Removal","floor":10.0,"gold_loss":0.0,"damage_taken":0.0}],"is_beta":false,"boss_relics":[{"not_picked":["Coffee Dripper","Ectoplasm"],"picked":"energizedSpire:CursedPentagram"}],"items_purged_floors":[],"is_endless":false,"potions_floor_spawned":[14,16,22,31],"killed_by":"Snake Plant","ascension_level":2}}