{"host":"u6f15rvcj4nca0wu","time":1613766618,"event":{"mods":["BaseMod","Bestiary","Colored Map","Highlight Path","Minty Spire (Améliorations d\u0027érgonomie)","Relic Stats"],"gold_per_floor":[214,214,230,230,10,10,25,44,70,89,89,123,140,158,158,255,255,275,294,15,33,46,46,64,82,82,100,100,127,127,142,142,247,247,260,280,294,3,53,53,85,85,85,115,128,128,140,159,159,159],"floor_reached":51,"language":"FRA","playtime":12833,"items_purged":["Strike_P","Strike_P"],"score":737,"play_id":"fcd4eeda-213b-458d-bff2-972dfd6c0cb2","local_time":"20210219213018","is_ascension_mode":false,"campfire_choices":[{"data":"ClearTheMind","floor":6.0,"key":"SMITH"},{"data":"ReachHeaven","floor":11.0,"key":"SMITH"},{"floor":15.0,"key":"REST"},{"data":"Judgement","floor":23.0,"key":"SMITH"},{"floor":28.0,"key":"REST"},{"floor":32.0,"key":"REST"},{"floor":40.0,"key":"REST"},{"data":"Apotheosis","floor":46.0,"key":"SMITH"},{"floor":49.0,"key":"REST"}],"circlet_count":0,"master_deck":["Strike_P","Strike_P","Defend_P","Defend_P","Defend_P","Defend_P","Eruption+1","Vigilance","ReachHeaven+1","EmptyBody","ClearTheMind+1","Prostrate","Prostrate","Protect","EmptyFist","Consecrate","WaveOfTheHand","Judgement+1","Evaluate","CrushJoints","WheelKick","Meditate+1","Prostrate+1","Prostrate","FlurryOfBlows+1","Pray","BattleHymn+1","CutThroughFate+1","Judgement+1","Consecrate+1","SashWhip+1","Apotheosis+1","Crescendo+1","Prostrate+1","Parasite","FollowUp+1","DeceiveReality+1","JustLucky+1"],"relics":["PureWater","PreservedInsect","Anchor","SlaversCollar","Matryoshka","Shuriken","TungstenRod","CaptainsWheel","MutagenicStrength","Runic Pyramid","Calipers","Akabeko","Bag of Preparation","Ancient Tea Set","Nunchaku"],"acts_visited":["Exordium","TheCity","TheBeyond"],"potions_floor_usage":[50,50],"damage_taken":[{"damage":1.0,"enemies":"Jaw Worm","floor":1.0,"turns":3.0},{"damage":5.0,"enemies":"Small Slimes","floor":3.0,"turns":3.0},{"damage":0.0,"enemies":"Cultist","floor":7.0,"turns":3.0},{"damage":0.0,"enemies":"Gremlin Gang","floor":8.0,"turns":7.0},{"damage":0.0,"enemies":"3 Louse","floor":10.0,"turns":5.0},{"damage":9.0,"enemies":"Lagavulin","floor":12.0,"turns":6.0},{"damage":1.0,"enemies":"Large Slime","floor":13.0,"turns":3.0},{"damage":0.0,"enemies":"Red Slaver","floor":14.0,"turns":4.0},{"damage":11.0,"enemies":"Slime Boss","floor":16.0,"turns":8.0},{"damage":0.0,"enemies":"Spheric Guardian","floor":18.0,"turns":2.0},{"damage":9.0,"enemies":"Shell Parasite","floor":19.0,"turns":8.0},{"damage":2.0,"enemies":"Snecko","floor":21.0,"turns":4.0},{"damage":13.0,"enemies":"Cultist and Chosen","floor":22.0,"turns":6.0},{"damage":18.0,"enemies":"3 Cultists","floor":24.0,"turns":5.0},{"damage":7.0,"enemies":"Shelled Parasite and Fungi","floor":25.0,"turns":3.0},{"damage":13.0,"enemies":"Snake Plant","floor":27.0,"turns":5.0},{"damage":16.0,"enemies":"Slavers","floor":29.0,"turns":5.0},{"damage":0.0,"enemies":"Sentry and Sphere","floor":31.0,"turns":2.0},{"damage":18.0,"enemies":"Automaton","floor":33.0,"turns":6.0},{"damage":0.0,"enemies":"3 Shapes","floor":35.0,"turns":5.0},{"damage":6.0,"enemies":"3 Darklings","floor":36.0,"turns":4.0},{"damage":23.0,"enemies":"Maw","floor":37.0,"turns":6.0},{"damage":2.0,"enemies":"Mind Bloom Boss Battle","floor":39.0,"turns":4.0},{"damage":4.0,"enemies":"Reptomancer","floor":41.0,"turns":4.0},{"damage":4.0,"enemies":"Giant Head","floor":44.0,"turns":6.0},{"damage":0.0,"enemies":"Writhing Mass","floor":45.0,"turns":4.0},{"damage":4.0,"enemies":"4 Shapes","floor":47.0,"turns":2.0},{"damage":1.0,"enemies":"Transient","floor":48.0,"turns":5.0},{"damage":35,"enemies":"Time Eater","floor":50,"turns":8}],"seed_played":"3099306465027329939","potions_obtained":[{"floor":1.0,"key":"Energy Potion"},{"floor":3.0,"key":"BlessingOfTheForge"},{"floor":12.0,"key":"GamblersBrew"},{"floor":16.0,"key":"SteroidPotion"},{"floor":19.0,"key":"Dexterity Potion"},{"floor":24.0,"key":"SteroidPotion"},{"floor":27.0,"key":"Regen Potion"},{"floor":29.0,"key":"Regen Potion"},{"floor":33.0,"key":"EssenceOfSteel"},{"floor":36.0,"key":"SpeedPotion"},{"floor":41.0,"key":"Swift Potion"},{"floor":47.0,"key":"Swift Potion"}],"is_trial":false,"path_per_floor":["M","?","M","?","$","R","M","M","T","M","R","E","M","M","R","B",null,"M","M","$","M","M","R","M","M","T","M","R","E","?","M","R","B",null,"M","M","M","$","?","R","E","?","T","E","M","R","M","M","R","B",null],"character_chosen":"WATCHER","items_purchased":["Ambrosia","ClearTheMind","Matryoshka","WheelKick","Apotheosis"],"campfire_rested":5,"item_purchase_floors":[5,5,20,20,38],"current_hp_per_floor":[71,71,66,66,66,66,66,66,66,66,66,57,56,56,72,61,72,72,63,63,61,48,48,30,23,23,10,31,29,29,29,50,46,72,72,66,43,43,41,62,58,58,58,54,54,54,50,49,70,35],"gold":159,"neow_bonus":"HUNDRED_GOLD","is_daily":false,"chose_seed":false,"campfire_upgraded":4,"win_rate":0.0,"timestamp":1613766618,"path_taken":["M","?","M","?","$","R","M","?","T","M","R","E","?","M","R","BOSS","M","M","$","?","M","R","M","?","T","M","R","E","?","M","R","BOSS","M","M","M","$","?","R","E","?","T","E","M","R","M","M","R","BOSS"],"items_purchased_type":["Potion","Card","Relic","Card","Card"],"build_version":"2020-12-13","purchased_purges":2,"victory":true,"max_hp_per_floor":[72,72,72,72,72,72,72,72,72,72,72,72,72,72,72,72,72,72,72,72,72,72,72,72,72,72,72,72,72,72,72,72,72,72,72,72,72,72,72,72,72,72,72,72,72,72,72,72,72,72],"relic_stats":{"Nunchaku":[4],"counters":[29,136],"Shuriken":[35],"PreservedInsect":251,"Bag of Preparation":[10],"obtain_stats":[{"Calipers":39,"PreservedInsect":9,"Bag of Preparation":43,"Ancient Tea Set":43,"Akabeko":41,"SlaversCollar":17,"Anchor":12,"CaptainsWheel":29,"Nunchaku":44,"Matryoshka":20,"Shuriken":26,"MutagenicStrength":30,"PureWater":0,"TungstenRod":26,"Runic Pyramid":34},{"Calipers":23,"PreservedInsect":4,"Bag of Preparation":24,"Ancient Tea Set":24,"Akabeko":24,"SlaversCollar":9,"Anchor":6,"CaptainsWheel":17,"Nunchaku":25,"Matryoshka":11,"Shuriken":15,"MutagenicStrength":17,"PureWater":0,"TungstenRod":15,"Runic Pyramid":19},{"Calipers":107,"PreservedInsect":16,"Bag of Preparation":111,"Ancient Tea Set":111,"Akabeko":111,"SlaversCollar":42,"Anchor":27,"CaptainsWheel":80,"Nunchaku":117,"Matryoshka":52,"Shuriken":70,"MutagenicStrength":80,"PureWater":0,"TungstenRod":70,"Runic Pyramid":88}],"TungstenRod":25},"card_choices":[{"not_picked":["Perseverance","TalkToTheHand"],"picked":"ReachHeaven","floor":1.0},{"not_picked":["WindmillStrike","Indignation"],"picked":"EmptyBody","floor":3.0},{"not_picked":["Evaluate","Halt"],"picked":"Prostrate","floor":7.0},{"not_picked":["CrushJoints","PathToVictory"],"picked":"Prostrate","floor":8.0},{"not_picked":["ClearTheMind","Vault"],"picked":"Protect","floor":10.0},{"not_picked":["Protect","FlyingSleeves"],"picked":"EmptyFist","floor":12.0},{"not_picked":["EmptyMind","ClearTheMind"],"picked":"Consecrate","floor":13.0},{"not_picked":["ReachHeaven","CrushJoints"],"picked":"WaveOfTheHand","floor":14.0},{"not_picked":["LessonLearned","Blasphemy"],"picked":"Judgement","floor":16.0},{"not_picked":["FlyingSleeves","SignatureMove"],"picked":"Evaluate","floor":18.0},{"not_picked":["Tantrum","SignatureMove"],"picked":"CrushJoints","floor":19.0},{"not_picked":["Swivel","FlurryOfBlows"],"picked":"Meditate+1","floor":21.0},{"not_picked":["Judgement","Adaptation"],"picked":"Prostrate+1","floor":22.0},{"not_picked":["Halt","FearNoEvil"],"picked":"Prostrate","floor":24.0},{"not_picked":["PathToVictory+1","Evaluate"],"picked":"FlurryOfBlows+1","floor":25.0},{"not_picked":["ThirdEye","BowlingBash"],"picked":"Pray","floor":27.0},{"not_picked":["FearNoEvil","MasterReality"],"picked":"BattleHymn+1","floor":29.0},{"not_picked":["ThirdEye","TalkToTheHand"],"picked":"CutThroughFate+1","floor":31.0},{"not_picked":["Ragnarok","SpiritShield"],"picked":"Judgement","floor":33.0},{"not_picked":["Collect","SashWhip"],"picked":"Consecrate+1","floor":35.0},{"not_picked":["SignatureMove","PathToVictory","Brilliance"],"picked":"SKIP","floor":36.0},{"not_picked":["EmptyFist+1","Wallop+1"],"picked":"SashWhip+1","floor":37.0},{"not_picked":["ReachHeaven+1","Study"],"picked":"Crescendo+1","floor":39.0},{"not_picked":["Wireheading+1","Vengeance+1"],"picked":"Prostrate+1","floor":41.0},{"not_picked":["Worship+1","WindmillStrike","Protect+1"],"picked":"SKIP","floor":44.0},{"not_picked":["Crescendo","WheelKick+1"],"picked":"FollowUp+1","floor":45.0},{"not_picked":["ThirdEye","Halt"],"picked":"DeceiveReality+1","floor":47.0},{"not_picked":["Consecrate+1","EmptyFist"],"picked":"JustLucky+1","floor":48.0}],"player_experience":267402,"relics_obtained":[{"floor":9.0,"key":"PreservedInsect"},{"floor":12.0,"key":"Anchor"},{"floor":26.0,"key":"Shuriken"},{"floor":26.0,"key":"TungstenRod"},{"floor":29.0,"key":"CaptainsWheel"},{"floor":39.0,"key":"Calipers"},{"floor":41.0,"key":"Akabeko"},{"floor":43.0,"key":"Bag of Preparation"},{"floor":43.0,"key":"Ancient Tea Set"},{"floor":44.0,"key":"Nunchaku"}],"event_choices":[{"damage_healed":0.0,"max_hp_gain":0.0,"max_hp_loss":0.0,"gold_gain":0.0,"event_name":"Golden Idol","player_choice":"Ignored","floor":2.0,"gold_loss":0.0,"damage_taken":0.0},{"damage_healed":0.0,"max_hp_gain":0.0,"max_hp_loss":0.0,"gold_gain":0.0,"event_name":"Accursed Blacksmith","player_choice":"Forge","floor":4.0,"gold_loss":0.0,"damage_taken":0.0,"cards_upgraded":["Eruption"]},{"damage_healed":0.0,"max_hp_gain":0.0,"max_hp_loss":0.0,"gold_gain":0.0,"event_name":"Drug Dealer","player_choice":"Inject Mutagens","floor":30.0,"gold_loss":0.0,"damage_taken":0.0,"relics_obtained":["MutagenicStrength"]},{"damage_healed":0.0,"max_hp_gain":0.0,"max_hp_loss":0.0,"gold_gain":0.0,"event_name":"MindBloom","player_choice":"Fight","floor":39.0,"gold_loss":0.0,"damage_taken":0.0},{"damage_healed":0.0,"max_hp_gain":0.0,"max_hp_loss":0.0,"gold_gain":0.0,"event_name":"Upgrade Shrine","player_choice":"Upgraded","floor":42.0,"gold_loss":0.0,"damage_taken":0.0,"cards_upgraded":["Judgement"]}],"is_beta":false,"boss_relics":[{"not_picked":["Black Star","Philosopher\u0027s Stone"],"picked":"SlaversCollar"},{"not_picked":["Snecko Eye","Empty Cage"],"picked":"Runic Pyramid"}],"items_purged_floors":[5,38],"is_endless":false,"potions_floor_spawned":[1,3,12,14,16,19,24,27,29,33,36,41,47],"ascension_level":0}}