{"host":"8is2j71l4wmybkoi","time":1613721888,"event":{"mods":["AchievementEnabler","BaseMod","Colored Map","DeckTracker","Minty Spire (QoL Compilation)","Rare Cards Sparkle","Relic Stats","StSLib","SuperFastMode"],"gold_per_floor":[114,126,126,146,157,157,182,192,192,192,206,221,231,249,249,321,321,340,115,126,126,191,216,216,276,328,378,378,378,378],"floor_reached":29,"language":"KOR","playtime":1076,"items_purged":["Strike_G"],"score":439,"play_id":"595b2fa8-74f4-4fa3-a689-789d0b2a3a25","local_time":"20210219170448","is_ascension_mode":true,"campfire_choices":[{"data":"Trip","floor":6,"key":"SMITH"},{"floor":10,"key":"REST"},{"data":"Noxious Fumes","floor":15,"key":"SMITH"},{"floor":24,"key":"REST"},{"floor":28,"key":"REST"}],"circlet_count":0,"master_deck":["AscendersBane","Strike_G","Strike_G","Strike_G","Defend_G","Defend_G","Defend_G","Defend_G","Defend_G","Survivor","Neutralize","Trip+1","Flying Knee","Finisher","Noxious Fumes+1","Caltrops","Slice","Dagger Spray","After Image","Tactician","Backflip","Cloak And Dagger","Adrenaline","Cloak And Dagger+1","Prepared+1","Battle Trance","Flash of Steel"],"relics":["Ring of the Snake","InkBottle","Matryoshka","SlaversCollar","PrismaticShard","SsserpentHead","Bottled Flame","Frozen Egg 2","Blood Vial"],"acts_visited":["Exordium","TheCity"],"potions_floor_usage":[5,16,20,23,25],"damage_taken":[{"damage":0,"enemies":"2 Louse","floor":1,"turns":2},{"damage":0,"enemies":"Cultist","floor":2,"turns":3},{"damage":0,"enemies":"Jaw Worm","floor":4,"turns":3},{"damage":0,"enemies":"Red Slaver","floor":5,"turns":4},{"damage":31,"enemies":"3 Sentries","floor":7,"turns":8},{"damage":20,"enemies":"Lots of Slimes","floor":8,"turns":4},{"damage":4,"enemies":"Looter","floor":11,"turns":3},{"damage":0,"enemies":"3 Louse","floor":12,"turns":2},{"damage":0,"enemies":"Large Slime","floor":13,"turns":6},{"damage":3,"enemies":"Looter","floor":14,"turns":3},{"damage":17,"enemies":"The Guardian","floor":16,"turns":11},{"damage":15,"enemies":"Chosen","floor":18,"turns":5},{"damage":12,"enemies":"2 Thieves","floor":20,"turns":3},{"damage":0,"enemies":"3 Cultists","floor":22,"turns":6},{"damage":38,"enemies":"Gremlin Leader","floor":23,"turns":6},{"damage":13,"enemies":"Centurion and Healer","floor":25,"turns":4},{"damage":38,"enemies":"Cultist and Chosen","floor":29,"turns":6}],"seed_played":"3271231481860752202","potions_obtained":[{"floor":2,"key":"Dexterity Potion"},{"floor":5,"key":"GamblersBrew"},{"floor":8,"key":"GamblersBrew"},{"floor":12,"key":"BlessingOfTheForge"},{"floor":16,"key":"FairyPotion"},{"floor":18,"key":"Strength Potion"},{"floor":22,"key":"LiquidBronze"},{"floor":23,"key":"ColorlessPotion"},{"floor":25,"key":"Strength Potion"}],"is_trial":false,"path_per_floor":["M","M","?","M","M","R","E","M","T","R","M","M","M","M","R","B",null,"M","$","M","?","M","E","R","M","T","?","R","M"],"character_chosen":"THE_SILENT","items_purchased":["PrismaticShard"],"campfire_rested":3,"item_purchase_floors":[19],"current_hp_per_floor":[59,59,59,59,59,59,28,8,8,27,23,23,23,20,20,3,50,35,35,23,23,23,9,28,15,15,15,34,0,0],"gold":378,"neow_bonus":"RANDOM_COLORLESS","is_daily":false,"chose_seed":false,"campfire_upgraded":2,"win_rate":0.0,"timestamp":1613721888,"path_taken":["M","M","?","M","M","R","E","M","T","R","?","M","M","M","R","BOSS","M","$","M","?","?","E","R","?","T","?","R","M"],"items_purchased_type":["Relic"],"build_version":"2020-12-22","purchased_purges":1,"victory":false,"max_hp_per_floor":[66,66,66,66,66,66,66,66,66,66,66,66,66,66,66,66,66,66,66,66,66,66,66,66,66,66,66,66,66,66],"relic_stats":{"Blood Vial":2,"SsserpentHead":150,"counters":[17,79],"obtain_stats":[{"Blood Vial":26,"SlaversCollar":17,"SsserpentHead":21,"Bottled Flame":23,"Matryoshka":9,"Frozen Egg 2":26,"PrismaticShard":19,"InkBottle":7,"Ring of the Snake":0},{"Blood Vial":16,"SlaversCollar":11,"SsserpentHead":13,"Bottled Flame":15,"Matryoshka":6,"Frozen Egg 2":16,"PrismaticShard":12,"InkBottle":5,"Ring of the Snake":0},{"Blood Vial":73,"SlaversCollar":49,"SsserpentHead":57,"Bottled Flame":69,"Matryoshka":24,"Frozen Egg 2":73,"PrismaticShard":54,"InkBottle":20,"Ring of the Snake":0}],"InkBottle":[22],"Ring of the Snake":[34]},"card_choices":[{"not_picked":["Purity","Dark Shackles"],"picked":"Trip","floor":0},{"not_picked":["Poisoned Stab","Slice"],"picked":"Flying Knee","floor":1},{"not_picked":["Quick Slash","Poisoned Stab"],"picked":"Finisher","floor":2},{"not_picked":["Deadly Poison","Bane"],"picked":"Noxious Fumes","floor":4},{"not_picked":["Distraction","Slice"],"picked":"Caltrops","floor":5},{"not_picked":["Distraction","Outmaneuver"],"picked":"Slice","floor":7},{"not_picked":["Flying Knee","Dodge and Roll"],"picked":"Dagger Spray","floor":8},{"not_picked":["Accuracy","Backflip"],"picked":"After Image","floor":11},{"not_picked":["PiercingWail","Poisoned Stab"],"picked":"Tactician","floor":12},{"not_picked":["Crippling Poison","Bane"],"picked":"Backflip","floor":13},{"not_picked":["Expertise","Dodge and Roll"],"picked":"Cloak And Dagger","floor":14},{"not_picked":["Phantasmal Killer","A Thousand Cuts"],"picked":"Adrenaline","floor":16},{"not_picked":["Deadly Poison","Dodge and Roll"],"picked":"Cloak And Dagger+1","floor":18},{"not_picked":["Go for the Eyes","Quick Slash"],"picked":"Prepared+1","floor":20},{"not_picked":["Dash","Perfected Strike","Wild Strike"],"picked":"SKIP","floor":22},{"not_picked":["Perfected Strike","Protect"],"picked":"Battle Trance","floor":23},{"not_picked":["Clothesline","Demon Form"],"picked":"Flash of Steel","floor":25}],"player_experience":1245208,"relics_obtained":[{"floor":7,"key":"InkBottle"},{"floor":9,"key":"Matryoshka"},{"floor":23,"key":"Bottled Flame"},{"floor":26,"key":"Frozen Egg 2"},{"floor":26,"key":"Blood Vial"}],"event_choices":[{"cards_removed":["Strike_G"],"damage_healed":0,"gold_gain":0,"player_choice":"Offered Basic","damage_taken":0,"max_hp_gain":0,"max_hp_loss":0,"event_name":"Bonfire Elementals","floor":3,"gold_loss":0},{"damage_healed":0,"gold_gain":0,"player_choice":"Trade","damage_taken":0,"relics_obtained":["SsserpentHead"],"max_hp_gain":0,"max_hp_loss":0,"event_name":"FaceTrader","floor":21,"gold_loss":0},{"damage_healed":0,"gold_gain":0,"player_choice":"Ignored","damage_taken":0,"max_hp_gain":0,"max_hp_loss":0,"event_name":"Cursed Tome","floor":27,"gold_loss":0}],"is_beta":false,"boss_relics":[{"not_picked":["Runic Pyramid","Philosopher\u0027s Stone"],"picked":"SlaversCollar"}],"items_purged_floors":[19],"is_endless":false,"potions_floor_spawned":[2,5,8,12,16,18,22,23,25],"killed_by":"Cultist and Chosen","ascension_level":15}}