{"host":"k7udt7atmcuzf6l0","time":1613750952,"event":{"mods":["Act Like it!","BaseMod","Colored Map","Colored Powertips","Highlight Path","Minty Spire (QoL Compilation)","Quick Restart","Rare Cards Sparkle","Relic Stats","StSLib","UnlockEverythingMod"],"gold_per_floor":[115,16,91,106,61,80,80,80,80,110,136,136,166,72,72,172,172,191,45,45,45,45,45,62,72,72,86,86,99,99,129,129,226,226,244,257,268,268,268,268],"floor_reached":39,"language":"ZHS","playtime":1029,"items_purged":["Strike_R"],"score":432,"play_id":"2146cf94-3dcb-4353-b423-0c7103bfa6f6","local_time":"20210220000912","is_ascension_mode":false,"campfire_choices":[{"data":"Armaments","floor":7.0,"key":"SMITH"},{"data":"Rage","floor":12.0,"key":"SMITH"},{"data":"Flex","floor":15.0,"key":"SMITH"},{"data":"Offering","floor":23,"key":"SMITH"},{"data":"Sword Boomerang","floor":28,"key":"SMITH"},{"data":"Dual Wield","floor":30,"key":"SMITH"},{"data":"Seeing Red","floor":32,"key":"SMITH"}],"circlet_count":0,"master_deck":["Strike_R+1","Strike_R+1","Strike_R+1","Strike_R+1","Defend_R+1","Defend_R+1","Defend_R+1","Defend_R+1","Bash","Pommel Strike","Anger","Thunderclap","Armaments+1","Rage+1","Offering+1","Flex+1","Rampage","Brutality","Seeing Red+1","Dual Wield+1","Rage+1","Sword Boomerang+1","Twin Strike+1","Double Tap","Clash","Warcry+1"],"relics":["Burning Blood","NeowsBlessing","Blood Vial","MealTicket","Bag of Marbles","Juzu Bracelet","Mark of Pain","Anchor","HornCleat","Nilry\u0027s Codex","Eternal Feather","Tiny Chest","SlaversCollar"],"acts_visited":["Exordium","TheCity","TheBeyond"],"potions_floor_usage":[24,33,37,37],"damage_taken":[{"damage":0.0,"enemies":"Small Slimes","floor":1.0,"turns":1.0},{"damage":0.0,"enemies":"Jaw Worm","floor":4.0,"turns":1.0},{"damage":0.0,"enemies":"2 Louse","floor":6.0,"turns":1.0},{"damage":12.0,"enemies":"3 Sentries","floor":11.0,"turns":7.0},{"damage":6.0,"enemies":"Gremlin Nob","floor":13.0,"turns":3.0},{"damage":39.0,"enemies":"Hexaghost","floor":16.0,"turns":6.0},{"damage":35,"enemies":"Chosen","floor":18,"turns":6},{"damage":0,"enemies":"Shell Parasite","floor":24,"turns":2},{"damage":7,"enemies":"Cultist and Chosen","floor":25,"turns":3},{"damage":22,"enemies":"Snecko","floor":27,"turns":4},{"damage":11,"enemies":"Centurion and Healer","floor":29,"turns":4},{"damage":44,"enemies":"Gremlin Leader","floor":31,"turns":5},{"damage":7,"enemies":"Collector","floor":33,"turns":4},{"damage":40,"enemies":"3 Darklings","floor":35,"turns":6},{"damage":19,"enemies":"3 Shapes","floor":36,"turns":5},{"damage":23,"enemies":"Maw","floor":37,"turns":5},{"damage":8,"enemies":"Sphere and 2 Shapes","floor":39,"turns":4}],"seed_played":"-2541741196731569414","potions_obtained":[{"floor":1.0,"key":"Strength Potion"},{"floor":6.0,"key":"SpeedPotion"},{"floor":18,"key":"AttackPotion"},{"floor":27,"key":"Ancient Potion"},{"floor":29,"key":"SteroidPotion"},{"floor":33,"key":"PowerPotion"},{"floor":36,"key":"Ancient Potion"},{"floor":37,"key":"Strength Potion"}],"is_trial":false,"path_per_floor":["M","$","?","M","$","M","R","?","T","?","E","R","E","$","R","B",null,"M","$","?","T","?","R","M","M","T","M","R","M","R","E","R","B",null,"M","M","M","?","M"],"character_chosen":"IRONCLAD","items_purchased":["Anger","Armaments","Flex","Rampage","Anchor"],"campfire_rested":0,"item_purchase_floors":[2,5,14,14,19],"current_hp_per_floor":[80,80,69,75,75,80,80,85,85,85,79,79,81,85,85,52,85,56,71,71,71,55,55,63,64,64,50,62,59,71,35,47,48,85,51,40,25,25,19,19],"gold":268,"neow_bonus":"THREE_ENEMY_KILL","is_daily":false,"chose_seed":false,"campfire_upgraded":7,"win_rate":0.0,"timestamp":1613750952,"path_taken":["M","$","?","M","$","M","R","?","T","?","E","R","E","$","R","BOSS","M","$","?","?","?","R","M","M","T","M","R","M","R","E","R","BOSS","M","M","M","?","M"],"items_purchased_type":["Card","Card","Card","Card","Relic"],"build_version":"2020-12-22","purchased_purges":1,"victory":false,"max_hp_per_floor":[80,80,80,80,80,80,80,85,85,85,85,85,85,85,85,85,85,85,85,85,85,85,85,85,85,85,85,85,85,85,85,85,85,85,85,85,85,85,85,85],"relic_stats":{"Blood Vial":20,"counters":[17,67],"MealTicket":19,"Eternal Feather":36,"Tiny Chest":0,"Juzu Bracelet":1,"obtain_stats":[{"NeowsBlessing":0,"Nilry\u0027s Codex":22,"Eternal Feather":26,"Juzu Bracelet":13,"Burning Blood":0,"Blood Vial":9,"SlaversCollar":34,"Anchor":19,"HornCleat":21,"MealTicket":10,"Tiny Chest":31,"Mark of Pain":17,"Bag of Marbles":11},{"NeowsBlessing":0,"Nilry\u0027s Codex":7,"Eternal Feather":9,"Juzu Bracelet":5,"Burning Blood":0,"Blood Vial":3,"SlaversCollar":13,"Anchor":7,"HornCleat":7,"MealTicket":3,"Tiny Chest":12,"Mark of Pain":6,"Bag of Marbles":4},{"NeowsBlessing":0,"Nilry\u0027s Codex":25,"Eternal Feather":30,"Juzu Bracelet":13,"Burning Blood":0,"Blood Vial":3,"SlaversCollar":47,"Anchor":25,"HornCleat":25,"MealTicket":3,"Tiny Chest":43,"Mark of Pain":19,"Bag of Marbles":10}],"Burning Blood":89},"card_choices":[{"not_picked":["Hemokinesis","Clash"],"picked":"Pommel Strike","floor":1.0},{"not_picked":["Warcry","Evolve"],"picked":"Thunderclap","floor":4.0},{"not_picked":["True Grit","Perfected Strike"],"picked":"Rage","floor":6.0},{"not_picked":["Flame Barrier","Burning Pact"],"picked":"Offering","floor":11.0},{"not_picked":["True Grit","Disarm","Hemokinesis"],"picked":"SKIP","floor":13.0},{"not_picked":["Limit Break","Offering"],"picked":"Brutality","floor":16.0},{"not_picked":["Bloodletting","Carnage"],"picked":"Seeing Red","floor":18},{"not_picked":["Anger","Pommel Strike"],"picked":"Dual Wield","floor":24},{"not_picked":["Sever Soul","Body Slam"],"picked":"Rage+1","floor":25},{"not_picked":["Clothesline","Wild Strike"],"picked":"Sword Boomerang","floor":27},{"not_picked":["Body Slam","Blood for Blood+1","Cleave"],"picked":"SKIP","floor":29},{"not_picked":["Sword Boomerang","Body Slam"],"picked":"Twin Strike+1","floor":31},{"not_picked":["Brutality","Exhume"],"picked":"Double Tap","floor":33},{"not_picked":["Power Through","Armaments+1","Sword Boomerang"],"picked":"SKIP","floor":35},{"not_picked":["Perfected Strike","Sword Boomerang"],"picked":"Clash","floor":36},{"not_picked":["Perfected Strike","Armaments"],"picked":"Warcry+1","floor":37}],"player_experience":145115,"relics_obtained":[{"floor":9.0,"key":"Blood Vial"},{"floor":11.0,"key":"Bag of Marbles"},{"floor":13.0,"key":"Juzu Bracelet"},{"floor":21,"key":"HornCleat"},{"floor":22,"key":"Nilry\u0027s Codex"},{"floor":26,"key":"Eternal Feather"},{"floor":31,"key":"Tiny Chest"}],"event_choices":[{"damage_healed":0.0,"max_hp_gain":0.0,"max_hp_loss":0.0,"gold_gain":75.0,"event_name":"World of Goop","player_choice":"Gather Gold","floor":3.0,"gold_loss":0.0,"damage_taken":11.0},{"damage_healed":0.0,"max_hp_gain":5.0,"max_hp_loss":0.0,"gold_gain":0.0,"event_name":"Big Fish","player_choice":"Donut","floor":8.0,"gold_loss":0.0,"damage_taken":0.0},{"damage_healed":0.0,"max_hp_gain":0.0,"max_hp_loss":0.0,"gold_gain":30.0,"event_name":"Dead Adventurer","player_choice":"Searched \u00272\u0027 times","floor":10.0,"gold_loss":0.0,"damage_taken":0.0,"relics_obtained":["MealTicket"]},{"damage_healed":0,"gold_gain":0,"player_choice":"Simplicity","damage_taken":0,"max_hp_gain":0,"max_hp_loss":0,"event_name":"Back to Basics","floor":20,"gold_loss":0,"cards_upgraded":["Strike_R","Strike_R","Strike_R","Strike_R","Defend_R","Defend_R","Defend_R","Defend_R"]},{"damage_healed":0,"gold_gain":0,"player_choice":"Obtained Book","damage_taken":16,"max_hp_gain":0,"max_hp_loss":0,"event_name":"Cursed Tome","floor":22,"gold_loss":0},{"damage_healed":0,"gold_gain":0,"player_choice":"Ignored","damage_taken":0,"max_hp_gain":0,"max_hp_loss":0,"event_name":"Tomb of Lord Red Mask","floor":38,"gold_loss":0}],"is_beta":false,"boss_relics":[{"not_picked":["Pandora\u0027s Box","Fusion Hammer"],"picked":"Mark of Pain"},{"not_picked":["Runic Cube","Runic Dome"],"picked":"SlaversCollar"}],"items_purged_floors":[2],"is_endless":false,"potions_floor_spawned":[1,6,18,27,29,33,36,37],"killed_by":"Sphere and 2 Shapes","ascension_level":0}}