{"host":"snd6571rw3150vxe","time":1613778247,"event":{"mods":["AchievementEnabler","BaseMod","Bestiary","Colored Powertips","Highlight Path","Minty Spire (QoL Compilation)","Quick Restart","Random Character Button","Relic Stats","StSLib","slay the spire mod where everything is the same but ironclad has a cowboy hat"],"gold_per_floor":[109,284,56,72,72,72,106,106,106,125,145,145,145,156,156,156,156],"floor_reached":16,"language":"ENG","playtime":234,"items_purged":["Doubt"],"score":125,"play_id":"1c8dfd9e-5313-4436-8fc7-22583b8dbb84","local_time":"20210220014407","is_ascension_mode":false,"campfire_choices":[{"data":"Bash","floor":6,"key":"SMITH"},{"data":"Strike_R","floor":8,"key":"SMITH"},{"data":"Strike_R","floor":15,"key":"SMITH"}],"circlet_count":0,"master_deck":["Strike_R","Strike_R","Strike_R+1","Strike_R+1","Strike_R","Defend_R","Defend_R","Defend_R","Bash+1"],"relics":["Burning Blood","NeowsBlessing","Tiny Chest","Anchor","Blue Candle","Bag of Preparation"],"acts_visited":["Exordium"],"potions_floor_usage":[16,16],"damage_taken":[{"damage":0,"enemies":"Small Slimes","floor":1,"turns":1},{"damage":0,"enemies":"Cultist","floor":4,"turns":1},{"damage":0,"enemies":"Lagavulin","floor":7,"turns":1},{"damage":1,"enemies":"Jaw Worm","floor":10,"turns":2},{"damage":0,"enemies":"Looter","floor":11,"turns":3},{"damage":7,"enemies":"Blue Slaver","floor":14,"turns":3},{"damage":85,"enemies":"Hexaghost","floor":16,"turns":9}],"seed_played":"4041278398276223695","potions_obtained":[{"floor":11,"key":"Dexterity Potion"},{"floor":14,"key":"Strength Potion"}],"is_trial":false,"path_per_floor":["M","?","$","M","?","R","E","R","T","M","M","?","T","M","R","B"],"character_chosen":"IRONCLAD","items_purchased":["Tiny Chest"],"campfire_rested":0,"item_purchase_floors":[3],"current_hp_per_floor":[80,80,80,80,80,80,80,80,80,80,80,85,85,84,84,0,0],"gold":156,"neow_bonus":"THREE_ENEMY_KILL","is_daily":false,"chose_seed":false,"campfire_upgraded":3,"win_rate":0.0,"timestamp":1613778247,"path_taken":["M","?","$","M","?","R","E","R","T","M","?","?","?","M","R","BOSS"],"items_purchased_type":["Relic"],"build_version":"2020-12-22","purchased_purges":1,"victory":false,"max_hp_per_floor":[80,80,80,80,80,80,80,80,80,80,80,85,85,85,85,85,85],"relic_stats":{"counters":[7,20],"Blue Candle":[0],"Tiny Chest":1,"Bag of Preparation":[4],"obtain_stats":[{"Anchor":7,"NeowsBlessing":0,"Blue Candle":9,"Tiny Chest":3,"Bag of Preparation":13,"Burning Blood":0},{"Anchor":3,"NeowsBlessing":0,"Blue Candle":3,"Tiny Chest":1,"Bag of Preparation":5,"Burning Blood":0},{"Anchor":3,"NeowsBlessing":0,"Blue Candle":3,"Tiny Chest":1,"Bag of Preparation":8,"Burning Blood":0}],"Burning Blood":7},"card_choices":[{"not_picked":["Thunderclap","Ghostly Armor","Pommel Strike"],"picked":"SKIP","floor":1},{"not_picked":["Reckless Charge","Iron Wave","Bloodletting"],"picked":"SKIP","floor":4},{"not_picked":["Battle Trance","Second Wind","Exhume"],"picked":"SKIP","floor":7},{"not_picked":["Havoc","Perfected Strike","Twin Strike"],"picked":"SKIP","floor":10},{"not_picked":["Clash","Searing Blow","Hemokinesis"],"picked":"SKIP","floor":11},{"not_picked":["Clash","Cleave","Ghostly Armor"],"picked":"SKIP","floor":14}],"player_experience":370902,"relics_obtained":[{"floor":7,"key":"Anchor"},{"floor":9,"key":"Blue Candle"},{"floor":13,"key":"Bag of Preparation"}],"event_choices":[{"damage_healed":0,"gold_gain":175,"player_choice":"AGREE","damage_taken":0,"max_hp_gain":0,"max_hp_loss":0,"event_name":"Liars Game","floor":2,"gold_loss":0,"cards_obtained":["Doubt"]},{"cards_removed":["Defend_R"],"damage_healed":0,"gold_gain":0,"player_choice":"Purged","damage_taken":0,"max_hp_gain":0,"max_hp_loss":0,"event_name":"Purifier","floor":5,"gold_loss":0},{"damage_healed":0,"gold_gain":0,"player_choice":"Donut","damage_taken":0,"max_hp_gain":5,"max_hp_loss":0,"event_name":"Big Fish","floor":12,"gold_loss":0}],"is_beta":false,"boss_relics":[],"items_purged_floors":[3],"is_endless":false,"potions_floor_spawned":[11,14],"killed_by":"Hexaghost","ascension_level":0}}