{"host":"4epvxsx6d4oxmc67","time":1613734671,"event":{"mods":["AchievementEnabler","BaseMod","Colored Map","Highlight Path","Minty Spire (QoL Compilation)"],"gold_per_floor":[119,38,38,54,54,54,66,66,66,66,66,97,97,97,97,202,202,216,166,190,203,214,225,257,257,257,272,197,217,217,15,15,120,120,140,159,159,173,185,185,200,229,229,246,246,298,69,118,118,118],"floor_reached":51,"language":"ENG","playtime":2679,"items_purged":["Strike_R","Strike_R"],"score":971,"play_id":"4df16b99-dd70-431c-a7ef-281fb6107bb6","local_time":"20210219113751","is_ascension_mode":true,"campfire_choices":[{"data":"Fiend Fire","floor":6.0,"key":"SMITH"},{"data":"Sword Boomerang","floor":8.0,"key":"SMITH"},{"data":"Clothesline","floor":11.0,"key":"SMITH"},{"data":"Shockwave","floor":13.0,"key":"SMITH"},{"data":"Bash","floor":15.0,"key":"SMITH"},{"data":"Double Tap","floor":25.0,"key":"SMITH"},{"data":"Barricade","floor":30.0,"key":"SMITH"},{"floor":32.0,"key":"REST"},{"data":"Reaper","floor":40.0,"key":"SMITH"},{"floor":45.0,"key":"REST"},{"floor":49,"key":"REST"}],"circlet_count":0,"master_deck":["Defend_R+1","Defend_R","Defend_R","Bash+1","Clothesline+1","Fiend Fire+1","Sword Boomerang+1","Disarm","Shockwave+1","Feed","Bash","Double Tap+1","Power Through","Sword Boomerang+1","Fire Breathing+1","Exhume","Barricade+1","Spot Weakness","Reaper+1","Seeing Red+1","Seeing Red","True Grit+1","Sentinel+1","Cleave+1","Armaments+1","Exhume+1","Feel No Pain","Headbutt+1","Feel No Pain"],"relics":["Black Blood","NeowsBlessing","Mercury Hourglass","Smiling Mask","Snecko Eye","Red Skull","HornCleat","Strawberry","Dream Catcher","War Paint","Toxic Egg 2","Bag of Marbles","Happy Flower","Magic Flower"],"acts_visited":["Exordium","TheCity","TheBeyond"],"potions_floor_usage":[48,50,50],"damage_taken":[{"damage":0.0,"enemies":"Small Slimes","floor":1.0,"turns":1.0},{"damage":0.0,"enemies":"Jaw Worm","floor":4.0,"turns":1.0},{"damage":0.0,"enemies":"Cultist","floor":7.0,"turns":1.0},{"damage":20.0,"enemies":"Lagavulin","floor":12.0,"turns":5.0},{"damage":58.0,"enemies":"The Guardian","floor":16.0,"turns":12.0},{"damage":6.0,"enemies":"3 Byrds","floor":18.0,"turns":4.0},{"damage":4.0,"enemies":"Shell Parasite","floor":21.0,"turns":2.0},{"damage":9.0,"enemies":"Snake Plant","floor":22.0,"turns":2.0},{"damage":2.0,"enemies":"Snecko","floor":23.0,"turns":3.0},{"damage":20.0,"enemies":"Gremlin Leader","floor":24.0,"turns":4.0},{"damage":9.0,"enemies":"Cultist and Chosen","floor":27.0,"turns":4.0},{"damage":7.0,"enemies":"Snake Plant","floor":29.0,"turns":3.0},{"damage":52.0,"enemies":"Champ","floor":33.0,"turns":9.0},{"damage":18.0,"enemies":"Orb Walker","floor":35.0,"turns":4.0},{"damage":19.0,"enemies":"3 Shapes","floor":36.0,"turns":7.0},{"damage":23.0,"enemies":"Sphere and 2 Shapes","floor":38.0,"turns":4.0},{"damage":2.0,"enemies":"Transient","floor":39.0,"turns":5.0},{"damage":0.0,"enemies":"Maw","floor":41.0,"turns":9.0},{"damage":47.0,"enemies":"Nemesis","floor":42.0,"turns":7.0},{"damage":28.0,"enemies":"Sphere and 2 Shapes","floor":44.0,"turns":8.0},{"damage":74,"enemies":"2 Orb Walkers","floor":48,"turns":6},{"damage":78,"enemies":"Time Eater","floor":50,"turns":18}],"seed_played":"-8912668015349307372","potions_obtained":[{"floor":1.0,"key":"PowerPotion"},{"floor":12.0,"key":"SteroidPotion"},{"floor":18.0,"key":"Fire Potion"},{"floor":23.0,"key":"SkillPotion"},{"floor":24.0,"key":"ElixirPotion"},{"floor":27.0,"key":"EssenceOfSteel"},{"floor":33.0,"key":"SneckoOil"},{"floor":35.0,"key":"Fruit Juice"},{"floor":42.0,"key":"Dexterity Potion"},{"floor":44.0,"key":"SneckoOil"},{"floor":48,"key":"BloodPotion"}],"is_trial":false,"path_per_floor":["M","$","?","M","?","R","M","R","T","?","R","E","R","?","R","B",null,"M","$","T","M","M","M","E","R","T","M","?","M","R","$","R","B",null,"M","M","?","M","M","R","M","E","T","M","R","T","$","?","R","B",null],"character_chosen":"IRONCLAD","items_purchased":["Fiend Fire","Dream Catcher","Feel No Pain","Happy Flower"],"campfire_rested":3,"item_purchase_floors":[2,31,47,47],"current_hp_per_floor":[78,78,71,77,77,77,80,80,80,80,80,66,66,66,66,17,67,67,67,67,69,69,76,65,65,72,69,69,68,68,68,97,51,87,87,86,86,75,102,102,105,86,86,70,101,101,101,58,89,79],"gold":118,"neow_bonus":"THREE_ENEMY_KILL","is_daily":false,"chose_seed":false,"campfire_upgraded":8,"win_rate":0.0,"timestamp":1613734671,"path_taken":["M","$","?","M","?","R","M","R","T","?","R","E","R","?","R","BOSS","M","?","?","M","M","M","E","R","T","M","?","M","R","$","R","BOSS","M","M","?","?","M","R","M","E","T","M","R","?","?","?","R","BOSS"],"items_purchased_type":["Card","Relic","Card","Relic"],"build_version":"2020-12-22","purchased_purges":2,"victory":true,"max_hp_per_floor":[80,80,80,80,80,80,80,80,80,80,80,80,80,80,80,83,83,83,83,83,83,86,89,92,92,99,99,99,99,99,99,99,99,99,99,105,105,105,105,105,105,105,105,105,105,105,105,105,105,110],"card_choices":[{"not_picked":["Sentinel","Iron Wave"],"picked":"Clothesline","floor":1.0},{"not_picked":["Rupture","True Grit"],"picked":"Sword Boomerang","floor":4.0},{"not_picked":["Twin Strike","Heavy Blade"],"picked":"Disarm","floor":7.0},{"not_picked":["Entrench","Havoc"],"picked":"Shockwave","floor":12.0},{"not_picked":["Immolate","Exhume"],"picked":"Double Tap","floor":16.0},{"not_picked":["Heavy Blade","Reckless Charge"],"picked":"Power Through","floor":18.0},{"not_picked":["Pommel Strike","Dropkick"],"picked":"Sword Boomerang+1","floor":21.0},{"not_picked":["Warcry","Bloodletting"],"picked":"Fire Breathing+1","floor":22.0},{"not_picked":["Heavy Blade","Wild Strike"],"picked":"Exhume","floor":23.0},{"not_picked":["Anger+1","Dual Wield+1","Disarm"],"picked":"SKIP","floor":24.0},{"not_picked":["Whirlwind","Anger","Shockwave"],"picked":"SKIP","floor":27.0},{"not_picked":["Havoc+1","Headbutt"],"picked":"Barricade","floor":29.0},{"not_picked":["Dark Embrace","Evolve"],"picked":"Spot Weakness","floor":32.0},{"not_picked":["Immolate","Brutality"],"picked":"Reaper","floor":33.0},{"not_picked":["Flex+1","Perfected Strike+1","Cleave"],"picked":"SKIP","floor":35.0},{"not_picked":["Armaments+1","Anger"],"picked":"Seeing Red","floor":36.0},{"not_picked":["Flex+1","Sword Boomerang+1","Fire Breathing"],"picked":"SKIP","floor":38.0},{"not_picked":["Dual Wield+1","Dark Embrace"],"picked":"True Grit+1","floor":39.0},{"not_picked":["Heavy Blade","Seeing Red"],"picked":"Sentinel+1","floor":41.0},{"not_picked":["Rage","Blood for Blood+1"],"picked":"Cleave+1","floor":42.0},{"not_picked":["Anger","Disarm+1"],"picked":"Armaments+1","floor":44.0},{"not_picked":["Hemokinesis","Havoc+1"],"picked":"Exhume+1","floor":45.0},{"not_picked":["Seeing Red+1","Thunderclap+1"],"picked":"Headbutt+1","floor":48},{"not_picked":["Clothesline","Twin Strike+1"],"picked":"Feel No Pain","floor":49}],"player_experience":142284,"relics_obtained":[{"floor":9.0,"key":"Mercury Hourglass"},{"floor":12.0,"key":"Smiling Mask"},{"floor":20.0,"key":"Red Skull"},{"floor":24.0,"key":"HornCleat"},{"floor":26.0,"key":"Strawberry"},{"floor":42.0,"key":"War Paint"},{"floor":43.0,"key":"Toxic Egg 2"},{"floor":46.0,"key":"Bag of Marbles"},{"floor":48,"key":"Magic Flower"}],"event_choices":[{"cards_removed":["Strike_R"],"damage_healed":0.0,"max_hp_gain":0.0,"max_hp_loss":0.0,"gold_gain":0.0,"event_name":"Golden Wing","player_choice":"Card Removal","floor":3.0,"gold_loss":0.0,"damage_taken":7.0},{"damage_healed":0.0,"max_hp_gain":0.0,"max_hp_loss":0.0,"gold_gain":0.0,"event_name":"Liars Game","player_choice":"Ignored","floor":5.0,"gold_loss":0.0,"damage_taken":0.0},{"cards_removed":["Strike_R"],"damage_healed":0.0,"max_hp_gain":0.0,"max_hp_loss":0.0,"gold_gain":0.0,"event_name":"Living Wall","player_choice":"Forget","floor":10.0,"gold_loss":0.0,"damage_taken":0.0},{"damage_healed":0.0,"max_hp_gain":0.0,"max_hp_loss":0.0,"gold_gain":0.0,"event_name":"Match and Keep!","player_choice":"2 cards matched","floor":14.0,"gold_loss":0.0,"damage_taken":0.0,"cards_obtained":["Feed","Bash"]},{"cards_removed":["Defend_R"],"damage_healed":0.0,"max_hp_gain":0.0,"max_hp_loss":0.0,"gold_gain":0.0,"event_name":"Beggar","player_choice":"Gave Gold","floor":28.0,"gold_loss":75.0,"damage_taken":0.0},{"damage_healed":0.0,"max_hp_gain":0.0,"max_hp_loss":0.0,"gold_gain":0.0,"cards_transformed":["Strike_R"],"event_name":"Transmorgrifier","player_choice":"Transformed","floor":37.0,"gold_loss":0.0,"damage_taken":0.0,"cards_obtained":["Seeing Red"]},{"damage_healed":0,"gold_gain":0,"player_choice":"Fight","damage_taken":0,"max_hp_gain":0,"max_hp_loss":0,"event_name":"Mysterious Sphere","floor":48,"gold_loss":0}],"is_beta":false,"boss_relics":[{"not_picked":["Calling Bell","Pandora\u0027s Box"],"picked":"Snecko Eye"},{"not_picked":["Cursed Key","Sozu"],"picked":"Black Blood"}],"items_purged_floors":[19,31],"is_endless":false,"potions_floor_spawned":[1,12,18,23,24,27,33,35,42,44,48],"ascension_level":7}}