{"host":"q6ff4ns2kep02ti6","time":1613768581,"event":{"mods":["AchievementEnabler","BaseMod","Minty Spire (QoL Compilation)","Relic Stats","StSLib","Unceasing Turn Reminder"],"gold_per_floor":[110,120,45,55,74,74,109,136,163,163,18,37,63,80,80,80,80],"floor_reached":16,"language":"ENG","playtime":956,"items_purged":["Strike_R"],"score":224,"play_id":"923b7e87-d0bd-461d-aa7c-9b17e5928cd8","local_time":"20210219220301","is_ascension_mode":true,"campfire_choices":[{"data":"Sever Soul","floor":6,"key":"SMITH"},{"floor":10,"key":"REST"},{"floor":15,"key":"REST"}],"circlet_count":0,"master_deck":["AscendersBane","Strike_R","Strike_R","Strike_R","Strike_R","Defend_R","Defend_R","Defend_R","Bash","Bloodletting","True Grit","Sever Soul+1","Rupture","Cleave","Uppercut","Dark Embrace","Corruption"],"relics":["Busted Crown","Smiling Mask","Odd Mushroom","Tiny Chest","Red Skull"],"acts_visited":["Exordium"],"potions_floor_usage":[2,7,13,14],"damage_taken":[{"damage":10,"enemies":"Small Slimes","floor":1,"turns":3},{"damage":7,"enemies":"Jaw Worm","floor":2,"turns":3},{"damage":4,"enemies":"2 Louse","floor":4,"turns":3},{"damage":5,"enemies":"Exordium Wildlife","floor":5,"turns":3},{"damage":4,"enemies":"Gremlin Nob","floor":7,"turns":3},{"damage":19,"enemies":"The Mushroom Lair","floor":8,"turns":4},{"damage":16,"enemies":"Lots of Slimes","floor":12,"turns":3},{"damage":23,"enemies":"Lagavulin","floor":13,"turns":5},{"damage":0,"enemies":"2 Fungi Beasts","floor":14,"turns":2},{"damage":26,"enemies":"Hexaghost","floor":16,"turns":7}],"seed_played":"-8986271359596727390","potions_obtained":[{"floor":1,"key":"BlessingOfTheForge"},{"floor":2,"key":"Fire Potion"},{"floor":12,"key":"PowerPotion"}],"is_trial":false,"path_per_floor":["M","M","?","M","M","R","E","?","T","R","$","M","E","M","R","B"],"character_chosen":"IRONCLAD","items_purchased":["Dark Embrace","Fire Potion"],"campfire_rested":2,"item_purchase_floors":[11,11],"current_hp_per_floor":[58,51,51,47,42,42,38,19,19,41,41,25,2,2,24,0,0],"gold":80,"neow_bonus":"BOSS_RELIC","is_daily":false,"chose_seed":false,"campfire_upgraded":1,"win_rate":0.0,"timestamp":1613768581,"path_taken":["M","M","?","M","M","R","E","?","T","R","$","M","E","M","R","BOSS"],"items_purchased_type":["Card","Potion"],"build_version":"2020-12-22","purchased_purges":1,"victory":false,"max_hp_per_floor":[75,75,75,75,75,75,75,75,75,75,75,75,75,75,75,75,75],"relic_stats":{"Busted Crown":18,"counters":[10,36],"Tiny Chest":0,"Smiling Mask":25,"obtain_stats":[{"Busted Crown":0,"Tiny Chest":9,"Odd Mushroom":8,"Smiling Mask":7,"Burning Blood":0,"Red Skull":13},{"Busted Crown":0,"Tiny Chest":6,"Odd Mushroom":6,"Smiling Mask":5,"Burning Blood":0,"Red Skull":8},{"Busted Crown":0,"Tiny Chest":19,"Odd Mushroom":19,"Smiling Mask":15,"Burning Blood":0,"Red Skull":27}]},"card_choices":[{"not_picked":[],"picked":"Bloodletting","floor":1},{"not_picked":[],"picked":"True Grit","floor":2},{"not_picked":[],"picked":"Sever Soul","floor":4},{"not_picked":[],"picked":"Rupture","floor":5},{"not_picked":[],"picked":"Cleave","floor":7},{"not_picked":[],"picked":"Uppercut","floor":8},{"not_picked":["Thunderclap"],"picked":"SKIP","floor":12},{"not_picked":[],"picked":"Corruption","floor":13},{"not_picked":["Twin Strike"],"picked":"SKIP","floor":14}],"player_experience":1089209,"relics_obtained":[{"floor":7,"key":"Smiling Mask"},{"floor":8,"key":"Odd Mushroom"},{"floor":9,"key":"Tiny Chest"},{"floor":13,"key":"Red Skull"}],"event_choices":[{"cards_removed":["Defend_R"],"damage_healed":0,"gold_gain":0,"player_choice":"Card Removal","damage_taken":0,"max_hp_gain":0,"max_hp_loss":0,"event_name":"The Cleric","floor":3,"gold_loss":75},{"damage_healed":0,"gold_gain":0,"player_choice":"Fought Mushrooms","damage_taken":0,"max_hp_gain":0,"max_hp_loss":0,"event_name":"Mushrooms","floor":8,"gold_loss":0}],"is_beta":false,"boss_relics":[],"items_purged_floors":[11],"is_endless":false,"potions_floor_spawned":[1,2,12],"killed_by":"Hexaghost","ascension_level":20}}