{"host":"avfk0uqadyfnr875","time":1613736130,"event":{"mods":["2.2 Compatiblity","Act Like it!","BaseMod","Chen","Colored Powertips","Downfall","Gensokyo","Koishi","KomeijiMod","Marisa（F雨　魔理沙）","Minty Spire (QoL Compilation)","Pale of the Ancients","Quick Restart","READ ME - Guardian Mod","Reimu（博丽灵梦）","Shop Mod","StSLib","The Animator","Yakumo Yukari mod","[功能]功能增强和修复MOD"],"gold_per_floor":[363,216,227,50,69,69,69,102,125,157,157,157,189,204,204,693,693,708,708,708,708,725,725,725,751,751,761,761,590,624,443,443,950,950,962,962,796,796,809,835,851,876,876,907,907,939,939,950,950,950,950,950,760,794,794],"floor_reached":56,"language":"ZHS","playtime":4720,"items_purged":["Strike_MRS","Strike_MRS","Strike_MRS","Strike_MRS","PulseMagic"],"score":2639,"play_id":"6871ad1e-c0a4-46c5-b03f-a3028c6c6b07","local_time":"20210219200210","is_ascension_mode":true,"campfire_choices":[{"data":"RidiculousThoughts","floor":6,"key":"SMITH"},{"floor":11,"key":"REST"},{"data":"EscapeVelocity","floor":23,"key":"SMITH"},{"floor":32,"key":"RECALL"},{"data":"MillisecondPulsars","floor":49,"key":"SMITH"},{"data":"StarDustReverie","floor":52,"key":"SMITH"}],"circlet_count":0,"master_deck":["AscendersBane","Defend_MRS+1","Defend_MRS+1","Defend_MRS","Defend_MRS","MasterSpark","UpSweep","FairyDestructionRay","MeteoricShower","RidiculousThoughts+1","SporeBomb","BinaryStars","Bandage Up","AsteroidBelt","MeteoricShower","JA","DarkMatter","AlicesGift+1","SprinkleStarSeal","MeteoricShower","AsteroidBelt","EscapeVelocity+1","UltimateShortwave","BlazingStar","UltimateShortwave","GravityBeat","MillisecondPulsars+1","Parasite","Parasite","StarBarrage","MagicAbsorber","EnergyFlow","DragonMeteor","DeepEcoloBomb+1","RidiculousThoughts","WitchLeyline","AsteroidBelt","MagicChant","EnergyFlow","Gensokyo:ShootingStar","BinaryStars","CollectingQuirk","StarDustReverie+1","BinaryStars","MilkyWay","MeteoricShower+1","WitchLeyline","AsteroidBelt+1","MaximisePower","Gensokyo:PrivateSquare","Thinking Ahead","Impatience"],"relics":["MiniHakkero","Torii","Art of War","Kunai","Chemical X","War Paint","Gensokyo:MarisaImprobabilityPotion","Boot","MealTicket","Centennial Puzzle","Anchor","Bottled Tornado","bronze:MakeshiftBattery","Gensokyo:RedStar","ShroomBag","Darkstone Periapt","AmplifyWand","Tea:ReiMu","Gensokyo:SongOfSouls","Bag of Preparation","Prayer Wheel","TheAbacus","Omamori","Pear","Letter Opener","HandDrill","Orichalcum","ShirouKen","Busted Crown","Calipers","Shuriken","Sling","Girya","Bird Faced Urn","Meat on the Bone","Mango","Vajra","Incense Burner","Guardian:PocketSentry","Ginger","OrangePellets","Bronze Scales"],"acts_visited":["Gensokyo:Gensokyo","Gensokyo:Gensokyoer","Gensokyo:Gensokyoest","TheEnding"],"potions_floor_usage":[3,8,25,46,55,55],"damage_taken":[{"damage":9,"enemies":"Gensokyo:Gryphon","floor":1,"turns":3},{"damage":8,"enemies":"Gensokyo:Python","floor":3,"turns":3},{"damage":8,"enemies":"Gensokyo:3_Fairies","floor":5,"turns":4},{"damage":16,"enemies":"Gensokyo:Cirno","floor":8,"turns":7},{"damage":0,"enemies":"Gensokyo:Mamizou","floor":10,"turns":3},{"damage":0,"enemies":"Gensokyo:Cirno","floor":13,"turns":4},{"damage":2,"enemies":"Gensokyo:3_Kodama","floor":14,"turns":3},{"damage":0,"enemies":"Gensokyo:Reimu","floor":16,"turns":5},{"damage":7,"enemies":"Gensokyo:Chomper","floor":18,"turns":3},{"damage":6,"enemies":"Gensokyo:AngelMirror","floor":22,"turns":2},{"damage":9,"enemies":"Gensokyo:Tenshi","floor":25,"turns":3},{"damage":0,"enemies":"Gensokyo:3_Gloops","floor":27,"turns":4},{"damage":0,"enemies":"Gensokyo:Reisen","floor":30,"turns":3},{"damage":10,"enemies":"Gensokyo:Kaguya","floor":33,"turns":7},{"damage":0,"enemies":"Gensokyo:3_Bats","floor":35,"turns":1},{"damage":0,"enemies":"Gensokyo:3_Boulders","floor":39,"turns":1},{"damage":0,"enemies":"Gensokyo:Kasen","floor":40,"turns":2},{"damage":0,"enemies":"Gensokyo:AtlasGolem","floor":41,"turns":3},{"damage":0,"enemies":"Gensokyo:Marisa","floor":42,"turns":3},{"damage":2,"enemies":"Gensokyo:Kasen","floor":44,"turns":2},{"damage":3,"enemies":"Gensokyo:Marisa","floor":46,"turns":2},{"damage":0,"enemies":"Gensokyo:SeedOfUnknown","floor":48,"turns":2},{"damage":8,"enemies":"Gensokyo:Shinki","floor":50,"turns":6},{"damage":0,"enemies":"Shield and Spear","floor":54,"turns":2},{"damage":19,"enemies":"The Heart","floor":55,"turns":5}],"seed_played":"-4532701516172257312","potions_obtained":[{"floor":1,"key":"ColorlessPotion"},{"floor":1,"key":"champ:CounterPotion"},{"floor":3,"key":"ZuzhouPotion:ReiMu"},{"floor":10,"key":"Energy Potion"},{"floor":18,"key":"AttackPotion"},{"floor":30,"key":"AttackPotion"},{"floor":46,"key":"Slimebound:ThreeZeroPotion"}],"is_trial":false,"path_per_floor":["M","$","M","$","M","R","?","E","T","E","R","?","E","M","R","B",null,"M","?","?","?","M","R","T","E","T","M","?","$","E","$","R","B",null,"M","?","$","?","M","E","M","E","T","E","?","E","?","M","R","B",null,"R","$","E","B",null],"character_chosen":"MARISA","items_purchased":["RidiculousThoughts","Torii","Art of War","Kunai","Chemical X","War Paint","BinaryStars","ShootingEcho","Bandage Up","Bag of Preparation","Prayer Wheel","TheAbacus","RidiculousThoughts","Pear","Letter Opener","HandDrill","AsteroidBelt","MagicChant","EnergyFlow","Calipers","Shuriken","Sling","MilkyWay","Guardian:PocketSentry","Ginger","OrangePellets","Thinking Ahead","Impatience"],"campfire_rested":1,"item_purchase_floors":[2,2,2,4,4,4,4,4,4,29,29,29,29,31,31,31,31,31,31,37,37,37,37,53,53,53,53,53],"current_hp_per_floor":[36,36,28,28,24,24,24,12,12,16,37,37,41,43,43,47,64,61,61,61,61,61,61,61,52,52,58,58,63,63,73,73,71,73,73,59,73,73,73,73,73,73,73,87,87,86,43,53,53,59,80,80,87,87,75],"gold":794,"neow_bonus":"TWO_FIFTY_GOLD","is_daily":false,"chose_seed":false,"campfire_upgraded":4,"win_rate":0.0,"timestamp":1613736130,"path_taken":["M","$","M","$","M","R","?","E","T","E","R","?","E","?","R","BOSS","M","?","?","?","?","R","?","E","T","?","?","$","E","?","R","BOSS","M","?","$","?","M","E","?","E","T","E","?","E","?","?","R","BOSS","R","$","E","BOSS"],"items_purchased_type":["Card","Relic","Relic","Relic","Relic","Relic","Card","Card","Card","Relic","Relic","Relic","Card","Relic","Relic","Relic","Card","Card","Card","Relic","Relic","Relic","Card","Relic","Relic","Relic","Card","Card"],"build_version":"2020-12-22","purchased_purges":5,"victory":true,"max_hp_per_floor":[70,70,70,70,70,70,70,70,70,70,70,70,70,70,70,70,70,70,70,70,63,63,63,63,63,63,63,63,63,63,73,73,73,73,73,73,73,73,73,73,73,73,73,87,87,87,87,87,87,87,87,87,87,87,87],"card_choices":[{"not_picked":["LuminesStrike","Singularity"],"picked":"FairyDestructionRay","floor":1},{"not_picked":["PulseMagic","UnstableBomb"],"picked":"MeteoricShower","floor":1},{"not_picked":["WitchOfGreed","UnstableBomb"],"picked":"SporeBomb","floor":3},{"not_picked":["WitchOfGreed","DarkSpark"],"picked":"WitchLeyline","floor":3},{"not_picked":["UnstableBomb","PowerUp"],"picked":"AsteroidBelt","floor":5},{"not_picked":["EnergyRecoil","PropBag"],"picked":"MeteoricShower","floor":5},{"not_picked":["6A","DC"],"picked":"JA","floor":8},{"not_picked":["StarBarrage","GalacticHalo"],"picked":"DarkMatter","floor":10},{"not_picked":["ChargingUp","WitchOfGreed"],"picked":"SprinkleStarSeal","floor":13},{"not_picked":["SprinkleStarSeal","ShootingEcho"],"picked":"MeteoricShower","floor":14},{"not_picked":["Acceleration","GravityBeat"],"picked":"AsteroidBelt","floor":14},{"not_picked":["StarDustReverie","JA"],"picked":"EscapeVelocity","floor":16},{"not_picked":["EscapeVelocity","SuperNova"],"picked":"UltimateShortwave","floor":16},{"not_picked":["ManaRampage","CasketOfStar"],"picked":"BlazingStar","floor":16},{"not_picked":["FinalSpark","JA"],"picked":"UltimateShortwave","floor":16},{"not_picked":["WitchOfGreed","DoubleSpark"],"picked":"GravityBeat","floor":18},{"not_picked":["WitchOfGreed","GravityBeat"],"picked":"PulseMagic","floor":18},{"not_picked":["NonDirectionalLaser","UnstableBomb"],"picked":"StarBarrage","floor":22},{"not_picked":["IllusionStar","GalacticHalo"],"picked":"MagicAbsorber","floor":22},{"not_picked":["OrrerysSun","EarthLightRay"],"picked":"EnergyFlow","floor":25},{"not_picked":["BlazingStar","IllusionStar"],"picked":"DragonMeteor","floor":27},{"not_picked":["LuminesStrike","GravityBeat"],"picked":"DeepEcoloBomb+1","floor":27},{"not_picked":["GravityBeat","IllusionStar"],"picked":"WitchLeyline","floor":30},{"not_picked":[],"picked":"Gensokyo:ShootingStar","floor":33},{"not_picked":["BlazingStar","CasketOfStar"],"picked":"BinaryStars","floor":33},{"not_picked":["BigCrunch","MaximisePower"],"picked":"CollectingQuirk","floor":33},{"not_picked":["MaximisePower","AbsoluteMagnitude"],"picked":"StarDustReverie","floor":33},{"not_picked":["BlazingStar","StarDustReverie"],"picked":"BinaryStars","floor":33},{"not_picked":["WitchOfGreed"],"picked":"SKIP","floor":35},{"not_picked":["FairyDestructionRay"],"picked":"SKIP","floor":35},{"not_picked":["MysteriousBeam"],"picked":"SKIP","floor":35},{"not_picked":[],"picked":"MeteoricShower+1","floor":39},{"not_picked":["SporeBomb"],"picked":"SKIP","floor":39},{"not_picked":["ShootingEcho"],"picked":"SKIP","floor":39},{"not_picked":[],"picked":"WitchLeyline","floor":40},{"not_picked":[],"picked":"AsteroidBelt+1","floor":41},{"not_picked":["6A"],"picked":"SKIP","floor":41},{"not_picked":["DC"],"picked":"SKIP","floor":41},{"not_picked":[],"picked":"MaximisePower","floor":42},{"not_picked":["MysteriousBeam"],"picked":"SKIP","floor":44},{"not_picked":["6A"],"picked":"SKIP","floor":46},{"not_picked":["GrandCross"],"picked":"SKIP","floor":48},{"not_picked":["DarkMatter"],"picked":"SKIP","floor":48},{"not_picked":["PulseMagic"],"picked":"SKIP","floor":48},{"not_picked":["GalacticHalo"],"picked":"SKIP","floor":54}],"player_experience":422672,"relics_obtained":[{"floor":8,"key":"Boot"},{"floor":10,"key":"MealTicket"},{"floor":13,"key":"Centennial Puzzle"},{"floor":16,"key":"Anchor"},{"floor":16,"key":"Bottled Tornado"},{"floor":24,"key":"Darkstone Periapt"},{"floor":25,"key":"AmplifyWand"},{"floor":26,"key":"Tea:ReiMu"},{"floor":30,"key":"Omamori"},{"floor":33,"key":"Orichalcum"},{"floor":33,"key":"ShirouKen"},{"floor":40,"key":"Girya"},{"floor":42,"key":"Bird Faced Urn"},{"floor":43,"key":"Meat on the Bone"},{"floor":44,"key":"Mango"},{"floor":46,"key":"Vajra"},{"floor":54,"key":"Bronze Scales"}],"event_choices":[],"is_beta":false,"boss_relics":[{"not_picked":["Black Star","Runic Pyramid"],"picked":"bronze:MakeshiftBattery"},{"not_picked":["Snecko Eye","RedLine:ReiMu"],"picked":"Busted Crown"}],"items_purged_floors":[2,2,4,4,29],"is_endless":false,"potions_floor_spawned":[1,1,3,5,5,10,14,14,18,22,22,27,27,30,40,40,41,41,42,42,46,48,48,48],"ascension_level":18}}