{"host":"bf5upntvbdompq33","time":1613719933,"event":{"mods":["BaseMod","Bestiary","Colored Map","Colored Powertips","Curses Come First","Highlight Path","Minty Spire (QoL Compilation)","StSLib","ojb\u0027s Info Mod"],"gold_per_floor":[112,112,112,24,36,36,62,75,102,102,136,136,163,88,88,163,163,174,154,354,368,385,385,404,404,404],"floor_reached":25,"language":"ENG","playtime":2263,"items_purged":["Strike_R"],"score":376,"play_id":"86c62d29-f777-4eff-b067-bf13c6543c3f","local_time":"20210219003213","is_ascension_mode":true,"campfire_choices":[{"data":"Body Slam","floor":6,"key":"SMITH"},{"floor":12,"key":"REST"},{"data":"Flame Barrier","floor":15,"key":"SMITH"},{"data":"Entrench","floor":23,"key":"SMITH"}],"circlet_count":0,"master_deck":["AscendersBane","Strike_R+1","Strike_R","Strike_R","Defend_R+1","Defend_R","Defend_R","Defend_R","Bash+1","Uppercut+1","Power Through","Shrug It Off","Body Slam+1","Flame Barrier+1","Dual Wield","Cleave","Fire Breathing","Reaper","Entrench+1","Metallicize"],"relics":["Burning Blood","Bag of Marbles","Centennial Puzzle","Nunchaku","Potion Belt","Anchor","Whetstone","Sozu"],"acts_visited":["Exordium","TheCity"],"potions_floor_usage":[13,25],"damage_taken":[{"damage":0,"enemies":"Cultist","floor":1,"turns":4},{"damage":0,"enemies":"2 Louse","floor":5,"turns":3},{"damage":16,"enemies":"3 Sentries","floor":7,"turns":12},{"damage":4,"enemies":"Jaw Worm","floor":8,"turns":3},{"damage":20,"enemies":"Gremlin Nob","floor":11,"turns":4},{"damage":13,"enemies":"3 Sentries","floor":13,"turns":10},{"damage":29,"enemies":"Hexaghost","floor":16,"turns":11},{"damage":9,"enemies":"Shell Parasite","floor":18,"turns":6},{"damage":22,"enemies":"2 Thieves","floor":19,"turns":4},{"damage":26,"enemies":"Shelled Parasite and Fungi","floor":21,"turns":9},{"damage":9,"enemies":"Snecko","floor":22,"turns":6},{"damage":44,"enemies":"Chosen and Byrds","floor":24,"turns":11},{"damage":60,"enemies":"Gremlin Leader","floor":25,"turns":4}],"seed_played":"9066156914079626286","potions_obtained":[{"floor":1,"key":"EssenceOfSteel"},{"floor":5,"key":"FairyPotion"},{"floor":16,"key":"EssenceOfSteel"}],"is_trial":false,"path_per_floor":["M","?","?","$","M","R","E","M","T","?","E","R","E","$","R","B",null,"M","M","?","M","M","R","M","E"],"character_chosen":"IRONCLAD","items_purchased":["Power Through","Shrug It Off"],"campfire_rested":1,"item_purchase_floors":[4,4],"current_hp_per_floor":[74,59,34,34,40,40,30,32,32,32,18,40,33,33,33,10,59,56,50,50,30,39,39,10,0,0],"gold":404,"neow_bonus":"RANDOM_COMMON_RELIC","is_daily":false,"chose_seed":false,"campfire_upgraded":3,"win_rate":0.0,"timestamp":1613719933,"path_taken":["M","?","?","?","M","R","E","M","T","?","E","R","E","$","R","BOSS","M","M","?","M","M","R","M","E"],"items_purchased_type":["Card","Card"],"build_version":"2020-12-22","purchased_purges":1,"victory":false,"max_hp_per_floor":[75,75,75,75,75,75,75,75,75,75,75,75,75,75,75,75,75,75,75,75,75,75,75,75,75,75],"card_choices":[{"not_picked":["Power Through","Flex"],"picked":"Uppercut","floor":1},{"not_picked":["Sword Boomerang","Anger"],"picked":"Body Slam","floor":5},{"not_picked":["Combust","Twin Strike"],"picked":"Flame Barrier","floor":7},{"not_picked":["Clash","Flex"],"picked":"Dual Wield","floor":8},{"not_picked":["Wild Strike","Perfected Strike"],"picked":"Cleave","floor":11},{"not_picked":["Flex","Demon Form"],"picked":"Fire Breathing","floor":13},{"not_picked":["Bludgeon","Immolate"],"picked":"Reaper","floor":16},{"not_picked":["Thunderclap+1","Headbutt","Pummel"],"picked":"SKIP","floor":18},{"not_picked":["Shrug It Off","Cleave"],"picked":"Entrench","floor":19},{"not_picked":["Anger","Dropkick","Second Wind"],"picked":"SKIP","floor":21},{"not_picked":["Inflame","Iron Wave"],"picked":"Metallicize","floor":22},{"not_picked":["Wild Strike","Perfected Strike","Evolve"],"picked":"SKIP","floor":24}],"player_experience":1640421,"relics_obtained":[{"floor":7,"key":"Nunchaku"},{"floor":9,"key":"Potion Belt"},{"floor":11,"key":"Anchor"},{"floor":13,"key":"Whetstone"}],"event_choices":[{"damage_healed":0,"gold_gain":0,"player_choice":"Entered Light","damage_taken":15,"max_hp_gain":0,"max_hp_loss":0,"event_name":"Shining Light","floor":2,"gold_loss":0,"cards_upgraded":["Uppercut","Defend_R"]},{"damage_healed":0,"gold_gain":0,"player_choice":"Success","damage_taken":25,"relics_obtained":["Centennial Puzzle"],"max_hp_gain":0,"max_hp_loss":0,"event_name":"Scrap Ooze","floor":3,"gold_loss":0},{"cards_removed":["Strike_R"],"damage_healed":0,"gold_gain":0,"player_choice":"Forget","damage_taken":0,"max_hp_gain":0,"max_hp_loss":0,"event_name":"Living Wall","floor":10,"gold_loss":0},{"damage_healed":0,"gold_gain":200,"player_choice":"Gold","damage_taken":0,"max_hp_gain":0,"max_hp_loss":0,"event_name":"Wheel of Change","floor":20,"gold_loss":0}],"is_beta":false,"boss_relics":[{"not_picked":["Tiny House","Runic Cube"],"picked":"Sozu"}],"items_purged_floors":[14],"is_endless":false,"potions_floor_spawned":[1,5,7,16,18,24],"killed_by":"Gremlin Leader","ascension_level":14}}