{"host":"vk2xyavtylxbvrfq","time":1613711128,"event":{"mods":["Bard","BaseMod","Bestiary","Better Altar","Better Match","Better Note","Better Sensory Stone","Better Skull","Better Vampires","Block Reminder","Bossed Relics","Colored Map","Curses Come First","Displayed Cursed Tome","Downfall","Fox Events","Hermit","Ironclad Rager","Marked Mod","Minty Spire (QoL Compilation)","Quick Restart","Rare Cards Sparkle","Relic Sorter","Reliquary","Robot Space Explorer","StSLib","The Hayseed","The Runesmith","TheSurvivalist","Unceasing Turn Reminder"],"gold_per_floor":[113,113,31,46,10,35,35,63,63,39,50,77,93,109,109,209,209,224,224,0,13,288,288,313,313,361,373,384,403,403,416,416,416,416],"floor_reached":33,"language":"ENG","playtime":1119,"items_purged":[],"score":406,"play_id":"6a9545ea-d356-40de-abfc-2cbef30db3ff","local_time":"20210219000528","is_ascension_mode":true,"campfire_choices":[{"data":"hermit:LoneWolf","floor":7.0,"key":"SMITH"},{"floor":15.0,"key":"REST"},{"floor":23.0,"key":"REST"},{"floor":30.0,"key":"REST"},{"floor":32,"key":"REST"}],"circlet_count":0,"master_deck":["hermit:Strike_Hermit","hermit:Strike_Hermit","hermit:Strike_Hermit","hermit:Strike_Hermit","hermit:Defend_Hermit","hermit:Defend_Hermit","hermit:Defend_Hermit","hermit:Defend_Hermit","hermit:Snapshot","hermit:Covet","hermit:HighCaliber+1","Panache","Dramatic Entrance","hermit:Roulette","hermit:LoneWolf+1","hermit:Shortfuse","hermit:BodyArmor+1","hermit:Roulette","hermit:LoneWolf","hermit:Enervate","hermit:Shortfuse","hermit:Vantage","hermit:BlackWind+1","hermit:FlashPowder","hermit:Shortfuse","hermit:Vantage","Regret","hermit:Determination","hermit:EyeOfTheStorm","hermit:Glare","hermit:Quickdraw+1","hermit:HeroicBravado"],"relics":["hermit:Momento","NeowsBlessing","TungstenRod","Singing Bowl","Gambling Chip","Bird Faced Urn","Sozu","Juzu Bracelet","Bottled Flame","reliquary:Buckler"],"acts_visited":["Exordium","TheCity"],"potions_floor_usage":[31],"damage_taken":[{"damage":0.0,"enemies":"Cultist","floor":1.0,"turns":1.0},{"damage":0.0,"enemies":"Jaw Worm","floor":4.0,"turns":1.0},{"damage":0.0,"enemies":"Lagavulin","floor":6.0,"turns":1.0},{"damage":22.0,"enemies":"3 Sentries","floor":8.0,"turns":6.0},{"damage":0.0,"enemies":"Small Slimes","floor":11.0,"turns":2.0},{"damage":23.0,"enemies":"Lagavulin","floor":12.0,"turns":6.0},{"damage":0.0,"enemies":"Gremlin Gang","floor":13.0,"turns":2.0},{"damage":0.0,"enemies":"Lots of Slimes","floor":14.0,"turns":2.0},{"damage":30.0,"enemies":"Hexaghost","floor":16.0,"turns":11.0},{"damage":12.0,"enemies":"Shell Parasite","floor":18.0,"turns":4.0},{"damage":2.0,"enemies":"2 Thieves","floor":21.0,"turns":2.0},{"damage":42.0,"enemies":"Slavers","floor":24.0,"turns":6.0},{"damage":2.0,"enemies":"Snake Plant","floor":27.0,"turns":2.0},{"damage":0.0,"enemies":"Snecko","floor":28.0,"turns":3.0},{"damage":26.0,"enemies":"Chosen and Byrds","floor":29.0,"turns":8.0},{"damage":0,"enemies":"Snake Plant","floor":31,"turns":2},{"damage":61,"enemies":"Automaton","floor":33,"turns":6}],"seed_played":"7106204826835476344","potions_obtained":[{"floor":1.0,"key":"sneckomod:MuddlingPotion"},{"floor":11.0,"key":"FearPotion"},{"floor":13.0,"key":"Strength Potion"}],"is_trial":false,"path_per_floor":["M","?","$","M","$","E","R","E","T","$","M","E","M","M","R","B",null,"M","?","$","M","?","R","E","?","T","M","M","M","R","M","R","B"],"character_chosen":"HERMIT","items_purchased":["Dramatic Entrance","hermit:LoneWolf","hermit:Roulette","Juzu Bracelet","hermit:Shortfuse"],"campfire_rested":4,"item_purchase_floors":[3,5,10,20,20],"current_hp_per_floor":[68,68,68,68,68,68,68,46,46,46,46,23,23,23,45,17,61,51,51,51,49,49,71,31,31,31,29,31,9,31,31,53,0,0],"gold":416,"neow_bonus":"THREE_ENEMY_KILL","is_daily":false,"chose_seed":false,"campfire_upgraded":1,"win_rate":0.0,"timestamp":1613711128,"path_taken":["M","?","$","M","?","E","R","E","T","$","?","E","M","M","R","BOSS","M","?","$","M","?","R","E","?","T","M","M","M","R","M","R","BOSS"],"items_purchased_type":["Card","Card","Card","Relic","Card"],"build_version":"2020-12-22","purchased_purges":0,"victory":false,"max_hp_per_floor":[75,75,75,75,75,75,75,75,75,75,75,75,75,75,75,75,75,75,75,75,75,75,75,75,75,75,75,75,75,75,75,75,75,75],"card_choices":[{"not_picked":["hermit:LoneWolf","hermit:HoleUp"],"picked":"hermit:HighCaliber","floor":1.0},{"not_picked":["hermit:Spite","hermit:TakeAim"],"picked":"hermit:Roulette","floor":4.0},{"not_picked":["hermit:Vantage","hermit:NoHoldsBarred"],"picked":"hermit:Shortfuse","floor":6.0},{"not_picked":["hermit:Desperado","hermit:NoHoldsBarred"],"picked":"hermit:BodyArmor","floor":8.0},{"not_picked":["hermit:LowProfile","hermit:Desperado"],"picked":"hermit:LoneWolf","floor":11.0},{"not_picked":["hermit:Desperado","hermit:EternalForm"],"picked":"hermit:Enervate","floor":12.0},{"not_picked":["hermit:Feint","hermit:Showdown"],"picked":"hermit:Shortfuse","floor":13.0},{"not_picked":["hermit:Glare","hermit:Grudge"],"picked":"hermit:Vantage","floor":14.0},{"not_picked":["hermit:FatalDesire","hermit:EternalForm"],"picked":"hermit:BlackWind","floor":16.0},{"not_picked":["hermit:LowProfile","hermit:SprayPray+1"],"picked":"hermit:FlashPowder","floor":18.0},{"not_picked":["hermit:LowProfile","hermit:BigShot"],"picked":"hermit:Vantage","floor":21.0},{"not_picked":["hermit:LoneWolf","hermit:CursedWeapon"],"picked":"hermit:Determination","floor":24.0},{"not_picked":["hermit:Feint+1","hermit:CalledShot"],"picked":"hermit:EyeOfTheStorm","floor":27.0},{"not_picked":["hermit:TrackingShot+1","hermit:Quickdraw"],"picked":"hermit:Glare","floor":28.0},{"not_picked":["hermit:ItchyTrigger","hermit:Headshot"],"picked":"hermit:Quickdraw+1","floor":29.0},{"not_picked":["hermit:FlashPowder+1","hermit:PistolWhip"],"picked":"hermit:HeroicBravado","floor":31}],"player_experience":1436095,"relics_obtained":[{"floor":6.0,"key":"TungstenRod"},{"floor":8.0,"key":"Singing Bowl"},{"floor":9.0,"key":"Gambling Chip"},{"floor":12.0,"key":"Bird Faced Urn"},{"floor":24.0,"key":"Bottled Flame"},{"floor":26.0,"key":"reliquary:Buckler"}],"event_choices":[{"cards_removed":["hermit:Snapshot"],"damage_healed":0.0,"max_hp_gain":0.0,"max_hp_loss":0.0,"gold_gain":0.0,"event_name":"betterNote:BetterNote","player_choice":"Take \u0026 Give","floor":2.0,"gold_loss":0.0,"damage_taken":0.0,"cards_obtained":["Panache"]},{"damage_healed":0.0,"max_hp_gain":0.0,"max_hp_loss":0.0,"gold_gain":0.0,"event_name":"Lab","player_choice":"Got Potions","floor":19.0,"gold_loss":0.0,"damage_taken":0.0},{"damage_healed":0.0,"max_hp_gain":0.0,"max_hp_loss":0.0,"gold_gain":275.0,"event_name":"Golden Shrine","player_choice":"Desecrate","floor":22.0,"gold_loss":0.0,"damage_taken":0.0,"cards_obtained":["Regret"]},{"damage_healed":0.0,"max_hp_gain":0.0,"max_hp_loss":0.0,"gold_gain":0.0,"event_name":"Upgrade Shrine","player_choice":"Upgraded","floor":25.0,"gold_loss":0.0,"damage_taken":0.0,"cards_upgraded":["hermit:BlackWind"]}],"is_beta":false,"boss_relics":[{"not_picked":["Coffee Dripper","SacredBark"],"picked":"Sozu"}],"items_purged_floors":[],"is_endless":false,"potions_floor_spawned":[1,11,13,21,24,28,29],"killed_by":"Automaton","ascension_level":6}}