{"host":"d744ndivyohnro60","time":1613706192,"event":{"mods":["BaseMod","Bestiary","Colored Powertips","Minty Spire (QoL Compilation)","Relic Stats"],"gold_per_floor":[119,119,119,69,82,82,112,59,59,59,37,37,72,247,247,345,345,345,345,345,345,345],"floor_reached":21,"language":"ENG","playtime":696,"items_purged":[],"score":247,"play_id":"e0f60563-3693-4d31-a0e2-06ed2dc3894d","local_time":"20210218224312","is_ascension_mode":true,"campfire_choices":[{"data":"Dualcast","floor":6,"key":"SMITH"},{"floor":15,"key":"REST"}],"circlet_count":0,"master_deck":["Strike_B","Strike_B+1","Strike_B","Defend_B","Defend_B","Defend_B","Defend_B+1","Zap","Dualcast+1","Coolheaded","Sweeping Beam","Coolheaded","Cold Snap","Turbo","Cold Snap","Doubt","Fission","White Noise","Blizzard"],"relics":["Philosopher\u0027s Stone","Potion Belt","Juzu Bracelet","Lizard Tail","Peace Pipe","Ectoplasm"],"acts_visited":["Exordium","TheCity"],"potions_floor_usage":[7,20,21],"damage_taken":[{"damage":0,"enemies":"Small Slimes","floor":1,"turns":3},{"damage":2,"enemies":"2 Louse","floor":5,"turns":3},{"damage":14,"enemies":"Gremlin Nob","floor":7,"turns":4},{"damage":31,"enemies":"Lagavulin","floor":13,"turns":8},{"damage":77,"enemies":"Slime Boss","floor":16,"turns":19},{"damage":28,"enemies":"Chosen","floor":18,"turns":8},{"damage":9,"enemies":"Spheric Guardian","floor":20,"turns":4},{"damage":31,"enemies":"Masked Bandits","floor":21,"turns":2}],"seed_played":"-4188120491586270481","potions_obtained":[{"floor":5,"key":"Swift Potion"},{"floor":19,"key":"FearPotion"},{"floor":19,"key":"AttackPotion"},{"floor":19,"key":"Dexterity Potion"}],"is_trial":false,"path_per_floor":["M","?","?","?","M","R","E","$","T","?","?","?","E","?","R","B",null,"M","?","M","?"],"character_chosen":"DEFECT","items_purchased":["Cold Snap"],"campfire_rested":1,"item_purchase_floors":[8],"current_hp_per_floor":[68,65,50,50,48,48,34,34,34,34,34,59,28,28,50,17,61,33,33,24,0,0],"gold":345,"neow_bonus":"BOSS_RELIC","is_daily":false,"chose_seed":false,"campfire_upgraded":1,"win_rate":0.0,"timestamp":1613706192,"path_taken":["M","?","?","?","M","R","E","$","T","?","?","?","E","?","R","BOSS","M","?","M","?"],"items_purchased_type":["Card"],"build_version":"2020-12-22","purchased_purges":0,"victory":false,"max_hp_per_floor":[75,75,75,75,75,75,75,75,75,75,75,75,75,75,75,75,75,75,75,75,75,75],"relic_stats":{"Peace Pipe":0,"Lizard Tail":37,"counters":[8,51],"Ectoplasm":38,"Juzu Bracelet":2,"obtain_stats":[{"Potion Belt":2,"Peace Pipe":13,"Lizard Tail":9,"Philosopher\u0027s Stone":0,"Ectoplasm":17,"Juzu Bracelet":7,"Cracked Core":0},{"Potion Belt":1,"Peace Pipe":4,"Lizard Tail":3,"Philosopher\u0027s Stone":0,"Ectoplasm":5,"Juzu Bracelet":3,"Cracked Core":0},{"Potion Belt":3,"Peace Pipe":18,"Lizard Tail":10,"Philosopher\u0027s Stone":0,"Ectoplasm":37,"Juzu Bracelet":10,"Cracked Core":0}]},"card_choices":[{"not_picked":["Steam","Conserve Battery"],"picked":"Coolheaded","floor":1},{"not_picked":["Rebound","Coolheaded"],"picked":"Sweeping Beam","floor":5},{"not_picked":["Hologram","Darkness"],"picked":"Coolheaded","floor":7},{"not_picked":["Sweeping Beam","Doom and Gloom"],"picked":"Cold Snap","floor":13},{"not_picked":["Amplify","Biased Cognition"],"picked":"Fission","floor":16},{"not_picked":["Compile Driver","Hologram+1"],"picked":"White Noise","floor":18},{"not_picked":["Sunder+1","Conserve Battery"],"picked":"Blizzard","floor":20}],"player_experience":243017,"relics_obtained":[{"floor":7,"key":"Juzu Bracelet"},{"floor":9,"key":"Lizard Tail"},{"floor":13,"key":"Peace Pipe"}],"event_choices":[{"damage_healed":0,"gold_gain":0,"player_choice":"Success","damage_taken":3,"relics_obtained":["Potion Belt"],"max_hp_gain":0,"max_hp_loss":0,"event_name":"Scrap Ooze","floor":2,"gold_loss":0},{"damage_healed":0,"gold_gain":0,"player_choice":"Entered Light","damage_taken":15,"max_hp_gain":0,"max_hp_loss":0,"event_name":"Shining Light","floor":3,"gold_loss":0,"cards_upgraded":["Defend_B","Strike_B"]},{"cards_removed":["Strike_B"],"damage_healed":0,"gold_gain":0,"player_choice":"Card Removal","damage_taken":0,"max_hp_gain":0,"max_hp_loss":0,"event_name":"The Cleric","floor":4,"gold_loss":50},{"damage_healed":0,"gold_gain":0,"player_choice":"1 cards matched","damage_taken":0,"max_hp_gain":0,"max_hp_loss":0,"event_name":"Match and Keep!","floor":10,"gold_loss":0,"cards_obtained":["Turbo"]},{"damage_healed":0,"gold_gain":0,"player_choice":"Left Gold","damage_taken":0,"max_hp_gain":0,"max_hp_loss":0,"event_name":"World of Goop","floor":11,"gold_loss":22},{"damage_healed":25,"gold_gain":0,"player_choice":"Banana","damage_taken":0,"max_hp_gain":0,"max_hp_loss":0,"event_name":"Big Fish","floor":12,"gold_loss":0},{"damage_healed":0,"gold_gain":175,"player_choice":"AGREE","damage_taken":0,"max_hp_gain":0,"max_hp_loss":0,"event_name":"Liars Game","floor":14,"gold_loss":0,"cards_obtained":["Doubt"]},{"damage_healed":0,"gold_gain":0,"player_choice":"Got Potions","damage_taken":0,"max_hp_gain":0,"max_hp_loss":0,"event_name":"Lab","floor":19,"gold_loss":0},{"damage_healed":0,"gold_gain":0,"player_choice":"Fought Bandits","damage_taken":0,"max_hp_gain":0,"max_hp_loss":0,"event_name":"Masked Bandits","floor":21,"gold_loss":0}],"is_beta":false,"boss_relics":[{"not_picked":["Runic Dome","Sozu"],"picked":"Ectoplasm"}],"items_purged_floors":[],"is_endless":false,"potions_floor_spawned":[5],"killed_by":"Masked Bandits","ascension_level":7}}