{"host":"spd19cimorv47raq","time":1613761826,"event":{"mods":["AchievementEnabler","BaseMod","Colored Map","Keyboard Shortcuts","Minty Spire (QoL Compilation)","StSLib","SuperFastMode"],"gold_per_floor":[118,118,118,168,184,214,214,232,282,296,4,4,18,18,18,18,18],"floor_reached":16,"language":"KOR","playtime":599,"items_purged":["Strike_R"],"score":250,"play_id":"ef82c3cd-4b8e-4694-a1ce-6c72aea4db1e","local_time":"20210220041026","is_ascension_mode":true,"campfire_choices":[{"data":"Brutality","floor":7.0,"key":"SMITH"},{"floor":12,"key":"REST"},{"data":"Body Slam","floor":15,"key":"SMITH"}],"circlet_count":0,"master_deck":["AscendersBane","Strike_R","Strike_R","Defend_R","Defend_R","Defend_R","Defend_R","Bash","Shrug It Off","Clothesline","Brutality+1","Pommel Strike","Body Slam+1","Burning Pact"],"relics":["Burning Blood","NeowsBlessing","Centennial Puzzle","Ancient Tea Set","PrismaticShard","Golden Idol"],"acts_visited":["Exordium"],"potions_floor_usage":[10,13,13],"damage_taken":[{"damage":0.0,"enemies":"Jaw Worm","floor":1.0,"turns":1.0},{"damage":0.0,"enemies":"2 Louse","floor":5.0,"turns":2.0},{"damage":0.0,"enemies":"Gremlin Nob","floor":6.0,"turns":1.0},{"damage":13.0,"enemies":"Small Slimes","floor":8.0,"turns":5.0},{"damage":35,"enemies":"Gremlin Gang","floor":10,"turns":11},{"damage":20,"enemies":"Lots of Slimes","floor":13,"turns":6},{"damage":56,"enemies":"The Guardian","floor":16,"turns":9}],"seed_played":"-2626267370906747342","potions_obtained":[{"floor":8.0,"key":"LiquidBronze"},{"floor":10,"key":"LiquidMemories"}],"is_trial":false,"path_per_floor":["M","?","?","?","M","E","R","M","T","M","$","R","M","?","R","B"],"character_chosen":"IRONCLAD","items_purchased":["PrismaticShard","SkillPotion"],"campfire_rested":1,"item_purchase_floors":[11,11],"current_hp_per_floor":[74,74,67,60,66,72,72,65,65,36,36,58,44,44,44,0,0],"gold":18,"neow_bonus":"THREE_ENEMY_KILL","is_daily":false,"chose_seed":false,"campfire_upgraded":2,"win_rate":0.0,"timestamp":1613761826,"path_taken":["M","?","?","?","M","E","R","M","T","?","$","R","?","?","R","BOSS"],"items_purchased_type":["Relic","Potion"],"build_version":"2020-12-22","purchased_purges":1,"victory":false,"max_hp_per_floor":[75,75,75,75,75,75,75,75,75,75,75,75,75,68,68,68,68],"card_choices":[{"not_picked":["Flex","Armaments"],"picked":"Shrug It Off","floor":1.0},{"not_picked":["Clash","Perfected Strike"],"picked":"Clothesline","floor":5.0},{"not_picked":["Headbutt","Clash"],"picked":"Brutality","floor":6.0},{"not_picked":["Anger","Body Slam"],"picked":"Pommel Strike","floor":8.0},{"not_picked":["Pummel","Thunderclap"],"picked":"Body Slam","floor":10},{"not_picked":["All Out Attack","Barrage"],"picked":"Burning Pact","floor":13}],"player_experience":872523,"relics_obtained":[{"floor":6.0,"key":"Centennial Puzzle"},{"floor":9.0,"key":"Ancient Tea Set"}],"event_choices":[{"cards_removed":["Strike_R"],"damage_healed":0.0,"max_hp_gain":0.0,"max_hp_loss":0.0,"gold_gain":0.0,"event_name":"Living Wall","player_choice":"Forget","floor":2.0,"gold_loss":0.0,"damage_taken":0.0},{"cards_removed":["Strike_R"],"damage_healed":0.0,"max_hp_gain":0.0,"max_hp_loss":0.0,"gold_gain":0.0,"event_name":"Golden Wing","player_choice":"Card Removal","floor":3.0,"gold_loss":0.0,"damage_taken":7.0},{"damage_healed":0.0,"max_hp_gain":0.0,"max_hp_loss":0.0,"gold_gain":50.0,"event_name":"FaceTrader","player_choice":"Touch","floor":4.0,"gold_loss":0.0,"damage_taken":7.0},{"damage_healed":0,"gold_gain":0,"player_choice":"Lose Max HP","damage_taken":0,"relics_obtained":["Golden Idol"],"max_hp_gain":0,"max_hp_loss":7,"event_name":"Golden Idol","floor":14,"gold_loss":0}],"is_beta":false,"boss_relics":[],"items_purged_floors":[11],"is_endless":false,"potions_floor_spawned":[8,10],"killed_by":"The Guardian","ascension_level":20}}