{"host":"xkmvu47k9fdstweo","time":1613762307,"event":{"mods":["BaseMod","Colored Map","Conspire","Hubris","Minty Spire (QoL Compilation)","Quick Restart","Shop Mod","StSLib"],"gold_per_floor":[116,26,26,26,38,72,72,3,3,17,17,35,61,77,77,175,175,195,120,35,47,57,57,91,91,91,111,111,111,111],"floor_reached":29,"language":"ENG","playtime":973,"items_purged":[],"score":495,"play_id":"6b693610-c90b-48ae-ac1d-d8ac0b59b6af","local_time":"20210219141827","is_ascension_mode":true,"campfire_choices":[{"data":"conspire:Banana","floor":7.0,"key":"SMITH"},{"data":"Noxious Fumes","floor":11.0,"key":"SMITH"},{"data":"Malaise","floor":15.0,"key":"SMITH"},{"data":"Malaise","floor":23.0,"key":"SMITH"},{"floor":25.0,"key":"REST"}],"circlet_count":0,"master_deck":["AscendersBane","Strike_G","Strike_G","Strike_G","Defend_G","Defend_G","Defend_G","Defend_G","Defend_G","Survivor","Neutralize","Acrobatics","conspire:Banana+1","Poisoned Stab","PiercingWail","Noxious Fumes+1","Blur","Malaise+1","Dagger Throw","Crippling Poison","Night Terror","Poisoned Stab","Malaise+1","hubris:SlightOfHand","Dagger Spray","Acrobatics"],"relics":["Ring of the Snake","NeowsBlessing","hubris:Towel","PreservedInsect","MealTicket","Boot","hubris:TerracottaHorce","Ninja Scroll","Happy Flower","Ice Cream"],"acts_visited":["Exordium","TheCity"],"potions_floor_usage":[],"damage_taken":[{"damage":0.0,"enemies":"Cultist","floor":1.0,"turns":1.0},{"damage":0.0,"enemies":"Jaw Worm","floor":5.0,"turns":2.0},{"damage":0.0,"enemies":"Lagavulin","floor":6.0,"turns":2.0},{"damage":0.0,"enemies":"2 Louse","floor":10.0,"turns":4.0},{"damage":3.0,"enemies":"Blue Slaver","floor":12.0,"turns":5.0},{"damage":9.0,"enemies":"Gremlin Nob","floor":13.0,"turns":5.0},{"damage":2.0,"enemies":"Exordium Wildlife","floor":14.0,"turns":4.0},{"damage":13.0,"enemies":"Hexaghost","floor":16.0,"turns":11.0},{"damage":14.0,"enemies":"conspire:FuzzyDice","floor":18.0,"turns":9.0},{"damage":0.0,"enemies":"3 Byrds","floor":21.0,"turns":5.0},{"damage":13.0,"enemies":"Snake Plant","floor":22.0,"turns":6.0},{"damage":52.0,"enemies":"Gremlin Leader","floor":24.0,"turns":8.0},{"damage":5.0,"enemies":"conspire:HollyBat","floor":27.0,"turns":8.0},{"damage":45.0,"enemies":"Colosseum Slavers","floor":28.0,"turns":7.0},{"damage":0,"enemies":"Shelled Parasite and Fungi","floor":29,"turns":1}],"seed_played":"5403995184480386137","potions_obtained":[{"floor":5.0,"key":"Swift Potion"},{"floor":10.0,"key":"EssenceOfSteel"},{"floor":21.0,"key":"GamblersBrew"},{"floor":27.0,"key":"DuplicationPotion"}],"is_trial":false,"path_per_floor":["M","$","?","?","M","E","R","$","T","M","R","M","E","M","R","B",null,"M","?","?","M","M","R","E","R","T","M","?","M"],"character_chosen":"THE_SILENT","items_purchased":["conspire:Banana","Noxious Fumes"],"campfire_rested":1,"item_purchase_floors":[2,8],"current_hp_per_floor":[63,63,56,56,57,58,58,58,58,60,60,59,52,52,52,41,72,66,66,66,68,55,55,11,41,41,38,1,1,1],"gold":111,"neow_bonus":"THREE_ENEMY_KILL","is_daily":false,"chose_seed":false,"campfire_upgraded":4,"win_rate":0.0,"timestamp":1613762307,"path_taken":["M","$","?","?","?","E","R","$","T","M","R","M","E","M","R","BOSS","M","?","?","M","M","R","E","R","T","M","?","?"],"items_purchased_type":["Card","Card"],"build_version":"2020-12-22","purchased_purges":0,"victory":false,"max_hp_per_floor":[70,70,70,70,71,72,72,72,72,74,74,76,78,80,80,82,82,90,90,90,92,92,92,100,100,100,102,110,110,110],"card_choices":[{"not_picked":["PiercingWail","Prepared"],"picked":"Acrobatics","floor":1.0},{"not_picked":["Underhanded Strike","Dagger Throw"],"picked":"Poisoned Stab","floor":5.0},{"not_picked":["Dagger Throw","Tactician"],"picked":"PiercingWail","floor":6.0},{"not_picked":["Quick Slash","Cloak And Dagger"],"picked":"Blur","floor":10.0},{"not_picked":["Dagger Throw","Heel Hook"],"picked":"Malaise","floor":12.0},{"not_picked":["Outmaneuver","Quick Slash"],"picked":"Dagger Throw","floor":13.0},{"not_picked":["After Image","Deflect"],"picked":"Crippling Poison","floor":14.0},{"not_picked":["Doppelganger","Unload"],"picked":"Night Terror","floor":16.0},{"not_picked":["Choke","Quick Slash"],"picked":"Poisoned Stab","floor":18.0},{"not_picked":["Acrobatics","Slice"],"picked":"Malaise","floor":21.0},{"not_picked":["Sucker Punch","Acrobatics"],"picked":"hubris:SlightOfHand","floor":22.0},{"not_picked":["Sucker Punch+1","Cloak And Dagger"],"picked":"Dagger Spray","floor":24.0},{"not_picked":["Poisoned Stab","PiercingWail+1"],"picked":"Acrobatics","floor":27.0}],"player_experience":324881,"relics_obtained":[{"floor":6.0,"key":"PreservedInsect"},{"floor":9.0,"key":"MealTicket"},{"floor":13.0,"key":"Boot"},{"floor":24.0,"key":"Happy Flower"},{"floor":26.0,"key":"Ice Cream"}],"event_choices":[{"cards_removed":["Strike_G"],"damage_healed":0.0,"max_hp_gain":0.0,"max_hp_loss":0.0,"gold_gain":0.0,"event_name":"Golden Wing","player_choice":"Card Removal","floor":3.0,"gold_loss":0.0,"damage_taken":7.0},{"cards_removed":["Strike_G"],"damage_healed":0.0,"max_hp_gain":0.0,"max_hp_loss":0.0,"gold_gain":0.0,"event_name":"Beggar","player_choice":"Gave Gold","floor":19.0,"gold_loss":75.0,"damage_taken":0.0},{"damage_healed":0.0,"max_hp_gain":0.0,"max_hp_loss":0.0,"gold_gain":0.0,"event_name":"Addict","player_choice":"Obtained Relic","floor":20.0,"gold_loss":85.0,"damage_taken":0.0,"relics_obtained":["Ninja Scroll"]},{"damage_healed":0.0,"max_hp_gain":0.0,"max_hp_loss":0.0,"gold_gain":0.0,"event_name":"Colosseum","player_choice":"Fight","floor":28.0,"gold_loss":0.0,"damage_taken":0.0},{"damage_healed":0.0,"max_hp_gain":0.0,"max_hp_loss":0.0,"gold_gain":0.0,"event_name":"Colosseum","player_choice":"Fled From Nobs","floor":28.0,"gold_loss":0.0,"damage_taken":0.0}],"is_beta":false,"boss_relics":[{"not_picked":["conspire:SlowCooker","WristBlade"],"picked":"hubris:TerracottaHorce"}],"items_purged_floors":[],"is_endless":false,"potions_floor_spawned":[5,10,12,21,22,27,28],"killed_by":"Shelled Parasite and Fungi","ascension_level":12}}