{"host":"l2dnabsh5e0fsksb","time":1613724259,"event":{"mods":["2.2 Compatiblity","BaseMod","Downfall","Minty Spire (QoL Compilation)","Quick Restart","StSLib"],"gold_per_floor":[99,99,99,99,99,99,99,99,119,150,161,146,46,81,99,203,203,103,128,228,253,277,297,297,297,297,297],"floor_reached":25,"language":"ENG","playtime":781,"items_purged":[],"score":286,"play_id":"585c4317-aabc-4275-aa95-352db956e42f","local_time":"20210219191419","is_ascension_mode":true,"campfire_choices":[{"floor":1.0,"key":"RECALL"},{"data":"hexamod:EtherealExpedition","floor":6.0,"key":"SMITH"},{"data":"hexamod:Sear","floor":8.0,"key":"SMITH"},{"data":"hexamod:RainOfEmbers","floor":13.0,"key":"SMITH"},{"data":"hexamod:TimeOfNeed","floor":18,"key":"SMITH"}],"circlet_count":0,"master_deck":["hexamod:Strike","hexamod:Strike","hexamod:Strike","hexamod:Strike","hexamod:Defend","hexamod:Defend","hexamod:Defend","hexamod:Sear+1","hexamod:Float","hexamod:EtherealExpedition+1","hexamod:FlamesFromBeyond","hexamod:ExtraCrispy","hexamod:HauntingEcho","hexamod:Firestarter","hexamod:BurningTouch","hexamod:RainOfEmbers+1","hexamod:SecondSeal","hexamod:AdvancingGuard","hexamod:PowerFromBeyond","hexamod:TimeOfNeed+1","hexamod:PowerFromBeyond","hexamod:ThermalTransfer","hexamod:BurningTouch"],"relics":["hexamod:SpiritBrand","downfall:HeartsMalice","Eternal Feather","Ginger","downfall:HeartBlessingRed","Odd Mushroom","Sozu","downfall:HeartBlessingGreen","Omamori"],"acts_visited":["Exordium","TheCity"],"potions_floor_usage":[25],"damage_taken":[{"damage":0.0,"enemies":"Jaw Worm","floor":2.0,"turns":1.0},{"damage":0.0,"enemies":"Cultist","floor":3.0,"turns":1.0},{"damage":0.0,"enemies":"2 Louse","floor":5.0,"turns":1.0},{"damage":0.0,"enemies":"Large Slime","floor":9.0,"turns":3.0},{"damage":29.0,"enemies":"Lagavulin","floor":10.0,"turns":6.0},{"damage":18.0,"enemies":"Exordium Thugs","floor":11.0,"turns":3.0},{"damage":0.0,"enemies":"downfall:FleeingMerchant","floor":12.0,"turns":4.0},{"damage":0.0,"enemies":"The Mushroom Lair","floor":14.0,"turns":4.0},{"damage":8.0,"enemies":"Blue Slaver","floor":15.0,"turns":3.0},{"damage":26.0,"enemies":"IC_STATUS_ARCHETYPE","floor":16.0,"turns":6.0},{"damage":7,"enemies":"Chosen","floor":19,"turns":3},{"damage":7,"enemies":"Spheric Guardian","floor":21,"turns":4},{"damage":19,"enemies":"Snake Plant","floor":23,"turns":3},{"damage":35,"enemies":"Slavers","floor":25,"turns":2}],"seed_played":"-6650168188429315184","potions_obtained":[{"floor":10.0,"key":"Regen Potion"},{"floor":11.0,"key":"hexamod:SoulburnPotion"},{"floor":14.0,"key":"sneckomod:MuddlingPotion"},{"floor":15.0,"key":"Fire Potion"}],"is_trial":false,"path_per_floor":["R","M","M","?","M","R","T","R","M","E","M","$","R","?","M","B",null,"R","M","?","M","T","M","T","E"],"character_chosen":"THE_SPIRIT","items_purchased":[],"campfire_rested":0,"item_purchase_floors":[],"current_hp_per_floor":[63,63,63,63,63,63,63,69,69,40,22,36,45,45,37,11,55,67,60,60,53,53,34,34,0,0,0],"gold":297,"neow_bonus":"THREE_ENEMY_KILL","is_daily":false,"chose_seed":false,"campfire_upgraded":4,"win_rate":0.0,"timestamp":1613724259,"path_taken":["R","M","M","?","M","R","T","R","M","E","M","?","R","?","M","BOSS","R","M","?","?","?","M","T","E"],"items_purchased_type":[],"build_version":"2020-12-22","purchased_purges":0,"victory":false,"max_hp_per_floor":[70,70,70,70,70,70,70,70,70,70,70,70,70,70,70,70,70,70,70,70,70,70,70,70,70,70,70],"card_choices":[{"not_picked":["hexamod:RetreatToShadows","hexamod:DynamicBlow"],"picked":"hexamod:EtherealExpedition","floor":2.0},{"not_picked":["hexamod:ThirdSeal","hexamod:GhostShield"],"picked":"hexamod:FlamesFromBeyond","floor":3.0},{"not_picked":["hexamod:CatchUp","hexamod:Haunt"],"picked":"hexamod:HauntingEcho","floor":5.0},{"not_picked":["hexamod:FlamesFromBeyond","hexamod:BurningTouch"],"picked":"hexamod:Firestarter","floor":9.0},{"not_picked":["hexamod:Rewind","hexamod:RetreatToShadows"],"picked":"hexamod:BurningTouch","floor":10.0},{"not_picked":["hexamod:SkipABeat","hexamod:ShieldOfDarkness"],"picked":"hexamod:RainOfEmbers","floor":11.0},{"not_picked":["hexamod:RecurringNightmare","hexamod:HauntingEcho"],"picked":"hexamod:SecondSeal","floor":12.0},{"not_picked":["hexamod:DynamicBlow","hexamod:PhantomFireball"],"picked":"hexamod:AdvancingGuard","floor":14.0},{"not_picked":["hexamod:ChargedBarrage","hexamod:UnleashSpirits"],"picked":"hexamod:PowerFromBeyond","floor":15.0},{"not_picked":["hexamod:ApocalypticArmor","hexamod:GhostOfSpirePresent"],"picked":"hexamod:TimeOfNeed","floor":16.0},{"not_picked":["hexamod:AdvancingGuard","hexamod:NecessarySacrifice"],"picked":"hexamod:PowerFromBeyond","floor":19},{"not_picked":["hexamod:CatchUp","hexamod:SecondSeal"],"picked":"hexamod:ThermalTransfer","floor":21},{"not_picked":["hexamod:NightmareGuise","hexamod:PhantomFireball"],"picked":"hexamod:BurningTouch","floor":23}],"player_experience":1949494,"relics_obtained":[{"floor":7.0,"key":"Eternal Feather"},{"floor":10.0,"key":"Ginger"},{"floor":14.0,"key":"Odd Mushroom"},{"floor":22,"key":"Omamori"}],"event_choices":[{"damage_healed":0.0,"max_hp_gain":0.0,"max_hp_loss":0.0,"gold_gain":0.0,"event_name":"Mushrooms","player_choice":"Fought Mushrooms","floor":14.0,"gold_loss":0.0,"damage_taken":0.0}],"is_beta":false,"boss_relics":[{"not_picked":["bronze:MakeshiftBattery","SacredBark"],"picked":"Sozu"}],"items_purged_floors":[],"is_endless":false,"potions_floor_spawned":[10,11,14,15],"killed_by":"Slavers","ascension_level":9}}