{"host":"ymrxmazrubg7ht5t","time":1613762147,"event":{"mods":["2.2 Compatiblity","Act Like it!","Arknights","Bartender","BaseMod","Better Match","Better Note","Colored Powertips","Conspire","Evolution","Gensokyo","HololiveMod","Infinite Spire","Jorbs\u0027s Wanderer Trilogy","Lobotomy","LobotomyExtend","Marisa????????","Minty Spire (QoL Compilation)","Relic Stats","Replay The Spire","Ruina","StSLib","The Cursed","The Marked"],"gold_per_floor":[115,115,129,54,54,54,71,100,100,111,111,111],"floor_reached":11,"language":"ENG","playtime":1149,"items_purged":[],"score":73,"play_id":"6ef13237-4628-4dcd-b3cc-af13484d49f1","local_time":"20210219151547","is_ascension_mode":false,"campfire_choices":[{"data":"ats:Flexible Camouflage","floor":6,"key":"SMITH"}],"circlet_count":0,"master_deck":["ats:Leaping Hammer","ats:Strike G","ats:Strike S","ats:Strike V","ats:Armor Crushing Shot+1","ats:Defend","ats:Defend","ats:Defend","ats:Defend","ats:Emotion Absorption","ats:Thermite Blade","ats:Flexible Camouflage+1","Forethought+1","ats:Soul Rend+1","Clumsy","ats:Assault Order","ats:Calcification","ats:Hammer On"],"relics":["ats:Sanity","EVO:Axolotl","Strawberry","Gensokyo:NagashiBinaDoll","ats:Originium","infinitespire:FocusingShard","White_Cape"],"acts_visited":["Gensokyo:Gensokyo"],"potions_floor_usage":[],"damage_taken":[{"damage":4,"enemies":"Gensokyo:Gryphon","floor":1,"turns":4},{"damage":1,"enemies":"Gensokyo:Python","floor":3,"turns":3},{"damage":7,"enemies":"Gensokyo:2_Kodama","floor":7,"turns":4},{"damage":27,"enemies":"Gensokyo:Mamizou","floor":8,"turns":10},{"damage":14,"enemies":"Gensokyo:Kitsune","floor":10,"turns":4},{"damage":45,"enemies":"Gensokyo:Cirno","floor":11,"turns":6}],"seed_played":"-2031356719953793882","potions_obtained":[{"floor":3,"key":"Cursed Concoction"}],"is_trial":false,"path_per_floor":["M","?","M","?","?","R","M","E","T","M","E"],"character_chosen":"DOCTOR_CLASS","items_purchased":[],"campfire_rested":0,"item_purchase_floors":[],"current_hp_per_floor":[68,65,64,64,64,64,66,48,48,38,0,0],"gold":111,"neow_bonus":"UPGRADE_CARD","is_daily":false,"chose_seed":false,"campfire_upgraded":1,"win_rate":0.0,"timestamp":1613762147,"path_taken":["M","?","M","?","?","R","M","E","T","M","E"],"items_purchased_type":[],"build_version":"2020-12-22","purchased_purges":0,"victory":false,"max_hp_per_floor":[72,79,79,79,79,79,79,79,79,79,79,79],"relic_stats":{"counters":[6,31],"obtain_stats":[{"ats:Originium":8,"Strawberry":2,"Gensokyo:NagashiBinaDoll":5,"infinitespire:FocusingShard":8,"EVO:Axolotl":0,"ats:Sanity":0,"White_Cape":9},{"ats:Originium":4,"Strawberry":1,"Gensokyo:NagashiBinaDoll":2,"infinitespire:FocusingShard":4,"EVO:Axolotl":0,"ats:Sanity":0,"White_Cape":4},{"ats:Originium":21,"Strawberry":4,"Gensokyo:NagashiBinaDoll":7,"infinitespire:FocusingShard":21,"EVO:Axolotl":0,"ats:Sanity":0,"White_Cape":21}]},"card_choices":[{"not_picked":["ats:Flexible Camouflage","ats:Ignite"],"picked":"ats:Thermite Blade","floor":1},{"not_picked":["ats:LN2 Cannon","ats:Very Hot Blade"],"picked":"ats:Flexible Camouflage","floor":3},{"not_picked":["Good Instincts+1","Survey Options+1"],"picked":"Forethought+1","floor":4},{"not_picked":["ats:Roar Of Ursus+1","ats:Echo Reverb+1"],"picked":"ats:Soul Rend+1","floor":4},{"not_picked":["ats:Guard Mode","ats:Shell Defense"],"picked":"ats:Assault Order","floor":7},{"not_picked":["ats:Blood Oath","ats:Neurotoxin"],"picked":"ats:Calcification","floor":8},{"not_picked":["ats:Poison Spread","ats:Powerful Strike"],"picked":"ats:Hammer On","floor":10}],"player_experience":466213,"relics_obtained":[{"floor":8,"key":"ats:Originium"},{"floor":8,"key":"infinitespire:FocusingShard"},{"floor":9,"key":"White_Cape"}],"event_choices":[{"damage_healed":0,"gold_gain":0,"player_choice":"2","damage_taken":0,"max_hp_gain":0,"max_hp_loss":0,"event_name":"betterMatch:BetterMatch","floor":4,"gold_loss":0,"cards_obtained":["betterMatch:ColorlessUncommonCard","betterMatch:RareCard"]}],"is_beta":false,"boss_relics":[],"items_purged_floors":[],"is_endless":false,"potions_floor_spawned":[3],"killed_by":"Gensokyo:Cirno","ascension_level":0}}