{"host":"51qmnr9isyv85d0p","time":1613711470,"event":{"mods":["AchievementEnabler","BaseMod","Colored Map","Colored Powertips","Curses Come First","Downfall","Minty Spire (QoL Compilation)","Red Circlet Mod","Relic Stats","Replay The Spire","StSLib","TestMod"],"gold_per_floor":[11800,11036,11048,11066,10033,10065,10065,9183,9207,9207,9221,9321,8059,8088,8088,8183,8183,8196,8216,7085,7101,7117,7149,7162,7175,7175,7215,6576,6620,5918,5942,5942,6058,6058,6077,6100,6010,5133,5163,5200,5200,5249,5249,5314,5314,5337,5337,5390,5390,5415],"floor_reached":51,"language":"ZHS","playtime":2516,"items_purged":["Strike_R","Defend_R","Strike_R","Defend_R","Strike_R","Defend_R","Strike_R","Second Wind"],"score":1103,"play_id":"b83acc7a-7897-4dc4-9630-f5cae23a4c8d","local_time":"20210219131110","is_ascension_mode":true,"campfire_choices":[{"data":"Rupture","floor":7,"key":"SMITH"},{"data":"Combust","floor":10,"key":"SMITH"},{"data":"Dark Embrace","floor":15,"key":"SMITH"},{"data":"Hemogenesis","floor":32,"key":"SMITH"},{"data":"Thinking Ahead","floor":41,"key":"SMITH"},{"data":"Limit Break","floor":47,"key":"SMITH"},{"data":"Offering","floor":49,"key":"SMITH"}],"circlet_count":0,"master_deck":["Strike_R+1","Bash","CurseOfTheBell","True Grit","Bandage Up","Flex+1","Rupture+1","Burning Pact","Anger","ReplayTheSpireMod:Strike From Hell","Replay:Undeath\u0027s Touch","Combust+1","testmod-Collector","Warcry","Thinking Ahead+1","Inflame","Swift Strike","Panache","Dark Embrace+1","Brutality+1","Brutality+1","Rage","ReplayTheSpireMod:Muscle Training","Inflame+1","Bloodletting+1","Metallicize+1","Hemokinesis+1","Hemogenesis+1","Inflame+1","Life Link+1","Anger+1","Metallicize+1","Berserk+1","Discovery","Barricade+1","Limit Break+1","Dark Embrace+1","Offering+1","Bloodletting"],"relics":["testmod-TestBox","testmod-Fanaticism","Calling Bell","Toy Ornithopter","Charon\u0027s Ashes","Replay:Bottled Snecko","Centennial Puzzle","Potion Belt","Bag of Marbles","Replay:Ringing Soul","Brimstone","Replay:Rubber Ducky","Replay:WaspNest","Regal Pillow","Gremlin Food","Pantograph","Counterbalance","Lee\u0027s Waffle","Frozen Egg 2","testmod-Prudence","StoneCalendar","Bird Faced Urn","Guardian:BottledAnomaly","testmod-Hope","Replay:Bandana","Letter Opener","ReplayFunnel","Vajra","Chemical X","testmod-Antiphasic","Replay:Wax Seal","Ornamental Fan","Orrery","Black Star","testmod-OneHitWonder","sneckomod:BlankCard","testmod-Register","Bottled Tornado","King of Hearts","Molten Egg 2","Champion Belt","testmod-Acrobat","Happy Flower","Ancient Tea Set","testmod-LifeArmor","Replay:Accelerometer"],"acts_visited":["Exordium","TheCity","TheBeyond"],"potions_floor_usage":[8,16],"damage_taken":[{"damage":0,"enemies":"Cultist","floor":1,"turns":2},{"damage":0,"enemies":"2 Louse","floor":3,"turns":2},{"damage":14,"enemies":"Small Slimes","floor":4,"turns":2},{"damage":0,"enemies":"Lagavulin","floor":6,"turns":2},{"damage":0,"enemies":"Exordium Wildlife","floor":11,"turns":1},{"damage":10,"enemies":"3 Sentries","floor":14,"turns":2},{"damage":43,"enemies":"Hexaghost","floor":16,"turns":3},{"damage":14,"enemies":"Shell Parasite","floor":18,"turns":2},{"damage":23,"enemies":"Chosen","floor":19,"turns":2},{"damage":4,"enemies":"Snecko","floor":21,"turns":2},{"damage":39,"enemies":"Snake Plant","floor":22,"turns":2},{"damage":5,"enemies":"Gremlin Leader","floor":23,"turns":2},{"damage":29,"enemies":"Shelled Parasite and Fungi","floor":24,"turns":2},{"damage":24,"enemies":"Cultist and Chosen","floor":25,"turns":3},{"damage":17,"enemies":"Book of Stabbing","floor":27,"turns":2},{"damage":25,"enemies":"Replay:Snechameleon","floor":29,"turns":2},{"damage":3,"enemies":"Sentry and Sphere","floor":31,"turns":2},{"damage":11,"enemies":"Automaton","floor":33,"turns":4},{"damage":14,"enemies":"Orb Walker","floor":35,"turns":2},{"damage":29,"enemies":"3 Shapes","floor":36,"turns":2},{"damage":16,"enemies":"3 Darklings","floor":39,"turns":2},{"damage":8,"enemies":"Reptomancer","floor":40,"turns":2},{"damage":15,"enemies":"R_Hoarder","floor":42,"turns":3},{"damage":18,"enemies":"Nemesis","floor":44,"turns":3},{"damage":32,"enemies":"Jaw Worm Horde","floor":46,"turns":2},{"damage":20,"enemies":"Giant Head","floor":48,"turns":4},{"damage":22,"enemies":"Replay:Hell Engine","floor":50,"turns":2}],"seed_played":"4773517114653564381","potions_obtained":[{"floor":3,"key":"Fire Potion"},{"floor":11,"key":"Elixir"},{"floor":27,"key":"Adrenaline Potion"}],"is_trial":false,"path_per_floor":["M","$","M","M","$","E","R","$","T","R","M","?","$","E","R","B",null,"M","M","$","M","M","E","M","M","T","E","$","E","$","M","R","B",null,"M","M","?","$","M","E","R","E","T","E","?","M","R","E","R","B",null],"character_chosen":"IRONCLAD","items_purchased":["Centennial Puzzle","Potion Belt","Dexterity Potion","SpeedPotion","bronze:BurnAndBuffPotion","Bandage Up","Flex+1","Rupture","Bag of Marbles","Replay:Ringing Soul","Brimstone","LiquidBronze","Weak Potion","ReplayTheSpireMod:Strike From Hell","Replay:Undeath\u0027s Touch","Combust","testmod-Collector","Replay:WaspNest","Regal Pillow","Thinking Ahead","Inflame","testmod-SpacePotion","Dexterity Potion","Pantograph","Counterbalance","Lee\u0027s Waffle","Swift Strike","Panache","Second Wind","Dark Embrace","StoneCalendar","Bird Faced Urn","ReplayTheSpireMod:Muscle Training","Inflame+1","LiquidBronze","Guardian:BottledAnomaly","ReplayFunnel","Vajra","Chemical X","Replay:Wax Seal","Ornamental Fan","DistilledChaos","Orrery","testmod-OneHitWonder","sneckomod:BlankCard","testmod-Register","Discovery","BlessingOfTheForge","Strength Potion"],"campfire_rested":0,"item_purchase_floors":[2,2,2,2,2,2,2,2,5,5,5,5,5,5,5,5,5,8,8,8,8,8,8,13,13,13,13,13,13,13,20,20,20,20,20,20,28,28,28,30,30,30,30,38,38,38,38,38,38],"current_hp_per_floor":[80,80,80,76,79,82,82,89,89,89,89,89,99,98,98,77,105,108,108,111,113,114,117,117,120,120,118,118,123,126,126,126,129,129,129,129,129,132,132,135,135,137,137,138,141,144,144,147,147,147],"gold":5415,"neow_bonus":"BOSS_RELIC","is_daily":false,"chose_seed":false,"campfire_upgraded":7,"win_rate":0.0,"timestamp":1613711470,"path_taken":["M","$","M","M","?","E","R","$","T","R","?","?","$","E","R","BOSS","M","M","$","M","M","E","?","M","T","E","$","E","$","M","R","BOSS","M","M","?","$","?","E","R","E","T","E","?","M","R","E","R","BOSS"],"items_purchased_type":["Relic","Relic","Potion","Potion","Potion","Card","Card","Card","Relic","Relic","Relic","Potion","Potion","Card","Card","Card","Card","Relic","Relic","Card","Card","Potion","Potion","Relic","Relic","Relic","Card","Card","Card","Card","Relic","Relic","Card","Card","Potion","Relic","Relic","Relic","Relic","Relic","Relic","Potion","Relic","Relic","Relic","Relic","Card","Potion","Potion"],"build_version":"2020-12-22","purchased_purges":8,"victory":true,"max_hp_per_floor":[80,80,80,80,83,86,86,89,89,89,89,89,99,102,102,105,105,108,108,111,114,114,117,117,120,120,120,120,123,126,126,126,129,129,129,129,129,132,132,135,135,138,138,138,141,144,144,147,147,147],"relic_stats":{"Regal Pillow":0,"Lee\u0027s Waffle":7,"Happy Flower":[2],"counters":[27,61],"StoneCalendar":[0],"Charon\u0027s Ashes":[333],"Letter Opener":[110],"Centennial Puzzle":[68],"Ornamental Fan":[40],"Pantograph":4,"Bird Faced Urn":[107],"Black Star":4,"Chemical X":[1],"Champion Belt":[7],"obtain_stats":[{"ReplayFunnel":28,"Replay:Accelerometer":48,"Regal Pillow":8,"sneckomod:BlankCard":38,"Vajra":28,"StoneCalendar":20,"King of Hearts":40,"testmod-LifeArmor":48,"Bottled Tornado":40,"Ancient Tea Set":44,"Burning Blood":0,"Replay:Rubber Ducky":6,"testmod-Fanaticism":0,"Replay:Ringing Soul":5,"Centennial Puzzle":2,"Replay:Bandana":26,"testmod-Prudence":17,"DollysMirror":45,"Pantograph":13,"Replay:Bottled Snecko":0,"Chemical X":28,"Guardian:BottledAnomaly":20,"Replay:Wax Seal":30,"Potion Belt":2,"Gremlin Food":9,"Lee\u0027s Waffle":13,"testmod-TestBox":0,"Happy Flower":44,"testmod-Register":38,"Counterbalance":13,"Charon\u0027s Ashes":0,"Replay:WaspNest":8,"Letter Opener":27,"Frozen Egg 2":14,"Calling Bell":0,"testmod-Antiphasic":29,"Brimstone":5,"Ornamental Fan":30,"Bird Faced Urn":20,"testmod-Acrobat":43,"testmod-Hope":23,"Orrery":30,"Molten Egg 2":42,"Bag of Marbles":5,"Black Star":34,"Champion Belt":42,"Toy Ornithopter":0,"testmod-OneHitWonder":38},{"ReplayFunnel":15,"Replay:Accelerometer":26,"Regal Pillow":4,"sneckomod:BlankCard":20,"Vajra":15,"StoneCalendar":9,"King of Hearts":22,"testmod-LifeArmor":26,"Bottled Tornado":22,"Ancient Tea Set":24,"Burning Blood":0,"Replay:Rubber Ducky":4,"testmod-Fanaticism":0,"Replay:Ringing Soul":3,"Centennial Puzzle":1,"Replay:Bandana":14,"testmod-Prudence":7,"DollysMirror":24,"Pantograph":5,"Replay:Bottled Snecko":0,"Chemical X":15,"Guardian:BottledAnomaly":9,"Replay:Wax Seal":16,"Potion Belt":1,"Gremlin Food":4,"Lee\u0027s Waffle":5,"testmod-TestBox":0,"Happy Flower":24,"testmod-Register":20,"Counterbalance":5,"Charon\u0027s Ashes":0,"Replay:WaspNest":4,"Letter Opener":15,"Frozen Egg 2":6,"Calling Bell":0,"testmod-Antiphasic":16,"Brimstone":3,"Ornamental Fan":16,"Bird Faced Urn":9,"testmod-Acrobat":23,"testmod-Hope":12,"Orrery":16,"Molten Egg 2":23,"Bag of Marbles":3,"Black Star":18,"Champion Belt":23,"Toy Ornithopter":0,"testmod-OneHitWonder":20},{"ReplayFunnel":31,"Replay:Accelerometer":59,"Regal Pillow":8,"sneckomod:BlankCard":43,"Vajra":31,"StoneCalendar":18,"King of Hearts":47,"testmod-LifeArmor":59,"Bottled Tornado":47,"Ancient Tea Set":53,"Burning Blood":0,"Replay:Rubber Ducky":8,"testmod-Fanaticism":0,"Replay:Ringing Soul":6,"Centennial Puzzle":2,"Replay:Bandana":29,"testmod-Prudence":14,"DollysMirror":53,"Pantograph":9,"Replay:Bottled Snecko":0,"Chemical X":31,"Guardian:BottledAnomaly":18,"Replay:Wax Seal":33,"Potion Belt":2,"Gremlin Food":8,"Lee\u0027s Waffle":9,"testmod-TestBox":0,"Happy Flower":53,"testmod-Register":43,"Counterbalance":9,"Charon\u0027s Ashes":0,"Replay:WaspNest":8,"Letter Opener":31,"Frozen Egg 2":11,"Calling Bell":0,"testmod-Antiphasic":33,"Brimstone":6,"Ornamental Fan":33,"Bird Faced Urn":18,"testmod-Acrobat":50,"testmod-Hope":24,"Orrery":33,"Molten Egg 2":50,"Bag of Marbles":6,"Black Star":39,"Champion Belt":50,"Toy Ornithopter":0,"testmod-OneHitWonder":43}],"Toy Ornithopter":4},"card_choices":[{"not_picked":["ReplayTheSpireMod:Limb From Limb","Entrench"],"picked":"True Grit","floor":1},{"not_picked":["ReplayTheSpireMod:Strike From Hell","Reckless Charge"],"picked":"Burning Pact","floor":3},{"not_picked":["Armaments","Body Slam"],"picked":"Anger","floor":4},{"not_picked":["Twin Strike","Anger"],"picked":"Warcry","floor":6},{"not_picked":["Defy Death","Shockwave","Replay:Undeath\u0027s Touch"],"picked":"SKIP","floor":11},{"not_picked":["ReplayTheSpireMod:Strike From Hell","Pommel Strike"],"picked":"Brutality+1","floor":14},{"not_picked":["Bludgeon","Fiend Fire"],"picked":"Brutality+1","floor":16},{"not_picked":["Pommel Strike","Clothesline"],"picked":"Rage","floor":18},{"not_picked":["Anger","Heavy Blade+1","Flex"],"picked":"SKIP","floor":19},{"not_picked":["Cleave","Body Slam"],"picked":"Bloodletting+1","floor":21},{"not_picked":["True Grit","Flex+1","Body Slam"],"picked":"SKIP","floor":22},{"not_picked":["Corruption+1","Cleave"],"picked":"Metallicize+1","floor":23},{"not_picked":["Armaments","Sever Soul","Replay:Undeath\u0027s Touch+1"],"picked":"SKIP","floor":24},{"not_picked":["Reaper","Pommel Strike"],"picked":"Hemokinesis+1","floor":25},{"not_picked":["Headbutt+1","ReplayTheSpireMod:Strike From Hell+1","Warcry"],"picked":"SKIP","floor":27},{"not_picked":["Pommel Strike","Shrug It Off"],"picked":"Hemogenesis","floor":29},{"not_picked":["Cleave","ReplayTheSpireMod:LeadingStrike"],"picked":"Inflame+1","floor":30},{"not_picked":["Thunderclap","Cleave+1"],"picked":"Life Link+1","floor":30},{"not_picked":["Iron Wave+1","Fire Breathing+1"],"picked":"Anger+1","floor":30},{"not_picked":["Run Through","Second Wind+1"],"picked":"Metallicize+1","floor":30},{"not_picked":["Headbutt","ReplayTheSpireMod:Muscle Training","Clash+1"],"picked":"SKIP","floor":31},{"not_picked":["Impervious","Barricade+1"],"picked":"Berserk+1","floor":33},{"not_picked":["Replay:Undeath\u0027s Touch+1","Clothesline+1","Thunderclap+1"],"picked":"SKIP","floor":35},{"not_picked":["Run Through+1","Shrug It Off+1","ReplayTheSpireMod:Muscle Training"],"picked":"SKIP","floor":36},{"not_picked":["Flame Barrier","ReplayTheSpireMod:Limb From Limb","Perfected Strike"],"picked":"SKIP","floor":39},{"not_picked":["Fiend Fire","Pummel"],"picked":"Barricade+1","floor":40},{"not_picked":["Warcry","Anger+1"],"picked":"Limit Break","floor":42},{"not_picked":["Ghostly Armor+1","Dropkick+1","ReplayTheSpireMod:Strike From Hell+1"],"picked":"SKIP","floor":44},{"not_picked":["Clash+1","True Grit"],"picked":"Offering","floor":46},{"not_picked":["ReplayTheSpireMod:Corrosion Curse","Armaments+1"],"picked":"Bloodletting","floor":48}],"player_experience":116923,"relics_obtained":[{"floor":0,"key":"Toy Ornithopter"},{"floor":0,"key":"Charon\u0027s Ashes"},{"floor":0,"key":"Replay:Bottled Snecko"},{"floor":6,"key":"Replay:Rubber Ducky"},{"floor":9,"key":"Gremlin Food"},{"floor":14,"key":"Frozen Egg 2"},{"floor":23,"key":"testmod-Hope"},{"floor":26,"key":"Replay:Bandana"},{"floor":27,"key":"Letter Opener"},{"floor":29,"key":"testmod-Antiphasic"},{"floor":40,"key":"Bottled Tornado"},{"floor":40,"key":"King of Hearts"},{"floor":42,"key":"Molten Egg 2"},{"floor":42,"key":"Champion Belt"},{"floor":43,"key":"testmod-Acrobat"},{"floor":44,"key":"Happy Flower"},{"floor":44,"key":"Ancient Tea Set"},{"floor":48,"key":"testmod-LifeArmor"},{"floor":48,"key":"Replay:Accelerometer"}],"event_choices":[{"damage_healed":0,"gold_gain":100,"player_choice":"Pray","damage_taken":0,"max_hp_gain":0,"max_hp_loss":0,"event_name":"Golden Shrine","floor":12,"gold_loss":0},{"cards_removed":["Defend_R"],"damage_healed":0,"gold_gain":0,"player_choice":"Upgrade and Remove","damage_taken":0,"max_hp_gain":0,"max_hp_loss":0,"event_name":"Designer","floor":37,"gold_loss":90,"cards_upgraded":["Strike_R"]},{"damage_healed":0,"gold_gain":0,"player_choice":"Swap Relic","damage_taken":0,"relics_obtained":["DollysMirror"],"max_hp_gain":0,"max_hp_loss":0,"event_name":"给自己的盒子","floor":45,"relics_lost":["DollysMirror"],"gold_loss":0}],"is_beta":false,"boss_relics":[{"not_picked":["Painkiller Herb","testmod-BloodSacrificeSpiritualization"],"picked":"testmod-Prudence"},{"not_picked":["Kintsugi","testmod-IncinerationGenerator"],"picked":"Black Star"}],"items_purged_floors":[2,5,8,13,20,28,30,38],"is_endless":false,"potions_floor_spawned":[3,11,22,24,25,27,35,40,42,46],"ascension_level":1}}