{"host":"okln270zkafj6dck","time":1613694147,"event":{"mods":["BaseMod","Minty Spire (QoL Compilation)","Permanent Neow","Quick Restart","Relic Stats","StSLib","SuperFastMode","UnlockEverythingMod"],"gold_per_floor":[362,373,26,26,26,26,37,53,77,20,51,51,88,97,97,179,179,189,189,107,116,132,164,164,187,187,216,11,39,39,71,71,159,159,188,207,29,48,68,105,38,50,50,75,422,422,422,454,454,454,454,454,454,28,70,70],"floor_reached":57,"language":"ENG","playtime":2223,"items_purged":["Defend_G","Strike_G","Writhe","Strike_G","Defend_G"],"score":3473,"play_id":"c1b71a80-cd22-48fd-b3aa-f53b196da19d","local_time":"20210218162227","is_ascension_mode":true,"campfire_choices":[{"data":"Crippling Poison","floor":6,"key":"SMITH"},{"data":"Catalyst","floor":12,"key":"SMITH"},{"data":"Wraith Form v2","floor":15,"key":"SMITH"},{"data":"Well Laid Plans","floor":32,"key":"SMITH"},{"floor":49,"key":"RECALL"},{"data":"Corpse Explosion","floor":53,"key":"SMITH"}],"circlet_count":0,"master_deck":["AscendersBane","Strike_G","Strike_G","Defend_G","Defend_G","Defend_G","Survivor","Neutralize","Calculated Gamble","Crippling Poison+1","Footwork","Catalyst+1","Predator","Leg Sweep","Corpse Explosion+1","Wraith Form v2+1","Burst+1","Well Laid Plans+1","PiercingWail","Wraith Form v2","Backflip+1","Wraith Form v2+1","Footwork","PiercingWail+1","Bullet Time","Caltrops","Master of Strategy","Deadly Poison"],"relics":["Ring of the Snake","Membership Card","Anchor","Regal Pillow","Toy Ornithopter","CeramicFish","Orichalcum","Snecko Eye","Bronze Scales","Turnip","Akabeko","Lantern","Paper Crane","Bag of Preparation","Enchiridion","Darkstone Periapt","Philosopher\u0027s Stone","DollysMirror","Kunai","InkBottle","Smiling Mask","Old Coin","Omamori","Bottled Lightning","Medical Kit","Ice Cream"],"acts_visited":["Exordium","TheCity","TheBeyond","TheEnding"],"potions_floor_usage":[11,23,25,33,50,56,56],"damage_taken":[{"damage":0,"enemies":"2 Louse","floor":1,"turns":5},{"damage":4,"enemies":"Cultist","floor":2,"turns":5},{"damage":4,"enemies":"Small Slimes","floor":7,"turns":3},{"damage":0,"enemies":"Gremlin Gang","floor":8,"turns":4},{"damage":0,"enemies":"3 Sentries","floor":11,"turns":13},{"damage":3,"enemies":"Gremlin Nob","floor":13,"turns":3},{"damage":20,"enemies":"Hexaghost","floor":16,"turns":13},{"damage":0,"enemies":"2 Thieves","floor":18,"turns":2},{"damage":0,"enemies":"Spheric Guardian","floor":22,"turns":3},{"damage":25,"enemies":"Gremlin Leader","floor":23,"turns":3},{"damage":0,"enemies":"Snake Plant","floor":25,"turns":3},{"damage":0,"enemies":"Slavers","floor":27,"turns":3},{"damage":0,"enemies":"Gremlin Leader","floor":29,"turns":3},{"damage":0,"enemies":"Book of Stabbing","floor":31,"turns":4},{"damage":0,"enemies":"Automaton","floor":33,"turns":9},{"damage":0,"enemies":"3 Shapes","floor":35,"turns":2},{"damage":0,"enemies":"Orb Walker","floor":36,"turns":4},{"damage":0,"enemies":"Maw","floor":38,"turns":4},{"damage":0,"enemies":"Transient","floor":39,"turns":6},{"damage":5,"enemies":"Nemesis","floor":40,"turns":9},{"damage":0,"enemies":"Writhing Mass","floor":42,"turns":4},{"damage":0,"enemies":"Giant Head","floor":44,"turns":6},{"damage":0,"enemies":"2 Orb Walkers","floor":45,"turns":4},{"damage":0,"enemies":"Reptomancer","floor":48,"turns":3},{"damage":44,"enemies":"Awakened One","floor":50,"turns":16},{"damage":0,"enemies":"Donu and Deca","floor":51,"turns":4},{"damage":0,"enemies":"Shield and Spear","floor":55,"turns":4},{"damage":8,"enemies":"The Heart","floor":56,"turns":9}],"seed_played":"8121567475420064583","potions_obtained":[{"floor":1,"key":"SpeedPotion"},{"floor":7,"key":"Block Potion"},{"floor":13,"key":"Swift Potion"},{"floor":23,"key":"Fruit Juice"},{"floor":25,"key":"Regen Potion"},{"floor":35,"key":"DistilledChaos"},{"floor":55,"key":"Dexterity Potion"}],"is_trial":false,"path_per_floor":["M","M","$","?","$","R","M","M","T","$","E","R","E","?","R","B",null,"M","T","$","?","M","E","?","M","T","E","$","E","?","E","R","B",null,"M","M","$","M","M","E","$","M","T","E","?","?","?","E","R","B","B",null,"R","$","E","B",null],"character_chosen":"THE_SILENT","items_purchased":["Membership Card","Footwork","Anchor","Regal Pillow","Leg Sweep","Well Laid Plans","Paper Crane","DollysMirror","Footwork","Bullet Time","Bottled Lightning","Medical Kit","Caltrops","Master of Strategy","DistilledChaos"],"campfire_rested":0,"item_purchase_floors":[3,3,3,3,10,20,28,37,37,41,54,54,54,54,54],"current_hp_per_floor":[44,40,40,40,40,40,36,36,36,36,41,41,38,38,38,18,54,54,54,54,54,54,34,34,44,44,44,44,44,23,23,23,43,64,64,64,64,64,64,59,59,59,59,59,59,59,59,59,59,20,20,55,55,55,55,57],"gold":70,"neow_bonus":"TWO_FIFTY_GOLD","is_daily":false,"chose_seed":false,"campfire_upgraded":5,"win_rate":0.0,"timestamp":1613694147,"path_taken":["M","M","$","?","$","R","M","M","T","$","E","R","E","?","R","BOSS","M","?","$","?","M","E","?","?","T","E","$","E","?","E","R","BOSS","M","M","$","M","M","E","$","M","T","E","?","?","?","E","R","BOSS","BOSS","R","$","E","BOSS"],"items_purchased_type":["Relic","Card","Relic","Relic","Card","Card","Relic","Relic","Card","Card","Relic","Relic","Card","Card","Potion"],"build_version":"2020-12-22","purchased_purges":5,"victory":true,"max_hp_per_floor":[66,66,66,66,66,66,66,66,66,66,66,66,66,66,66,66,66,66,66,66,66,66,66,66,71,71,71,71,71,71,71,71,71,71,71,71,71,71,71,71,71,71,71,71,71,71,67,67,67,67,67,67,67,67,67,67],"relic_stats":{"Darkstone Periapt":0,"Regal Pillow":0,"counters":[28,151],"CeramicFish":135,"Bag of Preparation":[0],"Orichalcum":[240],"Smiling Mask":38,"Medical Kit":[3],"Bronze Scales":[473],"Snecko Eye":[231,193,212,223],"Turnip":[14],"Kunai":[6],"obtain_stats":[{"Darkstone Periapt":31,"Ice Cream":55,"Regal Pillow":3,"Lantern":27,"CeramicFish":11,"Enchiridion":30,"Bag of Preparation":29,"Smiling Mask":44,"Old Coin":45,"DollysMirror":37,"Philosopher\u0027s Stone":34,"Kunai":40,"InkBottle":43,"Ring of the Snake":0,"Omamori":48,"Orichalcum":13,"Paper Crane":28,"Medical Kit":54,"Akabeko":23,"Anchor":3,"Bronze Scales":19,"Snecko Eye":17,"Turnip":21,"Membership Card":3,"Bottled Lightning":54,"Toy Ornithopter":9},{"Darkstone Periapt":14,"Ice Cream":27,"Regal Pillow":2,"Lantern":12,"CeramicFish":5,"Enchiridion":13,"Bag of Preparation":13,"Smiling Mask":22,"Old Coin":23,"DollysMirror":17,"Philosopher\u0027s Stone":15,"Kunai":20,"InkBottle":21,"Ring of the Snake":0,"Omamori":24,"Orichalcum":6,"Paper Crane":12,"Medical Kit":26,"Akabeko":10,"Anchor":2,"Bronze Scales":8,"Snecko Eye":7,"Turnip":8,"Membership Card":2,"Bottled Lightning":26,"Toy Ornithopter":4},{"Darkstone Periapt":67,"Ice Cream":142,"Regal Pillow":10,"Lantern":60,"CeramicFish":30,"Enchiridion":63,"Bag of Preparation":63,"Smiling Mask":111,"Old Coin":115,"DollysMirror":82,"Philosopher\u0027s Stone":76,"Kunai":101,"InkBottle":105,"Ring of the Snake":0,"Omamori":118,"Orichalcum":33,"Paper Crane":60,"Medical Kit":138,"Akabeko":54,"Anchor":10,"Bronze Scales":48,"Snecko Eye":46,"Turnip":48,"Membership Card":10,"Bottled Lightning":138,"Toy Ornithopter":17}],"Toy Ornithopter":35,"InkBottle":[16],"Ring of the Snake":[56]},"card_choices":[{"not_picked":["Heel Hook","Acrobatics"],"picked":"Calculated Gamble","floor":1},{"not_picked":["Quick Slash","Flechettes"],"picked":"Crippling Poison","floor":2},{"not_picked":["Skewer","Predator"],"picked":"Catalyst","floor":7},{"not_picked":["Underhanded Strike","Endless Agony"],"picked":"Predator","floor":8},{"not_picked":["Dagger Spray","Blur","Riddle With Holes"],"picked":"SKIP","floor":11},{"not_picked":["Quick Slash","Storm of Steel"],"picked":"Corpse Explosion","floor":13},{"not_picked":["After Image","Corpse Explosion"],"picked":"Burst","floor":16},{"not_picked":["Backstab","Accuracy","Dodge and Roll"],"picked":"SKIP","floor":18},{"not_picked":["Deflect","Slice","Dagger Spray"],"picked":"SKIP","floor":22},{"not_picked":["Cloak And Dagger","Doppelganger","Well Laid Plans"],"picked":"SKIP","floor":23},{"not_picked":["Expertise","Dagger Throw"],"picked":"PiercingWail","floor":25},{"not_picked":["Escape Plan","Flying Knee","Underhanded Strike"],"picked":"SKIP","floor":27},{"not_picked":["Dagger Throw","Poisoned Stab","Dodge and Roll"],"picked":"SKIP","floor":29},{"not_picked":["Quick Slash","Infinite Blades","Deflect"],"picked":"SKIP","floor":31},{"not_picked":["Grand Finale","Venomology"],"picked":"Wraith Form v2","floor":33},{"not_picked":["Cloak And Dagger","Flying Knee"],"picked":"Backflip+1","floor":35},{"not_picked":["Sucker Punch+1","Distraction+1","Dagger Spray+1"],"picked":"SKIP","floor":36},{"not_picked":["Eviscerate","Quick Slash+1","Acrobatics"],"picked":"SKIP","floor":38},{"not_picked":["Terror","Escape Plan+1","Heel Hook"],"picked":"SKIP","floor":39},{"not_picked":["Outmaneuver","Sucker Punch"],"picked":"PiercingWail+1","floor":40},{"not_picked":["Cloak And Dagger+1","Reflex+1","Leg Sweep"],"picked":"SKIP","floor":42},{"not_picked":["Backflip","Bullet Time","Poisoned Stab"],"picked":"SKIP","floor":44},{"not_picked":["Quick Slash","Infinite Blades","Dagger Spray"],"picked":"SKIP","floor":48},{"not_picked":["Dodge and Roll","Prepared"],"picked":"Deadly Poison","floor":55}],"player_experience":73968,"relics_obtained":[{"floor":9,"key":"Toy Ornithopter"},{"floor":11,"key":"CeramicFish"},{"floor":13,"key":"Orichalcum"},{"floor":19,"key":"Bronze Scales"},{"floor":23,"key":"Akabeko"},{"floor":27,"key":"Lantern"},{"floor":29,"key":"Bag of Preparation"},{"floor":30,"key":"Enchiridion"},{"floor":31,"key":"Darkstone Periapt"},{"floor":40,"key":"Kunai"},{"floor":43,"key":"InkBottle"},{"floor":44,"key":"Smiling Mask"},{"floor":45,"key":"Old Coin"},{"floor":48,"key":"Omamori"},{"floor":55,"key":"Ice Cream"}],"event_choices":[{"damage_healed":0,"gold_gain":0,"player_choice":"Ignored","damage_taken":0,"max_hp_gain":0,"max_hp_loss":0,"event_name":"Shining Light","floor":4,"gold_loss":0},{"damage_healed":0,"gold_gain":0,"cards_transformed":["Strike_G"],"player_choice":"Transformed","damage_taken":0,"max_hp_gain":0,"max_hp_loss":0,"event_name":"Transmorgrifier","floor":14,"gold_loss":0,"cards_obtained":["Wraith Form v2"]},{"damage_healed":0,"gold_gain":0,"player_choice":"Opened","damage_taken":0,"relics_obtained":["Turnip"],"max_hp_gain":0,"max_hp_loss":0,"event_name":"The Mausoleum","floor":21,"gold_loss":0,"cards_obtained":["Writhe"]},{"damage_healed":0,"gold_gain":0,"player_choice":"Upgraded","damage_taken":0,"max_hp_gain":0,"max_hp_loss":0,"event_name":"Upgrade Shrine","floor":24,"gold_loss":0,"cards_upgraded":["Burst"]},{"damage_healed":0,"gold_gain":0,"player_choice":"Obtained Book","damage_taken":21,"max_hp_gain":0,"max_hp_loss":0,"event_name":"Cursed Tome","floor":30,"gold_loss":0},{"damage_healed":0,"gold_gain":0,"player_choice":"Fight","damage_taken":0,"max_hp_gain":0,"max_hp_loss":0,"event_name":"Mysterious Sphere","floor":45,"gold_loss":0},{"damage_healed":0,"gold_gain":0,"player_choice":"Memory 1","damage_taken":0,"max_hp_gain":0,"max_hp_loss":0,"event_name":"SensoryStone","floor":46,"gold_loss":0},{"damage_healed":0,"gold_gain":0,"player_choice":"Max HP","damage_taken":0,"max_hp_gain":0,"max_hp_loss":4,"event_name":"Winding Halls","floor":47,"gold_loss":0}],"is_beta":false,"boss_relics":[{"not_picked":["Sozu","Runic Dome"],"picked":"Snecko Eye"},{"not_picked":["Velvet Choker","Astrolabe"],"picked":"Philosopher\u0027s Stone"}],"items_purged_floors":[10,20,28,37,54],"is_endless":false,"potions_floor_spawned":[1,7,13,23,25,29,35,40,44,45,55],"ascension_level":20}}