{"host":"3fd6e6c5cltq175f","time":1613738609,"event":{"mods":["AchievementEnabler","BaseMod","Colored Map","Colored Powertips","DeckTracker","Minty Spire (QoL Compilation)"],"gold_per_floor":[115,115,47,67,26,58,58,74,74,103,103,37,37,67,67,165,165,178,193,10,10,22,22,22,40,40,55,55,55],"floor_reached":28,"language":"ENG","playtime":1038,"items_purged":[],"score":300,"play_id":"7a8518a2-300a-4d1d-8d04-59108d086c33","local_time":"20210219134329","is_ascension_mode":true,"campfire_choices":[{"data":"Infinite Blades","floor":7,"key":"SMITH"},{"data":"Accuracy","floor":13,"key":"SMITH"},{"data":"Cloak And Dagger","floor":15,"key":"SMITH"},{"floor":23,"key":"REST"}],"circlet_count":0,"master_deck":["Strike_G","Strike_G","Strike_G","Strike_G","Defend_G","Defend_G","Defend_G","Defend_G","Defend_G","Survivor+1","Neutralize","Flying Knee","Concentrate","Discovery","Infinite Blades+1","Poisoned Stab","Footwork","Accuracy+1","Cloak And Dagger+1","Adrenaline+1","Prepared","Cloak And Dagger+1","Terror","Deadly Poison+1"],"relics":["Ring of the Snake","NeowsBlessing","Blue Candle","PreservedInsect","The Courier","Ninja Scroll","Bag of Marbles","Empty Cage","War Paint"],"acts_visited":["Exordium","TheCity"],"potions_floor_usage":[16,16,22,25,27,28,28],"damage_taken":[{"damage":0,"enemies":"Jaw Worm","floor":1,"turns":1},{"damage":0,"enemies":"Cultist","floor":4,"turns":1},{"damage":0,"enemies":"3 Sentries","floor":6,"turns":1},{"damage":4,"enemies":"Small Slimes","floor":8,"turns":3},{"damage":17,"enemies":"Gremlin Nob","floor":10,"turns":4},{"damage":16,"enemies":"3 Sentries","floor":14,"turns":5},{"damage":17,"enemies":"Slime Boss","floor":16,"turns":6},{"damage":2,"enemies":"Chosen","floor":18,"turns":4},{"damage":22,"enemies":"Shell Parasite","floor":19,"turns":5},{"damage":30,"enemies":"Chosen and Byrds","floor":22,"turns":5},{"damage":8,"enemies":"3 Cultists","floor":25,"turns":4},{"damage":4,"enemies":"Centurion and Healer","floor":27,"turns":5},{"damage":33,"enemies":"Gremlin Leader","floor":28,"turns":3}],"seed_played":"-1126099806847286611","potions_obtained":[{"floor":4,"key":"LiquidBronze"},{"floor":8,"key":"Poison Potion"},{"floor":16,"key":"LiquidMemories"},{"floor":19,"key":"BlessingOfTheForge"},{"floor":27,"key":"SkillPotion"}],"is_trial":false,"path_per_floor":["M","?","$","M","$","E","R","M","T","E","T","$","R","E","R","B",null,"M","M","$","?","M","R","?","M","T","M","E"],"character_chosen":"THE_SILENT","items_purchased":["Infinite Blades","Well Laid Plans","Accuracy","War Paint","Regen Potion"],"campfire_rested":1,"item_purchase_floors":[3,5,12,20,20],"current_hp_per_floor":[70,70,70,70,70,70,70,66,66,49,49,49,49,33,33,16,70,68,46,46,46,30,51,39,31,31,27,0,0],"gold":55,"neow_bonus":"THREE_ENEMY_KILL","is_daily":false,"chose_seed":false,"campfire_upgraded":3,"win_rate":0.0,"timestamp":1613738609,"path_taken":["M","?","$","?","$","E","R","M","T","E","?","?","R","E","R","BOSS","M","?","$","?","M","R","?","?","T","M","E"],"items_purchased_type":["Card","Card","Card","Relic","Potion"],"build_version":"2020-12-22","purchased_purges":0,"victory":false,"max_hp_per_floor":[70,70,70,70,70,70,70,70,70,70,70,70,70,70,70,70,70,70,70,70,70,70,70,70,70,70,70,70,70],"card_choices":[{"not_picked":["Caltrops","Bane"],"picked":"Flying Knee","floor":1},{"not_picked":["Quick Slash","Heel Hook","PiercingWail"],"picked":"SKIP","floor":4},{"not_picked":["Flying Knee","Catalyst"],"picked":"Poisoned Stab","floor":6},{"not_picked":["Deflect","Distraction"],"picked":"Footwork","floor":8},{"not_picked":["Choke","Prepared","Acrobatics"],"picked":"SKIP","floor":10},{"not_picked":["Slice","PiercingWail"],"picked":"Cloak And Dagger","floor":14},{"not_picked":["Die Die Die","Unload"],"picked":"Adrenaline","floor":16},{"not_picked":["PiercingWail","Dagger Throw"],"picked":"Prepared","floor":18},{"not_picked":["Endless Agony+1","Poisoned Stab+1"],"picked":"Cloak And Dagger+1","floor":19},{"not_picked":["Well Laid Plans","Dagger Throw"],"picked":"Deadly Poison+1","floor":22},{"not_picked":["Backstab","Dagger Spray","Quick Slash"],"picked":"SKIP","floor":25},{"not_picked":["Setup+1","Slice","Backflip+1"],"picked":"SKIP","floor":27}],"player_experience":192184,"relics_obtained":[{"floor":6,"key":"Blue Candle"},{"floor":9,"key":"PreservedInsect"},{"floor":10,"key":"The Courier"},{"floor":11,"key":"Ninja Scroll"},{"floor":14,"key":"Bag of Marbles"}],"event_choices":[{"damage_healed":0,"gold_gain":0,"player_choice":"2 cards matched","damage_taken":0,"max_hp_gain":0,"max_hp_loss":0,"event_name":"Match and Keep!","floor":2,"gold_loss":0,"cards_obtained":["Concentrate","Discovery"]},{"damage_healed":0,"gold_gain":0,"player_choice":"Read","damage_taken":0,"max_hp_gain":0,"max_hp_loss":0,"event_name":"The Library","floor":21,"gold_loss":0,"cards_obtained":["Terror"]},{"damage_healed":0,"gold_gain":0,"player_choice":"POTION ","damage_taken":12,"max_hp_gain":0,"max_hp_loss":0,"event_name":"Knowing Skull","floor":24,"potions_obtained":["SkillPotion"],"gold_loss":0,"cards_obtained":[]}],"is_beta":false,"boss_relics":[{"not_picked":["Busted Crown","SacredBark"],"picked":"Empty Cage"}],"items_purged_floors":[],"is_endless":false,"potions_floor_spawned":[4,8,16,19,27],"killed_by":"Gremlin Leader","ascension_level":3}}