{"host":"lwys0gbp6t40j7jh","time":1613727855,"event":{"mods":["Act Like it!","Arknights","BaseMod","CapriCore","Downfall","Friendly Minions","GifTheSpireLib","Luminous","Minty Spire (QoL Compilation)","StSLib","SuperFastMode","The Marked"],"gold_per_floor":[115,115,125,24,24,24,58,70,97,114,114,132,150,169,169,269,269,249,5,21,41,56,56,56,56,56,88,107,107,107,120,120,120,120],"floor_reached":33,"language":"ENG","playtime":881,"items_purged":["theMarked:Strike","theMarked:Strike"],"score":296,"play_id":"26e93226-5cbd-44d5-97e9-723134cf6b43","local_time":"20210219104415","is_ascension_mode":false,"campfire_choices":[{"data":"theMarked:Parkour","floor":6,"key":"SMITH"},{"data":"theMarked:HeightenedSenses","floor":15,"key":"SMITH"},{"data":"theMarked:UnarmedFury","floor":23,"key":"SMITH"},{"data":"theMarked:SwordAndMagic","floor":25,"key":"SMITH"},{"floor":29,"key":"REST"},{"floor":32,"key":"REST"}],"circlet_count":0,"master_deck":["theMarked:Strike","theMarked:Strike","theMarked:Defend","theMarked:Defend","theMarked:Defend","theMarked:Defend","theMarked:SoldierOfQuellstein+1","theMarked:Parkour+1","theMarked:ResourceFulStrike","theMarked:SwordAndMagic+1","theMarked:ParalyzingBlade+1","theMarked:ElectricStrings","theMarked:HeightenedSenses","theMarked:HeightenedSenses+1","theMarked:UnarmedFury+1","theMarked:GodGivenPower+1","theMarked:EmpowerWeapon+1","theMarked:ParalyzingBlade+1"],"relics":["theMarked:ArtifactOfAir","Strawberry","Ancient Tea Set","SacredBark","Guardian:PocketSentry","Shuriken","theMarked:Gun"],"acts_visited":["Exordium","TheCity"],"potions_floor_usage":[7,16,21,22,27,33],"damage_taken":[{"damage":0,"enemies":"ats:Genji","floor":1,"turns":4},{"damage":0,"enemies":"Small Slimes","floor":3,"turns":3},{"damage":13,"enemies":"Gremlin Nob","floor":7,"turns":4},{"damage":1,"enemies":"Jaw Worm","floor":8,"turns":3},{"damage":2,"enemies":"Lots of Slimes","floor":10,"turns":4},{"damage":5,"enemies":"Looter","floor":12,"turns":2},{"damage":0,"enemies":"2 Fungi Beasts","floor":13,"turns":4},{"damage":5,"enemies":"Lots of Slimes","floor":14,"turns":3},{"damage":42,"enemies":"Hexaghost","floor":16,"turns":14},{"damage":4,"enemies":"2 Thieves","floor":18,"turns":4},{"damage":1,"enemies":"Chosen","floor":20,"turns":5},{"damage":16,"enemies":"Snake Plant","floor":21,"turns":4},{"damage":0,"enemies":"Snecko","floor":22,"turns":5},{"damage":29,"enemies":"Book of Stabbing","floor":27,"turns":7},{"damage":8,"enemies":"Shelled Parasite and Fungi","floor":28,"turns":8},{"damage":19,"enemies":"Snake Plant","floor":31,"turns":4},{"damage":67,"enemies":"Automaton","floor":33,"turns":10}],"seed_played":"1057530925199860747","potions_obtained":[{"floor":1,"key":"Guardian:BlockOnCardUsePotion"},{"floor":13,"key":"GamblersBrew"},{"floor":14,"key":"hexamod:SoulburnPotion"},{"floor":16,"key":"SpeedPotion"},{"floor":18,"key":"SkillPotion"},{"floor":21,"key":"EssenceOfSteel"},{"floor":31,"key":"BlessingOfTheForge"}],"is_trial":false,"path_per_floor":["M","?","M","$","?","R","E","M","T","M","?","M","M","M","R","B",null,"M","$","M","M","M","R","?","R","T","E","M","R","?","M","R","B"],"character_chosen":"THE_DEFAULT","items_purchased":["theMarked:SwordAndMagic","Guardian:PocketSentry"],"campfire_rested":2,"item_purchase_floors":[4,19],"current_hp_per_floor":[79,79,79,79,84,84,78,77,77,75,75,70,70,65,65,23,91,87,87,86,70,70,70,70,70,70,41,33,59,59,40,66,0,0],"gold":120,"neow_bonus":"TEN_PERCENT_HP_BONUS","is_daily":false,"chose_seed":false,"campfire_upgraded":4,"win_rate":0.0,"timestamp":1613727855,"path_taken":["M","?","M","$","?","R","E","M","T","M","?","?","M","?","R","BOSS","M","$","M","M","M","R","?","R","T","E","M","R","?","?","R","BOSS"],"items_purchased_type":["Card","Relic"],"build_version":"2020-12-22","purchased_purges":2,"victory":false,"max_hp_per_floor":[79,79,79,79,84,84,91,91,91,91,91,91,91,91,91,91,91,91,91,91,91,91,91,87,87,87,87,87,87,87,87,87,87,87],"card_choices":[{"not_picked":["theMarked:Frustration","theMarked:Improvise"],"picked":"theMarked:Parkour","floor":1},{"not_picked":["theMarked:WardOff","theMarked:Parkour"],"picked":"theMarked:ResourceFulStrike","floor":3},{"not_picked":["theMarked:HeightenedSenses","theMarked:Pokerface"],"picked":"theMarked:ParalyzingBlade","floor":7},{"not_picked":["theMarked:WastefulAttack","theMarked:MuscleMemory"],"picked":"theMarked:ElectricStrings","floor":8},{"not_picked":["theMarked:Friction","theMarked:BindingBlade","theMarked:TunnelVision"],"picked":"SKIP","floor":10},{"not_picked":["theMarked:BanishingStrike","theMarked:SwordAndMagic"],"picked":"theMarked:HeightenedSenses","floor":12},{"not_picked":["theMarked:Panic","theMarked:Aftermath"],"picked":"theMarked:HeightenedSenses","floor":13},{"not_picked":["theMarked:Polarize","theMarked:WastefulAttack","theMarked:Frustration"],"picked":"SKIP","floor":14},{"not_picked":["theMarked:EternalStudent","theMarked:Defy"],"picked":"theMarked:UnarmedFury","floor":16},{"not_picked":["theMarked:Frustration","theMarked:SwordAndMagic"],"picked":"theMarked:GodGivenPower+1","floor":18},{"not_picked":["theMarked:Heritage+1","theMarked:Frustration","theMarked:SwordAndMagic"],"picked":"SKIP","floor":20},{"not_picked":["theMarked:Parkour","theMarked:ElectricStrings","theMarked:TakeCover"],"picked":"SKIP","floor":21},{"not_picked":["theMarked:Maelstrom+1","theMarked:Static"],"picked":"theMarked:EmpowerWeapon+1","floor":22},{"not_picked":["theMarked:Panic","theMarked:Improvise","theMarked:WastefulAttack"],"picked":"SKIP","floor":27},{"not_picked":["theMarked:Aftermath","theMarked:GodGivenPower","theMarked:Opportunist"],"picked":"SKIP","floor":28},{"not_picked":["theMarked:WardOff","theMarked:Memento+1","theMarked:Standoff"],"picked":"SKIP","floor":31}],"player_experience":1249963,"relics_obtained":[{"floor":7,"key":"Strawberry"},{"floor":9,"key":"Ancient Tea Set"},{"floor":26,"key":"Shuriken"},{"floor":27,"key":"theMarked:Gun"}],"event_choices":[{"damage_healed":0,"gold_gain":0,"player_choice":"Grow","damage_taken":0,"max_hp_gain":0,"max_hp_loss":0,"event_name":"Living Wall","floor":2,"gold_loss":0,"cards_upgraded":["theMarked:SoldierOfQuellstein"]},{"damage_healed":0,"gold_gain":0,"player_choice":"Donut","damage_taken":0,"max_hp_gain":5,"max_hp_loss":0,"event_name":"Big Fish","floor":5,"gold_loss":0},{"damage_healed":0,"gold_gain":0,"player_choice":"Forge","damage_taken":0,"max_hp_gain":0,"max_hp_loss":0,"event_name":"Accursed Blacksmith","floor":11,"gold_loss":0,"cards_upgraded":["theMarked:ParalyzingBlade"]},{"damage_healed":0,"gold_gain":0,"player_choice":"Copied","damage_taken":0,"max_hp_gain":0,"max_hp_loss":0,"event_name":"Duplicator","floor":30,"gold_loss":0,"cards_obtained":["theMarked:ParalyzingBlade"]}],"is_beta":false,"boss_relics":[{"not_picked":["Runic Dome","Astrolabe"],"picked":"SacredBark"}],"items_purged_floors":[4,19],"is_endless":false,"potions_floor_spawned":[1,13,14,16,18,21,31],"killed_by":"Automaton","ascension_level":0}}