{"host":"jx3f6ezc0g3s9edc","time":1613763850,"event":{"mods":["AchievementEnabler","BaseMod","Bestiary","Colored Map","Highlight Path","Minty Spire (QoL Compilation)","StSLib"],"gold_per_floor":[130,130,167,177,234,261,296,296,373,373,392,204,204,216,216,320,320,340,353,367,382,382,382,382,382],"floor_reached":24,"language":"ENG","playtime":1889,"items_purged":["Strike_B"],"score":283,"play_id":"f0fb7632-b9ae-4f3c-bb5f-dd092d850854","local_time":"20210219144410","is_ascension_mode":true,"campfire_choices":[{"floor":8.0,"key":"REST"},{"data":"White Noise","floor":13.0,"key":"SMITH"},{"data":"Double Energy","floor":15.0,"key":"SMITH"},{"floor":23,"key":"REST"}],"circlet_count":0,"master_deck":["Strike_B","Strike_B","Defend_B","Defend_B","Defend_B","Defend_B","Zap","Dualcast","HandOfGreed","Tempest","Auto Shields","Ball Lightning","Self Repair","Heatsinks","Conserve Battery","Glacier","FTL+1","White Noise+1","Cold Snap+1","Double Energy+1","Reboot","Redo+1","Melter+1","Doom and Gloom+1","Barrage+1"],"relics":["Cracked Core","Molten Egg 2","Shuriken","Inserter","Enchiridion"],"acts_visited":["Exordium","TheCity"],"potions_floor_usage":[21,24,24,24],"damage_taken":[{"damage":3.0,"enemies":"2 Louse","floor":1.0,"turns":2.0},{"damage":1.0,"enemies":"Cultist","floor":3.0,"turns":3.0},{"damage":2.0,"enemies":"Jaw Worm","floor":4.0,"turns":3.0},{"damage":10.0,"enemies":"Gremlin Gang","floor":5.0,"turns":5.0},{"damage":39.0,"enemies":"Lagavulin","floor":6.0,"turns":6.0},{"damage":1.0,"enemies":"3 Louse","floor":7.0,"turns":2.0},{"damage":3.0,"enemies":"Blue Slaver","floor":11.0,"turns":4.0},{"damage":0.0,"enemies":"Large Slime","floor":14.0,"turns":6.0},{"damage":6.0,"enemies":"The Guardian","floor":16.0,"turns":9.0},{"damage":3,"enemies":"3 Byrds","floor":18,"turns":4},{"damage":4,"enemies":"Spheric Guardian","floor":19,"turns":6},{"damage":22,"enemies":"Snake Plant","floor":20,"turns":6},{"damage":43,"enemies":"Centurion and Healer","floor":21,"turns":8},{"damage":37,"enemies":"Gremlin Leader","floor":24,"turns":4}],"seed_played":"4052174703640941817","potions_obtained":[{"floor":4.0,"key":"SteroidPotion"},{"floor":6.0,"key":"Weak Potion"},{"floor":7.0,"key":"Energy Potion"},{"floor":14.0,"key":"FocusPotion"},{"floor":18,"key":"Strength Potion"},{"floor":21,"key":"Weak Potion"}],"is_trial":false,"path_per_floor":["M","?","M","M","M","E","M","R","T","?","M","$","R","M","R","B",null,"M","M","M","M","?","R","E"],"character_chosen":"DEFECT","items_purchased":["White Noise","Cold Snap+1"],"campfire_rested":2,"item_purchase_floors":[12,12],"current_hp_per_floor":[65,65,64,62,52,20,19,41,41,41,45,45,45,45,45,46,68,72,75,60,24,8,30,0,0],"gold":382,"neow_bonus":"RANDOM_COLORLESS_2","is_daily":false,"chose_seed":false,"campfire_upgraded":2,"win_rate":0.0,"timestamp":1613763850,"path_taken":["M","?","M","?","M","E","M","R","T","?","M","$","R","M","R","BOSS","M","?","M","?","?","R","E"],"items_purchased_type":["Card","Card"],"build_version":"2020-12-22","purchased_purges":1,"victory":false,"max_hp_per_floor":[75,75,75,75,75,75,75,75,75,75,75,75,75,75,75,75,75,75,75,75,75,75,75,75,75],"card_choices":[{"not_picked":["Mayhem","Thinking Ahead"],"picked":"HandOfGreed","floor":0.0},{"not_picked":["Conserve Battery","Barrage"],"picked":"Tempest","floor":1.0},{"not_picked":["Sweeping Beam","Steam"],"picked":"Auto Shields","floor":3.0},{"not_picked":["Conserve Battery","Reinforced Body"],"picked":"Ball Lightning","floor":4.0},{"not_picked":["Compile Driver","Sunder"],"picked":"Self Repair","floor":5.0},{"not_picked":["Beam Cell+1","Buffer"],"picked":"Heatsinks","floor":6.0},{"not_picked":["Genetic Algorithm","Leap"],"picked":"Conserve Battery","floor":7.0},{"not_picked":["Conserve Battery","Steam Power"],"picked":"FTL+1","floor":11.0},{"not_picked":["Buffer","Go for the Eyes+1"],"picked":"Double Energy","floor":14.0},{"not_picked":["Biased Cognition","Buffer"],"picked":"Reboot","floor":16.0},{"not_picked":["Cold Snap+1","Tempest"],"picked":"Redo+1","floor":18},{"not_picked":["Sweeping Beam+1","Redo"],"picked":"Melter+1","floor":19},{"not_picked":["Fusion","Rebound+1"],"picked":"Doom and Gloom+1","floor":20},{"not_picked":["Beam Cell+1","Steam Power+1"],"picked":"Barrage+1","floor":21}],"player_experience":889856,"relics_obtained":[{"floor":6.0,"key":"Molten Egg 2"},{"floor":9.0,"key":"Shuriken"},{"floor":22,"key":"Enchiridion"}],"event_choices":[{"cards_removed":["Shame"],"damage_healed":0.0,"max_hp_gain":0.0,"max_hp_loss":0.0,"gold_gain":0.0,"event_name":"Fountain of Cleansing","player_choice":"Removed Curses","floor":2.0,"gold_loss":0.0,"damage_taken":0.0},{"damage_healed":0.0,"max_hp_gain":0.0,"max_hp_loss":0.0,"gold_gain":0.0,"cards_transformed":["Strike_B"],"event_name":"Transmorgrifier","player_choice":"Transformed","floor":10.0,"gold_loss":0.0,"damage_taken":0.0,"cards_obtained":["Glacier"]},{"damage_healed":0,"gold_gain":0,"player_choice":"Obtained Book","damage_taken":16,"max_hp_gain":0,"max_hp_loss":0,"event_name":"Cursed Tome","floor":22,"gold_loss":0}],"is_beta":false,"boss_relics":[{"not_picked":["Ectoplasm","SlaversCollar"],"picked":"Inserter"}],"items_purged_floors":[12],"is_endless":false,"potions_floor_spawned":[4,6,7,14,18,19,21],"killed_by":"Gremlin Leader","ascension_level":8}}