{"host":"dkr0dog13pegamnp","time":1613725675,"event":{"mods":["AchievementEnabler","BaseMod","Minty Spire (QoL Compilation)","Rare Cards Sparkle","StSLib","SuperFastMode","everything is the same but u backflip on backflip"],"gold_per_floor":[211,62,72,92,92,117,117,149,221,232,243,260,260,276,276,377,377,388,388,220,233,253,253,272,272,272,272,372,391,391,424,424,526,526,541,133,183,200,216,216,244,257,257,292,316,345,359,369,369,369,369,369,112,140,140],"floor_reached":56,"language":"KOR","playtime":2225,"items_purged":["Concentrate","Bane"],"score":2168,"play_id":"c54b6157-29ea-4f7a-9819-b9077ea4b85e","local_time":"20210219180755","is_ascension_mode":true,"campfire_choices":[{"data":"Cloak And Dagger","floor":7.0,"key":"SMITH"},{"data":"Backstab","floor":13.0,"key":"SMITH"},{"data":"Cloak And Dagger","floor":15.0,"key":"SMITH"},{"data":"Adrenaline","floor":23.0,"key":"SMITH"},{"data":"Phantasmal Killer","floor":25.0,"key":"SMITH"},{"data":"Tactician","floor":27.0,"key":"SMITH"},{"data":"Calculated Gamble","floor":32.0,"key":"SMITH"},{"data":"Cloak And Dagger","floor":40,"key":"SMITH"},{"floor":49,"key":"RECALL"},{"data":"Caltrops","floor":52,"key":"SMITH"}],"circlet_count":0,"master_deck":["Survivor","Neutralize","Poisoned Stab","Dash","Caltrops+1","Cloak And Dagger+1","Backstab+1","Escape Plan","Escape Plan","Cloak And Dagger+1","Phantasmal Killer+1","Acrobatics","Backflip","Well Laid Plans","Calculated Gamble+1","Outmaneuver","Adrenaline+1","Blade Dance","Finisher","Tactician+1","Cloak And Dagger+1","Reflex","Reflex","Acrobatics","PiercingWail+1","Acrobatics+1","Blur+1","Accuracy"],"relics":["Ring of the Snake","Anchor","CaptainsWheel","Bag of Preparation","Mummified Hand","Pandora\u0027s Box","Shuriken","Thread and Needle","Letter Opener","InkBottle","Coffee Dripper","Oddly Smooth Stone","ClockworkSouvenir","Gambling Chip","Pen Nib","Ornamental Fan","Centennial Puzzle","Tough Bandages","HornCleat","Bottled Lightning"],"acts_visited":["Exordium","TheCity","TheBeyond","TheEnding"],"potions_floor_usage":[39,50,55,55],"damage_taken":[{"damage":5.0,"enemies":"Cultist","floor":1.0,"turns":5.0},{"damage":7.0,"enemies":"Small Slimes","floor":3.0,"turns":4.0},{"damage":2.0,"enemies":"Jaw Worm","floor":4.0,"turns":4.0},{"damage":17.0,"enemies":"3 Sentries","floor":6.0,"turns":10.0},{"damage":5.0,"enemies":"Gremlin Nob","floor":8.0,"turns":4.0},{"damage":0.0,"enemies":"Red Slaver","floor":10.0,"turns":2.0},{"damage":0.0,"enemies":"Looter","floor":11.0,"turns":3.0},{"damage":0.0,"enemies":"Exordium Wildlife","floor":12.0,"turns":2.0},{"damage":0.0,"enemies":"Exordium Thugs","floor":14.0,"turns":3.0},{"damage":0.0,"enemies":"Hexaghost","floor":16.0,"turns":10.0},{"damage":0.0,"enemies":"2 Thieves","floor":18.0,"turns":4.0},{"damage":0.0,"enemies":"Shell Parasite","floor":21.0,"turns":2.0},{"damage":0.0,"enemies":"Chosen and Byrds","floor":22.0,"turns":3.0},{"damage":1.0,"enemies":"Snecko","floor":24.0,"turns":4.0},{"damage":0.0,"enemies":"Colosseum Slavers","floor":28.0,"turns":2.0},{"damage":0.0,"enemies":"Colosseum Nobs","floor":28.0,"turns":2.0},{"damage":0.0,"enemies":"Shelled Parasite and Fungi","floor":29.0,"turns":3.0},{"damage":6.0,"enemies":"Slavers","floor":31.0,"turns":2.0},{"damage":0.0,"enemies":"Collector","floor":33.0,"turns":2.0},{"damage":0.0,"enemies":"3 Darklings","floor":35.0,"turns":2.0},{"damage":0,"enemies":"2 Orb Walkers","floor":37,"turns":1},{"damage":0,"enemies":"Orb Walker","floor":38,"turns":1},{"damage":0,"enemies":"Transient","floor":39,"turns":5},{"damage":0,"enemies":"Giant Head","floor":41,"turns":2},{"damage":5,"enemies":"4 Shapes","floor":42,"turns":2},{"damage":0,"enemies":"Nemesis","floor":44,"turns":3},{"damage":0,"enemies":"Reptomancer","floor":46,"turns":2},{"damage":0,"enemies":"3 Darklings","floor":47,"turns":2},{"damage":0,"enemies":"Spire Growth","floor":48,"turns":2},{"damage":0,"enemies":"Time Eater","floor":50,"turns":6},{"damage":0,"enemies":"Shield and Spear","floor":54,"turns":3},{"damage":0,"enemies":"The Heart","floor":55,"turns":6}],"seed_played":"8977899451263630670","potions_obtained":[{"floor":1.0,"key":"FearPotion"},{"floor":4.0,"key":"FearPotion"},{"floor":8.0,"key":"SpeedPotion"},{"floor":11.0,"key":"Block Potion"},{"floor":14.0,"key":"PowerPotion"},{"floor":18.0,"key":"FearPotion"},{"floor":22.0,"key":"LiquidBronze"},{"floor":29.0,"key":"Ancient Potion"},{"floor":31.0,"key":"GamblersBrew"},{"floor":33.0,"key":"Strength Potion"},{"floor":35.0,"key":"SpeedPotion"},{"floor":38,"key":"Regen Potion"},{"floor":41,"key":"Explosive Potion"},{"floor":44,"key":"Swift Potion"},{"floor":54,"key":"SpeedPotion"}],"is_trial":false,"path_per_floor":["M","$","M","M","?","E","R","E","T","M","M","M","R","M","R","B",null,"M","?","$","M","M","R","M","R","T","R","?","M","?","E","R","B",null,"M","$","?","M","M","R","E","M","T","E","T","E","M","M","R","B",null,"R","$","E","B",null],"character_chosen":"THE_SILENT","items_purchased":["Anchor","Tactician","Cloak And Dagger","Oddly Smooth Stone","ClockworkSouvenir","HornCleat"],"campfire_rested":0,"item_purchase_floors":[2,20,20,36,36,53],"current_hp_per_floor":[58,58,51,49,49,32,32,27,27,27,27,27,27,27,27,27,59,59,59,59,59,59,59,58,58,58,58,58,58,45,39,39,39,66,66,66,66,66,75,75,75,70,70,70,70,70,70,70,70,70,74,74,74,74,74],"gold":140,"neow_bonus":"HUNDRED_GOLD","is_daily":false,"chose_seed":false,"campfire_upgraded":9,"win_rate":0.0,"timestamp":1613725675,"path_taken":["M","$","?","M","?","E","R","E","T","M","M","?","R","M","R","BOSS","M","?","$","M","M","R","?","R","T","R","?","M","?","E","R","BOSS","M","$","?","M","M","R","E","M","T","E","?","E","M","M","R","BOSS","R","$","E","BOSS"],"items_purchased_type":["Relic","Card","Card","Relic","Relic","Relic"],"build_version":"2020-12-22","purchased_purges":2,"victory":true,"max_hp_per_floor":[70,70,70,70,70,70,70,70,70,70,70,70,70,70,70,70,70,70,70,70,70,70,70,70,70,70,70,70,70,75,75,75,75,75,75,75,75,75,75,75,75,75,75,75,75,75,75,75,75,75,75,75,75,75,75],"card_choices":[{"not_picked":["Skewer","Sucker Punch","Underhanded Strike"],"picked":"SKIP","floor":1.0},{"not_picked":["Poisoned Stab","Quick Slash","Outmaneuver"],"picked":"SKIP","floor":3.0},{"not_picked":["Quick Slash","Outmaneuver"],"picked":"Poisoned Stab","floor":3.0},{"not_picked":["Well Laid Plans","Deadly Poison"],"picked":"Dash","floor":4.0},{"not_picked":["Bane","All Out Attack"],"picked":"Cloak And Dagger","floor":6.0},{"not_picked":["Sucker Punch","Deflect"],"picked":"Backstab","floor":8.0},{"not_picked":["Predator","Slice"],"picked":"Escape Plan","floor":10.0},{"not_picked":["Dodge and Roll","Acrobatics"],"picked":"Escape Plan","floor":11.0},{"not_picked":["Prepared","Doppelganger","Distraction"],"picked":"SKIP","floor":12.0},{"not_picked":["Slice","Dodge and Roll"],"picked":"Cloak And Dagger","floor":14.0},{"not_picked":["Storm of Steel","Corpse Explosion"],"picked":"Phantasmal Killer","floor":16.0},{"not_picked":["Endless Agony","Flying Knee"],"picked":"Blade Dance","floor":18.0},{"not_picked":["Dagger Spray","Masterful Stab"],"picked":"Reflex","floor":21.0},{"not_picked":["Catalyst+1","Setup","Noxious Fumes"],"picked":"SKIP","floor":22.0},{"not_picked":["Dodge and Roll","Backstab"],"picked":"Reflex","floor":24.0},{"not_picked":["Masterful Stab","Outmaneuver+1"],"picked":"Acrobatics","floor":29.0},{"not_picked":["Prepared","Noxious Fumes","Bouncing Flask"],"picked":"SKIP","floor":31.0},{"not_picked":["Slice+1","Prepared","Backstab+1"],"picked":"SKIP","floor":35.0},{"not_picked":["Slice+1","Underhanded Strike+1"],"picked":"PiercingWail+1","floor":37},{"not_picked":["Dodge and Roll","Poisoned Stab+1","Terror"],"picked":"SKIP","floor":38},{"not_picked":["Catalyst+1","Calculated Gamble+1","Dodge and Roll+1"],"picked":"SKIP","floor":39},{"not_picked":["Choke+1","Riddle With Holes","Leg Sweep"],"picked":"SKIP","floor":41},{"not_picked":["Escape Plan","Crippling Poison","PiercingWail+1"],"picked":"SKIP","floor":42},{"not_picked":["Skewer+1","Unload","Expertise"],"picked":"SKIP","floor":44},{"not_picked":["Cloak And Dagger","Catalyst"],"picked":"Acrobatics+1","floor":46},{"not_picked":["Cloak And Dagger","PiercingWail+1","Deadly Poison+1"],"picked":"SKIP","floor":47},{"not_picked":["Dagger Spray+1","Bane"],"picked":"Blur+1","floor":48},{"not_picked":["Blade Dance","Deflect"],"picked":"Accuracy","floor":54}],"player_experience":63425,"relics_obtained":[{"floor":6.0,"key":"CaptainsWheel"},{"floor":8.0,"key":"Bag of Preparation"},{"floor":9.0,"key":"Mummified Hand"},{"floor":26.0,"key":"Shuriken"},{"floor":28.0,"key":"Thread and Needle"},{"floor":28.0,"key":"Letter Opener"},{"floor":31.0,"key":"InkBottle"},{"floor":37,"key":"Gambling Chip"},{"floor":41,"key":"Pen Nib"},{"floor":44,"key":"Ornamental Fan"},{"floor":45,"key":"Centennial Puzzle"},{"floor":46,"key":"Tough Bandages"},{"floor":54,"key":"Bottled Lightning"}],"event_choices":[{"damage_healed":0.0,"max_hp_gain":0.0,"max_hp_loss":0.0,"gold_gain":0.0,"cards_transformed":["Strike_G"],"event_name":"Transmorgrifier","player_choice":"Transformed","floor":5.0,"gold_loss":0.0,"damage_taken":0.0,"cards_obtained":["Caltrops"]},{"damage_healed":0.0,"max_hp_gain":0.0,"max_hp_loss":0.0,"gold_gain":0.0,"cards_transformed":["Concentrate"],"event_name":"Transmorgrifier","player_choice":"Transformed","floor":19.0,"gold_loss":0.0,"damage_taken":0.0,"cards_obtained":["Finisher"]},{"damage_healed":0.0,"max_hp_gain":0.0,"max_hp_loss":0.0,"gold_gain":0.0,"event_name":"Colosseum","player_choice":"Fight","floor":28.0,"gold_loss":0.0,"damage_taken":0.0},{"damage_healed":0.0,"max_hp_gain":0.0,"max_hp_loss":0.0,"gold_gain":0.0,"event_name":"Colosseum","player_choice":"Fought Nobs","floor":28.0,"gold_loss":0.0,"damage_taken":0.0},{"damage_healed":0.0,"max_hp_gain":5.0,"max_hp_loss":0.0,"gold_gain":0.0,"event_name":"Forgotten Altar","player_choice":"Shed Blood","floor":30.0,"gold_loss":0.0,"damage_taken":18.0},{"damage_healed":0,"gold_gain":0,"player_choice":"Fight","damage_taken":0,"max_hp_gain":0,"max_hp_loss":0,"event_name":"Mysterious Sphere","floor":37,"gold_loss":0}],"is_beta":false,"boss_relics":[{"not_picked":["Ectoplasm","Cursed Key"],"picked":"Pandora\u0027s Box"},{"not_picked":["Runic Dome","Runic Pyramid"],"picked":"Coffee Dripper"}],"items_purged_floors":[20,36],"is_endless":false,"potions_floor_spawned":[1,4,8,11,12,14,18,22,29,31,33,35,38,41,44,54],"ascension_level":9}}