{"host":"fr1l74x1jw61j7hk","time":1613744278,"event":{"mods":["BaseMod","Downfall","Minty Spire (QoL Compilation)","StSLib"],"gold_per_floor":[99,116,130,130,145,145,171,190,190,222,222,86,86,102,117,214,214,214,230,245,260,260,145,168,28,48,48,61,61,61,68,87,191,191,91,106,106,106,157,157,157,57,67,67,67,167,195,206,206,206,206],"floor_reached":49,"language":"ZHS","playtime":3059,"items_purged":["Slimebound:Strike_Slimebound","Slimebound:Strike_Slimebound","Parasite","Slimebound:Defend_Slimebound"],"score":490,"play_id":"f61bf8e4-cb89-4470-9218-a852970d98f9","local_time":"20210219221758","is_ascension_mode":false,"campfire_choices":[{"data":"Slimebound:Split","floor":1.0,"key":"SMITH"},{"floor":6.0,"key":"RECALL"},{"data":"Slimebound:RejuvenatingLick","floor":9.0,"key":"SMITH"},{"data":"Slimebound:Equalize","floor":11.0,"key":"SMITH"},{"data":"Slimebound:ItLooksTasty","floor":13.0,"key":"SMITH"},{"data":"Slimebound:MassRepurpose","floor":18.0,"key":"SMITH"},{"data":"Slimebound:Repurpose","floor":27.0,"key":"SMITH"},{"data":"Slimebound:Nibble","floor":30.0,"key":"SMITH"},{"data":"Sadistic Nature","floor":35.0,"key":"SMITH"},{"data":"Slimebound:Darklings","floor":42,"key":"SMITH"},{"data":"Slimebound:DouseInSlime","floor":44,"key":"SMITH"}],"circlet_count":0,"master_deck":["Slimebound:Defend_Slimebound","Slimebound:Defend_Slimebound","Slimebound:Split+1","Slimebound:CorrosiveSpit","Slimebound:ItLooksTasty+1","Slimebound:RejuvenatingLick+1","Slimebound:TongueLash","Slimebound:Equalize+1","Slimebound:MegaLick","Slimebound:SplitLeeching","Slimebound:SamplingLick","Slimebound:Gluttony","Slimebound:MassRepurpose+1","Slimebound:Nibble+1","Slimebound:Prepare","Slimebound:Repurpose+1","Slimebound:LeechingTouch+1","Slimebound:ViciousTackle","Slimebound:Schlurp","Sadistic Nature+1","Slimebound:LeadByExample+1","Slimebound:DouseInSlime+1","Slimebound:Repurpose+1","Slimebound:Darklings+1","Slimebound:SplitMire+1","Decay","Slimebound:Replication+1","Slimebound:Equalize+1"],"relics":["Slimebound:AbsorbEndCombat","Centennial Puzzle","Cursed Key","Lantern","Empty Cage","downfall:HeartBlessingRed","Turnip","Mercury Hourglass","downfall:HeartBlessingGreen","Toy Ornithopter","Calipers"],"acts_visited":["Exordium","TheCity","TheBeyond"],"potions_floor_usage":[47,47,47],"damage_taken":[{"damage":6.0,"enemies":"2 Louse","floor":2.0,"turns":4.0},{"damage":6.0,"enemies":"Jaw Worm","floor":3.0,"turns":3.0},{"damage":1.0,"enemies":"Cultist","floor":5.0,"turns":4.0},{"damage":11.0,"enemies":"3 Louse","floor":8.0,"turns":3.0},{"damage":31.0,"enemies":"Gremlin Nob","floor":10.0,"turns":4.0},{"damage":5.0,"enemies":"downfall:FleeingMerchant","floor":12.0,"turns":4.0},{"damage":12.0,"enemies":"Large Slime","floor":14.0,"turns":2.0},{"damage":1.0,"enemies":"2 Fungi Beasts","floor":15.0,"turns":3.0},{"damage":26.0,"enemies":"DF_ARCHETYPE_STREAMLINE","floor":16.0,"turns":6.0},{"damage":16.0,"enemies":"Chosen","floor":19.0,"turns":5.0},{"damage":14.0,"enemies":"Shell Parasite","floor":20.0,"turns":4.0},{"damage":11.0,"enemies":"Snake Plant","floor":21.0,"turns":4.0},{"damage":0.0,"enemies":"downfall:FleeingMerchant","floor":23.0,"turns":4.0},{"damage":0.0,"enemies":"downfall:FleeingMerchant","floor":25.0,"turns":4.0},{"damage":5.0,"enemies":"Centurion and Healer","floor":26.0,"turns":4.0},{"damage":3.0,"enemies":"Sentry and Sphere","floor":28.0,"turns":3.0},{"damage":8.0,"enemies":"downfall:FleeingMerchant","floor":31.0,"turns":3.0},{"damage":1.0,"enemies":"Shelled Parasite and Fungi","floor":32.0,"turns":3.0},{"damage":32.0,"enemies":"WA_ARCHETYPE_CALM","floor":33.0,"turns":7.0},{"damage":12.0,"enemies":"3 Darklings","floor":36.0,"turns":4.0},{"damage":30.0,"enemies":"2 Orb Walkers","floor":39.0,"turns":4.0},{"damage":4,"enemies":"Orb Walker","floor":43,"turns":2},{"damage":24,"enemies":"downfall:LadyInBlue","floor":46,"turns":6},{"damage":67,"enemies":"Reptomancer","floor":47,"turns":4},{"damage":18,"enemies":"3 Darklings","floor":48,"turns":4},{"damage":25,"enemies":"Jaw Worm Horde","floor":49,"turns":2}],"seed_played":"-1058134892112545250","potions_obtained":[{"floor":2.0,"key":"SneckoOil"},{"floor":5.0,"key":"PowerPotion"},{"floor":10.0,"key":"Swift Potion"},{"floor":15.0,"key":"Fire Potion"},{"floor":16.0,"key":"Energy Potion"},{"floor":20.0,"key":"DuplicationPotion"},{"floor":28.0,"key":"champ:CounterPotion"},{"floor":33.0,"key":"PowerPotion"},{"floor":36.0,"key":"GamblersBrew"},{"floor":39.0,"key":"ColorlessPotion"},{"floor":46,"key":"ColorlessPotion"},{"floor":46,"key":"Regen Potion"},{"floor":46,"key":"champ:CounterPotion"}],"is_trial":false,"path_per_floor":["R","M","M","?","M","R","T","M","R","E","R","$","R","M","M","B",null,"R","M","M","M","?","$","T","$","M","R","M","?","R","$","M","B",null,"R","M","?","?","?","T","T","R","M","R","$","?","E","M","M"],"character_chosen":"SLIMEBOUND","items_purchased":["Slimebound:SplitLeeching","Sadistic Nature"],"campfire_rested":0,"item_purchase_floors":[12,31],"current_hp_per_floor":[71,67,69,69,71,71,71,64,64,48,48,63,63,69,71,53,71,71,55,65,64,64,71,71,68,68,68,68,56,56,68,73,59,73,73,69,69,69,57,57,57,57,55,55,55,51,16,16,0,0,0],"gold":206,"neow_bonus":"TEN_PERCENT_HP_BONUS","is_daily":false,"chose_seed":false,"campfire_upgraded":10,"win_rate":0.0,"timestamp":1613744278,"path_taken":["R","M","M","?","M","R","T","M","R","E","R","$","R","M","M","BOSS","R","M","M","M","?","?","T","$","M","R","M","?","R","$","M","BOSS","R","M","?","?","?","?","T","R","M","R","$","?","E","?","M"],"items_purchased_type":["Card","Card"],"build_version":"2020-12-22","purchased_purges":4,"victory":false,"max_hp_per_floor":[71,71,71,71,71,71,71,71,71,71,71,71,71,71,71,71,71,71,71,71,71,71,71,71,68,68,68,68,73,73,73,73,73,73,73,73,73,73,73,73,73,73,73,73,73,73,73,73,73,73,73],"card_choices":[{"not_picked":["Slimebound:LeechEnergy","Slimebound:PressTheAttack"],"picked":"Slimebound:ItLooksTasty","floor":2.0},{"not_picked":["Slimebound:LeechingTouch","Slimebound:DisruptingSlam"],"picked":"Slimebound:RejuvenatingLick","floor":3.0},{"not_picked":["Slimebound:GoopSpray","Slimebound:Dissolve"],"picked":"Slimebound:TongueLash","floor":5.0},{"not_picked":["Slimebound:DisruptingSlam","Slimebound:GoopTackle"],"picked":"Slimebound:Equalize","floor":8.0},{"not_picked":["Slimebound:LivingWall","Slimebound:GoopSpray"],"picked":"Slimebound:MegaLick","floor":10.0},{"not_picked":["Slimebound:TongueLash","Slimebound:LeechingTouch"],"picked":"Slimebound:LeechLife","floor":12.0},{"not_picked":["Slimebound:PressTheAttack","Slimebound:RejuvenatingLick"],"picked":"Slimebound:SamplingLick","floor":14.0},{"not_picked":["Slimebound:LivingWall","Slimebound:GoopTackle"],"picked":"Slimebound:Gluttony","floor":15.0},{"not_picked":["Slimebound:OozeBath","Slimebound:RallyTheTroops"],"picked":"Slimebound:MassRepurpose","floor":16.0},{"not_picked":["Slimebound:PressTheAttack","Slimebound:SplitLeeching","Slimebound:GoopSpray"],"picked":"SKIP","floor":19.0},{"not_picked":["Slimebound:SplitMire","Slimebound:SplitBruiser"],"picked":"Slimebound:Nibble","floor":20.0},{"not_picked":["Slimebound:FinishingTackle","Slimebound:ItLooksTasty"],"picked":"Slimebound:Prepare","floor":21.0},{"not_picked":["Slimebound:SplitLeeching","Slimebound:FirmFortitude"],"picked":"Slimebound:LeechingTouch+1","floor":23.0},{"not_picked":["Slimebound:RejuvenatingLick","Slimebound:ComboTackle"],"picked":"Slimebound:ViciousTackle","floor":25.0},{"not_picked":["Slimebound:LivingWall","Slimebound:FinishingTackle","Slimebound:RollThrough"],"picked":"SKIP","floor":26.0},{"not_picked":["Slimebound:GoopSpray","Slimebound:SplitMire","Slimebound:ItLooksTasty"],"picked":"SKIP","floor":28.0},{"not_picked":["Slimebound:GoopSpray","Slimebound:SlimeSpikes+1"],"picked":"Slimebound:Schlurp","floor":31.0},{"not_picked":["Slimebound:GrowthPunch+1","Slimebound:HauntingLick"],"picked":"Slimebound:LeadByExample+1","floor":32.0},{"not_picked":["Slimebound:FirmFortitude","Slimebound:MassFeed"],"picked":"Slimebound:DouseInSlime","floor":33.0},{"not_picked":["Slimebound:SlimeBrawl+1","Slimebound:ComboTackle"],"picked":"Slimebound:Repurpose+1","floor":36.0},{"not_picked":["Slimebound:ViciousTackle","Slimebound:GoopSpray+1"],"picked":"Slimebound:SplitMire+1","floor":39.0},{"not_picked":["Slimebound:RollThrough","Slimebound:GoopSpray+1","Slimebound:SlimeBarrage+1"],"picked":"SKIP","floor":43},{"not_picked":["Slimebound:GrowthPunch","Slimebound:ViciousTackle+1"],"picked":"Slimebound:Replication+1","floor":46},{"not_picked":["Slimebound:SlimeBarrage","Slimebound:SplitAcid"],"picked":"Slimebound:Equalize+1","floor":47},{"not_picked":["Slimebound:SplitBruiser+1","Slimebound:SlimeBrawl+1","Slimebound:ComboTackle+1"],"picked":"SKIP","floor":48}],"player_experience":456201,"relics_obtained":[{"floor":10.0,"key":"Centennial Puzzle"},{"floor":24.0,"key":"Lantern"},{"floor":39.0,"key":"Turnip"},{"floor":40.0,"key":"Mercury Hourglass"},{"floor":46,"key":"Toy Ornithopter"},{"floor":47,"key":"Calipers"}],"event_choices":[{"damage_healed":0.0,"max_hp_gain":0.0,"max_hp_loss":0.0,"gold_gain":0.0,"event_name":"Mysterious Sphere","player_choice":"Fight","floor":39.0,"gold_loss":0.0,"damage_taken":0.0}],"is_beta":false,"boss_relics":[{"not_picked":["bronze:MakeshiftBattery","Fusion Hammer"],"picked":"Cursed Key"},{"not_picked":["SacredBark","Velvet Choker"],"picked":"Empty Cage"}],"items_purged_floors":[12,23,25,31],"is_endless":false,"potions_floor_spawned":[2,5,10,15,16,20,21,26,28,32,33,36,39,43],"killed_by":"Jaw Worm Horde","ascension_level":0}}