{"host":"yassvrowvc2yfwp2","time":1613695780,"event":{"mods":["2.2 Compatiblity","Act Like it!","BaseMod","Better Note","Curses Come First","Dota2Spire","Downfall","HololiveMod","Jorbs\u0027s Wanderer Trilogy","Minty Spire (QoL Compilation)","Prisma Mod","Rare Cards Sparkle","Reimu£®≤©¿ˆ¡È√Œ£©","Replay The Spire","Say the Spire","Spicy Shops","StSLib","The Bug Knight","The Cursed","The Servant 0.9.4"],"gold_per_floor":[99,114,114,389,404,404,429,429,444,45,75,75],"floor_reached":11,"language":"ZHS","playtime":407,"items_purged":[],"score":71,"play_id":"ed9c4fde-00d7-42f3-bb63-a377e6b2d69b","local_time":"20210219084940","daily_mods":["SealedDeck","Flight","Lethality"],"is_ascension_mode":false,"campfire_choices":[{"data":"hexamod:GhostOfSpirePast","floor":1,"key":"SMITH"},{"floor":6,"key":"REST"}],"circlet_count":0,"master_deck":["hexamod:Haunt","hexamod:RainOfEmbers","hexamod:PowerFromBeyond","hexamod:HeatShield","hexamod:StepThrough","hexamod:GhostOfSpireFuture","hexamod:RadiantFlame","hexamod:SoulSteal","hexamod:Incineration","hexamod:GhostOfSpirePast+1","hexamod:EtherealExpedition","hexamod:SpectralSpark","hexamod:Again","hexamod:TimeOfNeed","Replay:SS_forest_2"],"relics":["hexamod:SpiritBrand","Centennial Puzzle","Replay:Baseball","Lantern","ReplayTheSpireMod:Shallot"],"acts_visited":["Exordium"],"potions_floor_usage":[],"damage_taken":[{"damage":7,"enemies":"Small Slimes","floor":2,"turns":3},{"damage":13,"enemies":"2 Louse","floor":5,"turns":2},{"damage":0,"enemies":"Cultist","floor":9,"turns":2},{"damage":25,"enemies":"downfall:FleeingMerchant","floor":10,"turns":4},{"damage":16,"enemies":"Lagavulin","floor":11,"turns":4}],"seed_played":"778547550210687013","potions_obtained":[{"floor":2,"key":"Fire Potion"},{"floor":9,"key":"Fire Potion"},{"floor":11,"key":"FearPotion"}],"is_trial":false,"path_per_floor":["R","M","?","?","M","R","T","?","M","$","E"],"character_chosen":"THE_SPIRIT","items_purchased":["Replay:SS_forest_2","Replay:Baseball","Lantern"],"campfire_rested":1,"item_purchase_floors":[10,10,10],"current_hp_per_floor":[70,63,63,63,50,70,70,70,70,45,29,29],"gold":75,"neow_bonus":"","is_daily":true,"chose_seed":false,"campfire_upgraded":1,"win_rate":0.0,"timestamp":1613695780,"path_taken":["R","M","?","?","?","R","T","?","M","?","E"],"items_purchased_type":["Card","Relic","Relic"],"build_version":"2020-12-22","purchased_purges":0,"victory":false,"max_hp_per_floor":[70,70,70,70,70,70,70,70,70,70,70,70],"card_choices":[{"not_picked":["hexamod:SkipABeat","hexamod:HeatMetal"],"picked":"hexamod:EtherealExpedition","floor":2},{"not_picked":["hexamod:HeatShield","hexamod:Incineration"],"picked":"hexamod:SpectralSpark","floor":5},{"not_picked":["hexamod:ShieldOfDarkness","hexamod:Firestarter"],"picked":"hexamod:Again","floor":9},{"not_picked":["hexamod:DynamicBlow","hexamod:ThermalTransfer"],"picked":"hexamod:TimeOfNeed","floor":10}],"player_experience":2168667,"relics_obtained":[{"floor":7,"key":"Centennial Puzzle"},{"floor":11,"key":"ReplayTheSpireMod:Shallot"}],"event_choices":[{"damage_healed":0,"gold_gain":0,"player_choice":"Ignored","damage_taken":0,"max_hp_gain":0,"max_hp_loss":0,"event_name":"Golden Wing","floor":3,"gold_loss":0},{"damage_healed":0,"gold_gain":275,"player_choice":"Desecrate","damage_taken":0,"max_hp_gain":0,"max_hp_loss":0,"event_name":"Golden Shrine","floor":4,"gold_loss":0,"cards_obtained":["Regret"]},{"cards_removed":["Regret"],"damage_healed":0,"gold_gain":0,"player_choice":"Purged","damage_taken":0,"max_hp_gain":0,"max_hp_loss":0,"event_name":"Purifier","floor":8,"gold_loss":0}],"is_beta":false,"boss_relics":[],"items_purged_floors":[],"is_endless":false,"potions_floor_spawned":[2,9,11],"killed_by":"Lagavulin","ascension_level":0}}