{"host":"u21q392b5xaj11fl","time":1613778852,"event":{"mods":["2.2 Compatiblity","Bard","BaseMod","Better Note","Colored Map","Colored Powertips","Conspire","Custom Start","Downfall","Faster Ascension Climbing","GifTheSpireLib","Gremlin Skip","Highlight Path","Hubris","Infinite Spire","Mad Scientist","Marisa????????","Mimic Mod","Minty Spire (QoL Compilation)","Monster B Gone","Permanent Neow","Potionbrewer","Quick Restart","READ ME - Guardian Mod","Relic Sorter","Replay The Spire","Shop Mod","Somnambulant","StSLib","Stuff the Spire","SuperFastMode","The Construct","The Disciple","The Servant 0.9.4"],"gold_per_floor":[365,365,183,216,10,10,10,22,47,79,79,148,160,171,171,247,247,315,335,335,400,426,426,426,519,542,542,597,597,641,641,841,886,886,1099,1099,1194,1295,1402,1362,1483,1483,1622,1622,1622,1622,1649,1787,899,982,1092,1175,1175,1175,1175,1175,326,326,326],"floor_reached":58,"language":"ENG","playtime":8174,"items_purged":["Doubt","Strike_Br","Strike_Br","Defend_Br","Defend_Br"],"score":1787,"play_id":"9859d1fc-d7e2-4aa2-b6b2-82b9071b6aee","local_time":"20210219175412","is_ascension_mode":true,"campfire_choices":[{"floor":6.0,"key":"REST"},{"floor":11.0,"key":"REST"},{"data":"Wallop","floor":15.0,"key":"SMITH"},{"data":"WindUp","floor":27.0,"key":"SMITH"},{"data":"Replay:Fractal Strike","floor":34.0,"key":"SMITH"},{"floor":42.0,"key":"REST"},{"floor":44.0,"key":"REST"},{"floor":53,"key":"RECALL"},{"floor":56,"key":"REST"}],"circlet_count":0,"master_deck":["AscendersBane","Defend_Br+1","Defend_Br","SecondHand","PatternShift","CutThroughFate+1","Echoward+1","Engulf+1","WindUp+1","Replay:BluntJabs","Goo+5","ExoVibe","Accruing+1","Wallop+1","Consecrate","AlternateTimeline+1","LockedAnchor","LockedPlans","Evaluate+1","Pendulum+1","Keepsakes","Engulf","Replay:Fractal Strike+1","LockedMawBank","Analog+1","LockedBlood","BlueShift+1","Collect+1","ResonantCall+1","SlimeSpray","Slimebound:Tackle+1","Slimebound:Tackle+1","Slimebound:Tackle+1","Evaluate+1","Wallop","Wireheading","Meditate+1","WatchCommand+1","Master of Strategy+1","AlternateTimeline+1","ReplayTheSpireMod:Private Reserves+1","CutThroughFate","Replay:ManipulateFuture+1","BlueShift+1","Echoward+1"],"relics":["Chronometer","hubris:DisguiseKit","Prayer Wheel","hubris:MobiusCoin","Gremlin Food","Toxic Egg 2","potionbrewer:BhaskarasWheel","Anchor","Snack Pack","infinitespire:Satchel","infinitespire:EvilPickle","Bottled Lightning","StuffTheSpire:EmeraldSignet","MerchantsRug","Replay:Accelerometer","potionbrewer:Keyblade","Blue Candle","Art of War","infinitespire:EmpoweringShard","TheAbacus"],"acts_visited":["Exordium","TheCity","TheBeyond","TheEnding"],"potions_floor_usage":[58],"damage_taken":[{"damage":11.0,"enemies":"Jaw Worm","floor":1.0,"turns":9.0},{"damage":26.0,"enemies":"conspire:MimicChest","floor":4.0,"turns":7.0},{"damage":0.0,"enemies":"Small Slimes","floor":8.0,"turns":4.0},{"damage":5.0,"enemies":"3 Sentries","floor":10.0,"turns":6.0},{"damage":0.0,"enemies":"2 Louse","floor":12.0,"turns":2.0},{"damage":0.0,"enemies":"Looter","floor":13.0,"turns":2.0},{"damage":2.0,"enemies":"Lots of Slimes","floor":14.0,"turns":5.0},{"damage":8.0,"enemies":"The Guardian","floor":16.0,"turns":9.0},{"damage":0.0,"enemies":"3 Byrds","floor":18.0,"turns":5.0},{"damage":11.0,"enemies":"Spheric Guardian","floor":19.0,"turns":5.0},{"damage":0.0,"enemies":"Centurion and Healer","floor":21.0,"turns":6.0},{"damage":1.0,"enemies":"3 Cultists","floor":22.0,"turns":6.0},{"damage":15.0,"enemies":"Slavers","floor":25.0,"turns":7.0},{"damage":0.0,"enemies":"Cultist and Chosen","floor":26.0,"turns":6.0},{"damage":21.0,"enemies":"Gremlin Leader","floor":30.0,"turns":11.0},{"damage":1.0,"enemies":"Replay:Snechameleon","floor":33.0,"turns":4.0},{"damage":44.0,"enemies":"Pondfish","floor":35.0,"turns":13.0},{"damage":19.0,"enemies":"Orb Walker","floor":37.0,"turns":5.0},{"damage":16.0,"enemies":"3 Shapes","floor":38.0,"turns":6.0},{"damage":22.0,"enemies":"Jaw Worm Horde","floor":39.0,"turns":8.0},{"damage":9.0,"enemies":"Spire Growth","floor":41.0,"turns":5.0},{"damage":39.0,"enemies":"Reptomancer","floor":43.0,"turns":7.0},{"damage":12.0,"enemies":"Nemesis","floor":48.0,"turns":7.0},{"damage":0.0,"enemies":"Maw","floor":50.0,"turns":8.0},{"damage":32.0,"enemies":"Reptomancer","floor":51.0,"turns":7.0},{"damage":0,"enemies":"Writhing Mass","floor":52,"turns":1},{"damage":82,"enemies":"Time Eater","floor":54,"turns":13},{"damage":999,"enemies":"Shield and Spear","floor":58,"turns":2}],"seed_played":"6777317787711685907","potions_obtained":[{"floor":8.0,"key":"Swift Potion"},{"floor":10.0,"key":"SteroidPotion"},{"floor":14.0,"key":"potionbrewer:ToxicPotion"},{"floor":25.0,"key":"potionbrewer:EndurancePotion"},{"floor":26.0,"key":"Energy Potion"},{"floor":30.0,"key":"potionbrewer:CleansingPotion"},{"floor":35.0,"key":"Milkshake"},{"floor":38.0,"key":"potionbrewer:StunPotion"},{"floor":39.0,"key":"SteroidPotion"},{"floor":40.0,"key":"Fire Potion"},{"floor":43.0,"key":"Guardian:BlockOnCardUsePotion"}],"is_trial":false,"path_per_floor":["M","?","$","?","$","R","?","M","T","E","R","M","M","M","R","B",null,"M","M","AVR","M","M","PTL","PTL","E","M","R","T","?","E","?","?","E","R","B",null,"M","M","M","?","M","R","E","R","PTL","PTL","T","E","$","M","E","M","R","B",null,"R","$","E"],"character_chosen":"CHRONO_CLASS","items_purchased":["Engulf","WindUp","Goo+1","ExoVibe","MerchantsRug","Master of Strategy+1","LiquidMemories","Swift Potion","Replay:Accelerometer","potionbrewer:Keyblade","AlternateTimeline+1","ReplayTheSpireMod:Private Reserves+1","Art of War","Echoward+1","Strength Potion","Weak Potion","infinitespire:EmpoweringShard","TheAbacus"],"campfire_rested":5,"item_purchase_floors":[3,3,5,5,49,49,49,49,49,49,49,49,57,57,57,57,57,57],"current_hp_per_floor":[45,45,45,19,19,37,37,37,37,32,50,50,50,48,48,40,57,57,46,46,46,45,45,45,36,48,48,48,48,49,49,49,61,61,37,56,41,33,21,21,20,38,13,31,31,31,31,29,29,43,27,69,69,5,53,69,69,0,0],"gold":326,"neow_bonus":"TWO_FIFTY_GOLD","is_daily":false,"chose_seed":false,"campfire_upgraded":3,"win_rate":0.0,"timestamp":1613778852,"path_taken":["M","?","$","?","$","R","?","M","T","E","R","M","M","M","R","BOSS","M","M","AVR","M","M","PTL","PTL","E","M","R","T","?","E","?","?","E","R","BOSS","M","M","?","?","M","R","E","R","PTL","PTL","T","E","$","M","E","?","R","BOSS","R","$","E"],"items_purchased_type":["Card","Card","Card","Card","Relic","Card","Potion","Potion","Relic","Relic","Card","Card","Relic","Card","Potion","Potion","Relic","Relic"],"build_version":"2020-12-22","purchased_purges":5,"victory":false,"max_hp_per_floor":[62,62,62,62,62,62,62,62,62,62,62,62,62,62,62,62,62,62,62,62,62,62,62,62,62,62,62,62,62,62,62,62,62,62,62,62,62,62,62,62,62,62,62,62,62,62,62,62,62,62,62,69,69,69,69,69,69,69,69],"card_choices":[{"not_picked":["Echoward","ResonantCall","PrimeTime"],"picked":"CutThroughFate","floor":1.0},{"not_picked":["LockedMedicine","HandsUpB","Echoward","Pray"],"picked":"SKIP","floor":1.0},{"not_picked":["LockedMedicine","HandsUpB","Pray"],"picked":"Echoward","floor":1.0},{"not_picked":["LockedWarPaint","WindUp","BlueShift"],"picked":"Replay:BluntJabs","floor":4.0},{"not_picked":["OracleForm","Parity","BiteCommand"],"picked":"Wallop","floor":8.0},{"not_picked":["Engulf","HandsUpB","PrimeTime","FollowUp"],"picked":"SKIP","floor":8.0},{"not_picked":["PrimeTime","WindUp","LockedAnchor"],"picked":"Consecrate","floor":10.0},{"not_picked":["Tempo+1","CrunchTime","Study"],"picked":"AlternateTimeline+1","floor":12.0},{"not_picked":["LockedBlood","PrimeTime","FormalWear","Tantrum"],"picked":"SKIP","floor":12.0},{"not_picked":["LockedWarPaint","Cuckoo+1","Conclude"],"picked":"LockedAnchor","floor":13.0},{"not_picked":["SlimeSpray","BeatsPerMinute","CrushJoints"],"picked":"LockedPlans","floor":13.0},{"not_picked":["LockedOrichalcum","LockedMedicine","HandsUpC"],"picked":"Evaluate","floor":14.0},{"not_picked":["LockedAnchor","BlueShift+1","LockedBell","Pray"],"picked":"SKIP","floor":14.0},{"not_picked":["OverTime","LockedCalendar","Alpha"],"picked":"Pendulum+1","floor":16.0},{"not_picked":["Cuckoo+1","LockedOrichalcum","LockedAnchor","Consecrate"],"picked":"SKIP","floor":18.0},{"not_picked":["Recurrance","Goo","CrunchTime","WreathOfFlame"],"picked":"SKIP","floor":18.0},{"not_picked":["Tempo+1","LockedScales","EmptyFist"],"picked":"Keepsakes","floor":19.0},{"not_picked":["LockedAnchor","LockedWhetstone","Replay:DivineShield"],"picked":"Engulf","floor":19.0},{"not_picked":["LockedMedicine","ShortSighted+1","Replay:Vibes"],"picked":"LockedMawBank","floor":21.0},{"not_picked":["Cuckoo+1","Recurrance","WakeUpCall","SashWhip"],"picked":"SKIP","floor":21.0},{"not_picked":["Facsimile+1","LockedBlood","ThirdEye"],"picked":"Analog+1","floor":22.0},{"not_picked":["Echoward+1","LockedScales+1","Perseverance"],"picked":"LockedBlood","floor":22.0},{"not_picked":["LockedMedicine+1","Analog+1","Prostrate"],"picked":"BlueShift+1","floor":25.0},{"not_picked":["ShortSighted+1","LockedScales+1","Engulf"],"picked":"Collect","floor":26.0},{"not_picked":["LockedScales+1","ReapSow","Chronoelasticity+1","BattleHymn"],"picked":"SKIP","floor":26.0},{"not_picked":["LockedAnchor","Backlash","Break+1","Evaluate"],"picked":"SKIP","floor":30.0},{"not_picked":["Accruing","LockedBlood","LockedAnchor","Replay:AtTheReady"],"picked":"SKIP","floor":33.0},{"not_picked":["ReapSow+1","HandsUpC","VestedLegacy+1"],"picked":"Evaluate","floor":37.0},{"not_picked":["Engulf","ReapSow","Recurrance","EmptyBody"],"picked":"SKIP","floor":37.0},{"not_picked":["LockedWarPaint","LockedMedicine","Tempo+1"],"picked":"Wallop","floor":38.0},{"not_picked":["DaylightSavings+1","BeatsPerMinute","Backlash"],"picked":"Wireheading","floor":38.0},{"not_picked":["BeatsPerMinute","LockedAnchor+1","WindUp"],"picked":"Meditate","floor":39.0},{"not_picked":["CrunchTime","LockedThread","Facsimile+1","Evaluate"],"picked":"SKIP","floor":39.0},{"not_picked":["LockedTornado+1","LockedMawBank","PathToVictory"],"picked":"WatchCommand+1","floor":41.0},{"not_picked":["LockedAnchor+1","LockedOrichalcum","OverTime","Replay:BluntJabs"],"picked":"SKIP","floor":41.0},{"not_picked":["TiringSlam","BlueShift+1","BeatsPerMinute+1","Adaptation"],"picked":"SKIP","floor":43.0},{"not_picked":["LockedScales+1","PrimeTime","LockedTornado+1","FlurryOfBlows"],"picked":"SKIP","floor":48.0},{"not_picked":["Analog+1","PrimeTime+1","LockedMercury+1"],"picked":"CutThroughFate","floor":50.0},{"not_picked":["Goo","BiteCommand","Engulf","BowlingBash"],"picked":"SKIP","floor":50.0},{"not_picked":["PrimeTime","LockedMedicine","Facsimile+1"],"picked":"Replay:ManipulateFuture","floor":51.0},{"not_picked":["Tempo+1","WakeUpCall","Brilliance"],"picked":"BlueShift+1","floor":52},{"not_picked":["WindUp","LockedBlood","FormalWear","EmptyMind"],"picked":"SKIP","floor":52}],"player_experience":309100,"relics_obtained":[{"floor":4.0,"key":"hubris:MobiusCoin"},{"floor":9.0,"key":"Gremlin Food"},{"floor":10.0,"key":"Toxic Egg 2"},{"floor":25.0,"key":"Snack Pack"},{"floor":28.0,"key":"infinitespire:Satchel"},{"floor":30.0,"key":"BlueBox"},{"floor":33.0,"key":"Darkstone Periapt"},{"floor":43.0,"key":"Bottled Lightning"},{"floor":48.0,"key":"StuffTheSpire:EmeraldSignet"},{"floor":51.0,"key":"Blue Candle"}],"event_choices":[{"damage_healed":0.0,"max_hp_gain":0.0,"max_hp_loss":0.0,"gold_gain":0.0,"event_name":"Living Wall","player_choice":"Grow","floor":2.0,"gold_loss":0.0,"damage_taken":0.0,"cards_upgraded":["CutThroughFate"]},{"cards_removed":["Analog"],"damage_healed":0.0,"max_hp_gain":0.0,"max_hp_loss":0.0,"gold_gain":0.0,"event_name":"betterNote:BetterNote","player_choice":"Give","floor":29.0,"gold_loss":0.0,"damage_taken":0.0,"cards_obtained":["construct:GatlingGun"]},{"damage_healed":0.0,"max_hp_gain":0.0,"max_hp_loss":0.0,"gold_gain":250.0,"event_name":"The Joust","player_choice":"Bet on Owner","floor":32.0,"gold_loss":50.0,"damage_taken":0.0},{"damage_healed":0.0,"max_hp_gain":0.0,"max_hp_loss":0.0,"gold_gain":0.0,"event_name":"The Woman in Blue","player_choice":"Bought 3 Potions","floor":40.0,"gold_loss":0.0,"damage_taken":0.0}],"is_beta":false,"boss_relics":[{"not_picked":["hubris:HollowSoul","hubris:RunicObelisk"],"picked":"potionbrewer:BhaskarasWheel"},{"not_picked":["Sozu","conspire:SlowCooker"],"picked":"Replay:Bronze Core"}],"items_purged_floors":[3,5,20,49,57],"is_endless":false,"potions_floor_spawned":[8,10,14,25,26,30,35,38,39,43,50],"killed_by":"Shield and Spear","ascension_level":14}}