{"host":"0rxdudjy6rylha1k","time":1613767885,"event":{"mods":["Aspiration","BaseMod","Colored Map","Colored Powertips","Downfall","Highlight Path","Hubris","Minty Spire (QoL Compilation)","StSLib"],"gold_per_floor":[0,100,119,119,119,145,195,213,113,129,142,142,153,179,197,299,299,199,215,215,36,36,63,89,103,131,131,159,44,44,76,87,183,183,183,183,233,251,43,75,75,75,103,122,137,12,12,12,12,12],"floor_reached":48,"language":"ENG","playtime":7007,"items_purged":["Injury","bronze:Philosophize+1","bronze:NullPointer+1"],"score":861,"play_id":"5ef2f49b-ce20-4524-9016-04530dd7678f","local_time":"20210219135125","is_ascension_mode":true,"campfire_choices":[{"floor":1.0,"key":"RECALL"},{"floor":9.0,"key":"REST"},{"data":"bronze:AlphaBuild","floor":12.0,"key":"SMITH"},{"data":"bronze:BronzeOrb","floor":18.0,"key":"SMITH"},{"data":"bronze:BronzeArmor","floor":30.0,"key":"SMITH"},{"data":"bronze:FineTuning","floor":35.0,"key":"SMITH"},{"data":"Bite","floor":42.0,"key":"SMITH"},{"data":"Bite","floor":47,"key":"SMITH"}],"circlet_count":0,"master_deck":["bronze:ChosenStrike","bronze:Defend","bronze:Defend","bronze:Defend","bronze:Defend","bronze:Replicate","bronze:Goto","bronze:FollowUp","bronze:BronzeOrb+1","bronze:AlphaBuild+1","bronze:FineTuning+1","bronze:Optimize+1","expansioncontent:Chronoboost+1","Bite+1","Bite+1","Bite","Bite","Bite","bronze:ItsAFeature+1","bronze:FineTuning+1","bronze:Optimize+1","bronze:BronzeArmor+1","bronze:Fortify","bronze:Frontload","bronze:Library+1","bronze:FineTuning+1","bronze:Mutator+1","bronze:Repulsor+1","bronze:ItsAFeature+1","bronze:Repair+1"],"relics":["bronze:BronzeCore","hubris:CuriousFeather","Frozen Egg 2","hubris:TenFootPole","sneckomod:BlankCard","downfall:HeartBlessingRed","CaptainsWheel","Astrolabe","downfall:HeartBlessingGreen","hubris:Towel","hexamod:BolsterEngine","aspiration:ChemicalBlood","MealTicket","PreservedInsect","Gremlin Horn","Bronze Scales","hubris:Stopwatch","hubris:Icosahedron","Torii","aspiration:Lifesprig","hexamod:CandleOfCauterizing","Toxic Egg 2","Eternal Feather","Molten Egg 2"],"acts_visited":["Exordium","TheCity","TheBeyond"],"potions_floor_usage":[45,45,45,45,48,48],"damage_taken":[{"damage":0.0,"enemies":"2 Louse","floor":3.0,"turns":3.0},{"damage":20.0,"enemies":"Lagavulin","floor":6.0,"turns":5.0},{"damage":1.0,"enemies":"Cultist","floor":8.0,"turns":3.0},{"damage":0.0,"enemies":"Small Slimes","floor":10.0,"turns":2.0},{"damage":0.0,"enemies":"Blue Slaver","floor":11.0,"turns":2.0},{"damage":1.0,"enemies":"Exordium Wildlife","floor":13.0,"turns":3.0},{"damage":0.0,"enemies":"3 Sentries","floor":14.0,"turns":3.0},{"damage":0.0,"enemies":"Lots of Slimes","floor":15.0,"turns":2.0},{"damage":0.0,"enemies":"IC_STATUS_ARCHETYPE","floor":16.0,"turns":3.0},{"damage":8.0,"enemies":"Shell Parasite","floor":19.0,"turns":5.0},{"damage":4.0,"enemies":"downfall:FleeingMerchant","floor":21.0,"turns":4.0},{"damage":5.0,"enemies":"Gremlin Leader","floor":23.0,"turns":4.0},{"damage":0.0,"enemies":"3 Byrds","floor":25.0,"turns":7.0},{"damage":1.0,"enemies":"Slavers","floor":26.0,"turns":3.0},{"damage":2.0,"enemies":"Gremlin Leader","floor":28.0,"turns":3.0},{"damage":3.0,"enemies":"downfall:FleeingMerchant","floor":29.0,"turns":4.0},{"damage":2.0,"enemies":"Book of Stabbing","floor":31.0,"turns":4.0},{"damage":8.0,"enemies":"Snake Plant","floor":32.0,"turns":3.0},{"damage":8.0,"enemies":"SI_MIRROR_ARCHETYPE","floor":33.0,"turns":4.0},{"damage":19.0,"enemies":"SI_MIRROR_ARCHETYPE","floor":37.0,"turns":5.0},{"damage":15.0,"enemies":"3 Darklings","floor":38.0,"turns":4.0},{"damage":0.0,"enemies":"downfall:FleeingMerchant","floor":39.0,"turns":1.0},{"damage":8.0,"enemies":"Reptomancer","floor":40.0,"turns":4.0},{"damage":13.0,"enemies":"Giant Head","floor":43.0,"turns":5.0},{"damage":0.0,"enemies":"Orb Walker","floor":44.0,"turns":2.0},{"damage":22,"enemies":"Maw","floor":45,"turns":5},{"damage":64,"enemies":"Reptomancer","floor":48,"turns":4}],"seed_played":"-1318938739723225543","potions_obtained":[{"floor":6.0,"key":"Ancient Potion"},{"floor":11.0,"key":"AttackPotion"},{"floor":13.0,"key":"Explosive Potion"},{"floor":14.0,"key":"champ:CounterPotion"},{"floor":16.0,"key":"ColorlessPotion"},{"floor":26.0,"key":"ColorlessPotion"},{"floor":31.0,"key":"LiquidMemories"},{"floor":32.0,"key":"SkillPotion"},{"floor":37.0,"key":"SteroidPotion"},{"floor":43.0,"key":"Swift Potion"},{"floor":44.0,"key":"BlessingOfTheForge"},{"floor":45,"key":"Weak Potion"}],"is_trial":false,"path_per_floor":["R","?","M","?","?","E","T","M","R","M","M","R","M","E","M","B",null,"R","M","?","$","?","E","T","M","E","$","E","$","R","E","M","B",null,"R","?","?","M","$","E","T","R","E","M","M","$","R","E"],"character_chosen":"THE_AUTOMATON","items_purchased":["expansioncontent:Chronoboost","PreservedInsect","aspiration:Lifesprig","hexamod:CandleOfCauterizing","LiquidBronze","DuplicationPotion"],"campfire_rested":1,"item_purchase_floors":[21,27,39,39,39,39],"current_hp_per_floor":[70,70,70,70,70,50,50,49,70,70,70,70,69,69,69,69,70,70,62,62,58,49,49,49,49,49,39,45,49,49,47,41,41,47,47,47,38,38,49,41,41,49,36,38,40,49,49,0,0,0],"gold":12,"neow_bonus":"ONE_RARE_RELIC","is_daily":false,"chose_seed":false,"campfire_upgraded":6,"win_rate":0.0,"timestamp":1613767885,"path_taken":["R","?","?","?","?","E","T","M","R","M","M","R","M","E","M","BOSS","R","M","?","$","?","E","T","M","E","?","E","$","R","E","M","BOSS","R","?","?","M","$","E","T","R","E","M","M","?","R","E"],"items_purchased_type":["Card","Relic","Relic","Relic","Potion","Potion"],"build_version":"2020-12-22","purchased_purges":3,"victory":false,"max_hp_per_floor":[70,70,70,70,70,70,70,70,70,70,70,70,70,70,70,70,70,70,70,70,70,49,49,49,49,49,49,49,49,49,49,49,49,49,49,49,49,49,49,49,49,49,49,49,49,49,49,49,49,49],"card_choices":[{"not_picked":["bronze:Constructor","bronze:Branch","bronze:BugBarrage"],"picked":"SKIP","floor":3.0},{"not_picked":["bronze:Return","bronze:Fortify"],"picked":"bronze:FollowUp","floor":6.0},{"not_picked":["bronze:WhirlingStrike","bronze:ForceShield"],"picked":"bronze:BronzeOrb","floor":8.0},{"not_picked":["bronze:Branch","bronze:CloningBeam"],"picked":"bronze:AlphaBuild","floor":10.0},{"not_picked":["bronze:Overheat","bronze:Overload","bronze:DelayedSlice"],"picked":"SKIP","floor":11.0},{"not_picked":["bronze:Constructor","bronze:Overheat"],"picked":"bronze:BuggyMess","floor":13.0},{"not_picked":["bronze:BitShift","bronze:Invalidate","bronze:Deprecate"],"picked":"SKIP","floor":14.0},{"not_picked":["bronze:Philosophize","bronze:DelayedGuard","bronze:BuggyMess"],"picked":"SKIP","floor":15.0},{"not_picked":["bronze:Separator","bronze:Branch"],"picked":"bronze:Optimize+1","floor":19.0},{"not_picked":["bronze:BronzeOrb","bronze:Deprecate","bronze:Philosophize"],"picked":"SKIP","floor":21.0},{"not_picked":["bronze:DelayedSlice","bronze:Branch"],"picked":"bronze:ItsAFeature+1","floor":23.0},{"not_picked":["bronze:CutThrough+1","bronze:Safeguard"],"picked":"bronze:FineTuning","floor":25.0},{"not_picked":["bronze:Branch","bronze:BugBarrage+1"],"picked":"bronze:Optimize+1","floor":26.0},{"not_picked":["bronze:WhirlingStrike","bronze:BuggyMess+1","bronze:WildBeam+1"],"picked":"SKIP","floor":28.0},{"not_picked":["bronze:DelayedGuard","bronze:Hardcode+1"],"picked":"bronze:BronzeArmor","floor":29.0},{"not_picked":["bronze:DigitalCarnage","bronze:CloningBeam+1"],"picked":"bronze:Fortify","floor":31.0},{"not_picked":["bronze:Backtrace+1","bronze:Deprecate+1"],"picked":"bronze:Frontload","floor":32.0},{"not_picked":["bronze:BurnOut","bronze:RecursiveStrike"],"picked":"bronze:Library+1","floor":33.0},{"not_picked":["bronze:FollowUp+1","bronze:Branch+1"],"picked":"bronze:FineTuning+1","floor":37.0},{"not_picked":["bronze:WhirlingStrike","bronze:Overheat","bronze:BitShift"],"picked":"SKIP","floor":38.0},{"not_picked":["bronze:Refactor","bronze:WhirlingStrike+1"],"picked":"bronze:Mutator+1","floor":39.0},{"not_picked":["bronze:BitShift+1","bronze:BuggyMess+1"],"picked":"bronze:Repulsor+1","floor":40.0},{"not_picked":["bronze:Hardcode+1","bronze:ForLoop+1"],"picked":"bronze:ItsAFeature+1","floor":43.0},{"not_picked":["bronze:DelayedGuard+1","bronze:WhirlingStrike+1","bronze:Refactor+1"],"picked":"SKIP","floor":44.0},{"not_picked":["bronze:Deprecate+1","bronze:DelayedSlice+1"],"picked":"bronze:Repair+1","floor":45}],"player_experience":3018195,"relics_obtained":[{"floor":6.0,"key":"hubris:TenFootPole"},{"floor":7.0,"key":"sneckomod:BlankCard"},{"floor":14.0,"key":"CaptainsWheel"},{"floor":23.0,"key":"hexamod:BolsterEngine"},{"floor":24.0,"key":"aspiration:ChemicalBlood"},{"floor":26.0,"key":"MealTicket"},{"floor":28.0,"key":"Gremlin Horn"},{"floor":31.0,"key":"Bronze Scales"},{"floor":37.0,"key":"Torii"},{"floor":40.0,"key":"Toxic Egg 2"},{"floor":41.0,"key":"Eternal Feather"},{"floor":43.0,"key":"Molten Egg 2"}],"event_choices":[{"damage_healed":0.0,"max_hp_gain":0.0,"max_hp_loss":21.0,"gold_gain":0.0,"event_name":"Vampires","player_choice":"Became a vampire","floor":22.0,"gold_loss":0.0,"damage_taken":0.0,"cards_obtained":["Bite","Bite","Bite","Bite","Bite"]}],"is_beta":false,"boss_relics":[{"not_picked":["Calling Bell","aspiration:RitualDagger"],"picked":"Astrolabe"},{"not_picked":["Coffee Dripper","Philosopher\u0027s Stone"],"picked":"hubris:Stopwatch"}],"items_purged_floors":[21,29,46],"is_endless":false,"potions_floor_spawned":[6,11,13,14,16,26,31,32,37,43,44,45],"killed_by":"Reptomancer","ascension_level":5}}