{"host":"mydft8i2zzydgggw","time":1613726774,"event":{"mods":["AchievementEnabler","BaseMod","Colored Map","Colored Powertips","DeckTracker","Keyboard Shortcuts","Minty Spire (QoL Compilation)","Rare Cards Sparkle","Relic Stats","StSLib","SuperFastMode","Together in Spire","everything is the same but u backflip on backflip"],"gold_per_floor":[117,192,203,128,128,161,161,121,189,10,20,20,36,56,56,128,128,144,162,162,180,5,38,55,55,100,100,133,147,178,194,194,194,194],"floor_reached":33,"language":"KOR","playtime":758,"items_purged":["Strike_B"],"score":631,"play_id":"18e08ccd-198f-4df0-a805-03b6414a4545","local_time":"20210219182614","is_ascension_mode":true,"campfire_choices":[{"data":"Self Repair","floor":12,"key":"SMITH"},{"data":"Dualcast","floor":15,"key":"SMITH"},{"data":"Loop","floor":25,"key":"SMITH"},{"data":"Heatsinks","floor":27,"key":"SMITH"},{"data":"White Noise","floor":32,"key":"SMITH"}],"circlet_count":0,"master_deck":["AscendersBane","Strike_B+1","Strike_B+1","Defend_B","Defend_B","Defend_B","Zap","Dualcast+1","Undo","Self Repair+1","Heatsinks","Streamline","Heatsinks+1","Chill","Rip and Tear+1","Biased Cognition","Ball Lightning+1","Conserve Battery","Aggregate","Coolheaded","White Noise+1","Barrage","Loop+1","Static Discharge+1","Turbo"],"relics":["Cracked Core","Mummified Hand","NeowsBlessing","Pear","Letter Opener","Mercury Hourglass","Membership Card","Black Star","Medical Kit","Boot","Whetstone","Happy Flower","Incense Burner","Lantern","Omamori","Bottled Lightning"],"acts_visited":["Exordium","TheCity"],"potions_floor_usage":[16,23,28,33],"damage_taken":[{"damage":0,"enemies":"2 Louse","floor":1,"turns":1},{"damage":0,"enemies":"Jaw Worm","floor":3,"turns":1},{"damage":0,"enemies":"3 Sentries","floor":6,"turns":1},{"damage":1,"enemies":"Cultist","floor":11,"turns":3},{"damage":0,"enemies":"Looter","floor":13,"turns":3},{"damage":4,"enemies":"Red Slaver","floor":14,"turns":3},{"damage":54,"enemies":"Hexaghost","floor":16,"turns":12},{"damage":0,"enemies":"3 Byrds","floor":18,"turns":3},{"damage":0,"enemies":"Chosen","floor":19,"turns":4},{"damage":30,"enemies":"Centurion and Healer","floor":21,"turns":8},{"damage":26,"enemies":"Book of Stabbing","floor":23,"turns":5},{"damage":23,"enemies":"Snake Plant","floor":24,"turns":3},{"damage":32,"enemies":"Gremlin Leader","floor":28,"turns":5},{"damage":0,"enemies":"3 Cultists","floor":29,"turns":3},{"damage":20,"enemies":"Book of Stabbing","floor":30,"turns":4},{"damage":0,"enemies":"Chosen and Byrds","floor":31,"turns":5},{"damage":53,"enemies":"Collector","floor":33,"turns":7}],"seed_played":"-3252965975841307784","potions_obtained":[{"floor":1,"key":"FairyPotion"},{"floor":8,"key":"Ancient Potion"},{"floor":14,"key":"LiquidMemories"},{"floor":16,"key":"Energy Potion"},{"floor":23,"key":"BlessingOfTheForge"},{"floor":24,"key":"LiquidMemories"},{"floor":30,"key":"DuplicationPotion"}],"is_trial":false,"path_per_floor":["M","?","M","?","?","E","?","?","T","$","M","R","M","M","R","B",null,"M","M","?","M","$","E","M","R","T","R","E","M","E","M","R","B"],"character_chosen":"DEFECT","items_purchased":["Membership Card","Streamline","Coolheaded","Medical Kit","White Noise"],"campfire_rested":0,"item_purchase_floors":[10,10,22,22,22],"current_hp_per_floor":[64,53,53,53,32,49,38,38,38,38,44,44,54,60,60,16,65,75,81,81,61,61,45,32,32,32,32,34,44,34,44,44,0,0],"gold":194,"neow_bonus":"THREE_ENEMY_KILL","is_daily":false,"chose_seed":false,"campfire_upgraded":5,"win_rate":0.0,"timestamp":1613726774,"path_taken":["M","?","M","?","?","E","?","?","T","$","M","R","M","?","R","BOSS","M","M","?","M","$","E","M","R","T","R","E","?","E","M","R","BOSS"],"items_purchased_type":["Relic","Card","Card","Relic","Card"],"build_version":"2020-12-22","purchased_purges":1,"victory":false,"max_hp_per_floor":[71,71,71,71,71,81,81,81,81,81,81,81,81,81,81,81,81,81,81,81,81,81,81,81,81,81,81,81,81,81,81,81,81,81],"relic_stats":{"Happy Flower":[8],"counters":[17,70],"Mummified Hand":[74],"Black Star":3,"Letter Opener":[175],"Whetstone":["Ball Lightning","Rip and Tear"],"Medical Kit":[17],"Boot":[29],"obtain_stats":[{"Lantern":28,"Pear":6,"NeowsBlessing":0,"Happy Flower":26,"Incense Burner":28,"Omamori":30,"Letter Opener":7,"Whetstone":23,"Medical Kit":22,"Boot":23,"Mercury Hourglass":9,"Mummified Hand":0,"Black Star":17,"Membership Card":10,"Bottled Lightning":30,"Cracked Core":0},{"Lantern":13,"Pear":3,"NeowsBlessing":0,"Happy Flower":12,"Incense Burner":13,"Omamori":15,"Letter Opener":3,"Whetstone":11,"Medical Kit":10,"Boot":11,"Mercury Hourglass":3,"Mummified Hand":0,"Black Star":7,"Membership Card":3,"Bottled Lightning":15,"Cracked Core":0},{"Lantern":52,"Pear":3,"NeowsBlessing":0,"Happy Flower":47,"Incense Burner":52,"Omamori":59,"Letter Opener":3,"Whetstone":44,"Medical Kit":39,"Boot":44,"Mercury Hourglass":3,"Mummified Hand":0,"Black Star":24,"Membership Card":3,"Bottled Lightning":59,"Cracked Core":0}],"Mercury Hourglass":[275]},"card_choices":[{"not_picked":["Redo","Reprogram"],"picked":"Undo","floor":1},{"not_picked":["Gash","Hologram"],"picked":"Self Repair","floor":3},{"not_picked":["Fusion","Cold Snap"],"picked":"Heatsinks","floor":6},{"not_picked":["Ball Lightning","Melter"],"picked":"Heatsinks","floor":11},{"not_picked":["Undo","Tempest"],"picked":"Chill","floor":13},{"not_picked":["Chill","Melter"],"picked":"Rip and Tear","floor":14},{"not_picked":["All For One","Seek"],"picked":"Biased Cognition","floor":16},{"not_picked":["Redo","Stack"],"picked":"Ball Lightning","floor":18},{"not_picked":["Chaos+1","Sweeping Beam"],"picked":"Conserve Battery","floor":19},{"not_picked":["Sunder+1","Streamline+1"],"picked":"Aggregate","floor":21},{"not_picked":["Sweeping Beam","Ball Lightning"],"picked":"Barrage","floor":23},{"not_picked":["Streamline","Auto Shields"],"picked":"Loop","floor":24},{"not_picked":["Double Energy+1","Chill"],"picked":"Static Discharge+1","floor":28},{"not_picked":["Streamline","Meteor Strike","Scrape"],"picked":"SKIP","floor":29},{"not_picked":["Doom and Gloom","Hello World+1"],"picked":"Turbo","floor":30},{"not_picked":["Turbo","Tempest","Streamline"],"picked":"SKIP","floor":31}],"player_experience":287563,"relics_obtained":[{"floor":6,"key":"Pear"},{"floor":9,"key":"Mercury Hourglass"},{"floor":23,"key":"Boot"},{"floor":23,"key":"Whetstone"},{"floor":26,"key":"Happy Flower"},{"floor":28,"key":"Incense Burner"},{"floor":28,"key":"Lantern"},{"floor":30,"key":"Omamori"},{"floor":30,"key":"Bottled Lightning"}],"event_choices":[{"damage_healed":0,"gold_gain":75,"player_choice":"Gather Gold","damage_taken":11,"max_hp_gain":0,"max_hp_loss":0,"event_name":"World of Goop","floor":2,"gold_loss":0},{"cards_removed":["Strike_B"],"damage_healed":0,"gold_gain":0,"player_choice":"Card Removal","damage_taken":0,"max_hp_gain":0,"max_hp_loss":0,"event_name":"The Cleric","floor":4,"gold_loss":75},{"damage_healed":0,"gold_gain":0,"player_choice":"Entered Light","damage_taken":21,"max_hp_gain":0,"max_hp_loss":0,"event_name":"Shining Light","floor":5,"gold_loss":0,"cards_upgraded":["Strike_B","Strike_B"]},{"damage_healed":0,"gold_gain":0,"player_choice":"Success","damage_taken":11,"relics_obtained":["Letter Opener"],"max_hp_gain":0,"max_hp_loss":0,"event_name":"Scrap Ooze","floor":7,"gold_loss":0},{"damage_healed":0,"gold_gain":0,"player_choice":"Bought 3 Potions","damage_taken":0,"max_hp_gain":0,"max_hp_loss":0,"event_name":"The Woman in Blue","floor":8,"gold_loss":0},{"cards_removed":["Defend_B"],"damage_healed":0,"gold_gain":0,"player_choice":"Offered Basic","damage_taken":0,"max_hp_gain":0,"max_hp_loss":0,"event_name":"Bonfire Elementals","floor":20,"gold_loss":0}],"is_beta":false,"boss_relics":[{"not_picked":["Velvet Choker","Cursed Key"],"picked":"Black Star"}],"items_purged_floors":[22],"is_endless":false,"potions_floor_spawned":[1,13,14,16,18,19,23,24,30],"killed_by":"Collector","ascension_level":18}}