{"host":"6pietnjer90du4bs","time":1613737570,"event":{"mods":["Aspiration","BaseMod","Bossed Relics","Colored Map","Infinite Spire","Minty Spire (QoL Compilation)","Replay The Spire","StSLib"],"gold_per_floor":[109,155,155,155,155,155,188,188,268,284,284,434,446,38,38,126,126,153,153,187,215,43,43,94,138,138,192,192,221,249,269,269,376,376,406,406,105,139,139,197,197,246,315,349,349,385,385,385,385,385],"floor_reached":51,"language":"ENG","playtime":1482,"items_purged":["Pain","Regret","Doubt"],"score":1124,"play_id":"685a6b30-c343-4ef1-9424-f80d37cb8139","local_time":"20210219132610","is_ascension_mode":true,"campfire_choices":[{"data":"Fiend Fire","floor":6,"key":"SMITH"},{"floor":8,"key":"REST"},{"data":"Flex","floor":11,"key":"SMITH"},{"data":"Pommel Strike","floor":15,"key":"SMITH"},{"floor":32,"key":"RECALL"}],"circlet_count":0,"master_deck":["Strike_R","Strike_R","Strike_R","Strike_R","Strike_R","Defend_R","Defend_R","Defend_R+1","Defend_R","Bash","Strike_P","Defend_B","Fiend Fire+1","Blood for Blood+1","Clash","Overencumbered","Flex+1","Pommel Strike+1","Exhume","Pommel Strike","infinitespire:TheBestDefense","Dropkick","True Grit","infinitespire:OneForAll","Wild Strike","Evolve","Wild Strike","ReplayTheSpireMod:Strike From Hell","Inflame","infinitespire:OneForAll+1","infinitespire:Collect","Battle Trance","ReplayTheSpireMod:Strike From Hell"],"relics":["Burning Blood","StrikeDummy","aspiration:SeaSaltIceCream","Burning Blood","aspiration:ArtOfWarUpgrade","Replay:WaspNest","Omamori","Replay:Bandana","Coffee Dripper","Orichalcum","Fusion Hammer","Replay:Mystery Machine","aspiration:Legacy_Headhunter","infinitespire:EmpoweringShard","Bronze Scales","Runic Pyramid","Vajra","Nunchaku","infinitespire:Eraser"],"acts_visited":["Exordium","TheCity","TheBeyond"],"potions_floor_usage":[7,7,16,25,40],"damage_taken":[{"damage":1,"enemies":"Cultist","floor":1,"turns":3},{"damage":13,"enemies":"Lagavulin","floor":7,"turns":2},{"damage":13,"enemies":"Small Slimes","floor":10,"turns":2},{"damage":7,"enemies":"Jaw Worm","floor":13,"turns":3},{"damage":36,"enemies":"The Guardian","floor":16,"turns":6},{"damage":0,"enemies":"Chosen","floor":18,"turns":3},{"damage":5,"enemies":"2 Thieves","floor":20,"turns":2},{"damage":18,"enemies":"Snake Plant","floor":21,"turns":2},{"damage":28,"enemies":"Book of Stabbing","floor":24,"turns":4},{"damage":1,"enemies":"Sentry and Sphere","floor":25,"turns":3},{"damage":18,"enemies":"Nightmare","floor":27,"turns":5},{"damage":8,"enemies":"Centurion and Healer","floor":29,"turns":3},{"damage":6,"enemies":"Cultist and Chosen","floor":30,"turns":4},{"damage":0,"enemies":"Colosseum Slavers","floor":31,"turns":2},{"damage":43,"enemies":"Collector","floor":33,"turns":8},{"damage":33,"enemies":"3 Shapes","floor":35,"turns":3},{"damage":30,"enemies":"3 Darklings","floor":38,"turns":3},{"damage":11,"enemies":"Nightmare","floor":40,"turns":5},{"damage":0,"enemies":"Transient","floor":42,"turns":6},{"damage":0,"enemies":"Writhing Mass","floor":44,"turns":2},{"damage":0,"enemies":"Sphere and 2 Shapes","floor":46,"turns":4},{"damage":0,"enemies":"Donu and Deca","floor":50,"turns":1}],"seed_played":"-1965036395383929312","potions_obtained":[{"floor":1,"key":"Death Potion"},{"floor":2,"key":"Adrenaline Potion"},{"floor":13,"key":"PowerPotion"},{"floor":20,"key":"EssenceOfSteel"},{"floor":24,"key":"LifebloodPotion"},{"floor":29,"key":"DuplicationPotion"},{"floor":40,"key":"Elixir"}],"is_trial":false,"path_per_floor":["M","?","?","?","?","R","E","R","T","M","R","?","M","$","R","B",null,"M","AVR","M","M","$","R","E","M","T","NM","R","M","M","?","R","B",null,"M","?","$","M","$","NM","R","M","T","M","R","M","R","AVR","R","B",null],"character_chosen":"IRONCLAD","items_purchased":["Omamori","Replay:Bandana","Replay:Mystery Machine","Vajra","Inflame"],"campfire_rested":1,"item_purchase_floors":[14,14,22,37,37],"current_hp_per_floor":[73,73,50,50,50,50,49,71,71,70,70,70,75,75,75,51,69,75,75,75,69,69,69,53,64,64,58,58,62,68,75,75,44,67,46,46,46,28,28,29,29,41,41,53,53,65,65,65,65,75],"gold":385,"neow_bonus":"THREE_RARE_CARDS","is_daily":false,"chose_seed":false,"campfire_upgraded":3,"win_rate":0.0,"timestamp":1613737570,"path_taken":["M","?","?","?","?","R","E","R","T","M","R","?","M","$","R","BOSS","M","AVR","M","M","$","R","E","M","T","NM","R","M","M","?","R","BOSS","M","?","$","M","$","NM","R","M","T","M","R","M","R","AVR","R","BOSS"],"items_purchased_type":["Relic","Relic","Relic","Relic","Card"],"build_version":"2020-12-22","purchased_purges":3,"victory":true,"max_hp_per_floor":[75,75,75,75,75,75,75,75,75,75,75,75,75,75,75,75,75,75,75,75,75,75,75,75,75,75,75,75,75,75,75,75,75,75,75,75,75,75,75,75,75,75,75,75,75,75,75,75,75,75],"card_choices":[{"not_picked":["Hemogenesis","Corruption"],"picked":"Fiend Fire","floor":0},{"not_picked":["ReplayTheSpireMod:Corrosion Curse","Massacre"],"picked":"Blood for Blood","floor":1},{"not_picked":["Ghostly Armor","ReplayReversal"],"picked":"Clash","floor":2},{"not_picked":["Armaments","Pummel","Dual Wield"],"picked":"SKIP","floor":7},{"not_picked":["Sentinel","Armaments"],"picked":"Flex","floor":10},{"not_picked":["Thunderclap","ReplayReversal"],"picked":"Pommel Strike","floor":13},{"not_picked":["Berserk","Hemogenesis"],"picked":"Exhume","floor":16},{"not_picked":["Rage","Run Through"],"picked":"Pommel Strike","floor":18},{"not_picked":["Sword Boomerang+1","Hemokinesis"],"picked":"Dropkick","floor":20},{"not_picked":["Sword Boomerang","Clothesline"],"picked":"True Grit","floor":21},{"not_picked":["Sword Boomerang","Corruption"],"picked":"infinitespire:OneForAll","floor":24},{"not_picked":["Flame Barrier","Whirlwind"],"picked":"Wild Strike","floor":25},{"not_picked":["Pummel","Shockwave","Corruption"],"picked":"SKIP","floor":27},{"not_picked":["Havoc","Intimidate"],"picked":"Evolve","floor":29},{"not_picked":["Ghostly Armor","Clash"],"picked":"Wild Strike","floor":30},{"not_picked":["Rupture","Thunderclap"],"picked":"ReplayTheSpireMod:Strike From Hell","floor":35},{"not_picked":["Cleave+1","Shrug It Off"],"picked":"infinitespire:OneForAll+1","floor":38},{"not_picked":["infinitespire:SevenWalls","ReplayTheSpireMod:Echoes of Time"],"picked":"infinitespire:Collect","floor":40},{"not_picked":["Replay:Undeath\u0027s Touch+1","Demonic Infusion","Combust"],"picked":"SKIP","floor":40},{"not_picked":["Rage+1","Entrench","Blood for Blood+1"],"picked":"SKIP","floor":42},{"not_picked":["Anger","Warcry"],"picked":"Battle Trance","floor":44},{"not_picked":["Combust+1","Twin Strike"],"picked":"ReplayTheSpireMod:Strike From Hell","floor":46}],"player_experience":751036,"relics_obtained":[{"floor":2,"key":"StrikeDummy"},{"floor":7,"key":"Art of War"},{"floor":9,"key":"Replay:WaspNest"},{"floor":24,"key":"aspiration:Legacy_Headhunter"},{"floor":26,"key":"infinitespire:EmpoweringShard"},{"floor":27,"key":"Bronze Scales"},{"floor":40,"key":"Nunchaku"},{"floor":43,"key":"infinitespire:Eraser"}],"event_choices":[{"damage_healed":0,"gold_gain":0,"player_choice":"Entered Light","damage_taken":23,"max_hp_gain":0,"max_hp_loss":0,"event_name":"Shining Light","floor":3,"gold_loss":0,"cards_upgraded":["Blood for Blood","Defend_R"]},{"damage_healed":0,"gold_gain":0,"player_choice":"Box","damage_taken":0,"relics_obtained":["aspiration:SeaSaltIceCream"],"max_hp_gain":0,"max_hp_loss":0,"event_name":"Big Fish","floor":4,"gold_loss":0,"cards_obtained":["Regret"]},{"damage_healed":0,"gold_gain":150,"player_choice":"AGREE","damage_taken":0,"max_hp_gain":0,"max_hp_loss":0,"event_name":"Liars Game","floor":12,"gold_loss":0,"cards_obtained":["Doubt"]},{"damage_healed":0,"gold_gain":0,"player_choice":"Fight","damage_taken":0,"max_hp_gain":0,"max_hp_loss":0,"event_name":"Colosseum","floor":31,"gold_loss":0},{"damage_healed":0,"gold_gain":0,"player_choice":"Fled From Nobs","damage_taken":0,"max_hp_gain":0,"max_hp_loss":0,"event_name":"Colosseum","floor":31,"gold_loss":0},{"damage_healed":0,"gold_gain":0,"player_choice":"Ignored","damage_taken":0,"max_hp_gain":0,"max_hp_loss":0,"event_name":"Mysterious Sphere","floor":36,"gold_loss":0}],"is_beta":false,"boss_relics":[{"not_picked":["aspiration:DefectSkillbook","Empty Cage"],"picked":"Coffee Dripper"},{"not_picked":["aspiration:SecretTechniqueScroll","ChewingGum"],"picked":"Runic Pyramid"}],"items_purged_floors":[14,19,37],"is_endless":false,"potions_floor_spawned":[1,13,20,24,29,31,33,35,40],"ascension_level":19}}