{"host":"btkbr53c3gip0r7d","time":1613752922,"event":{"mods":["BaseMod","Better Altar","Better Match","Better Note","Better Sensory Stone","Better Skull","Better Third Choice","Colored Map","Curses Come First","Downfall","Minty Spire (QoL Compilation)","StSLib","The Cursed","The Marked"],"gold_per_floor":[99,99,99,99,23,63,117,135,151,171,192,230,130,130,152,261,261,261,286,394,394,394,394],"floor_reached":21,"language":"ENG","playtime":2218,"items_purged":[],"score":206,"play_id":"ba28337a-4be7-4035-a821-a33b0223883a","local_time":"20210219094202","is_ascension_mode":true,"campfire_choices":[{"floor":1.0,"key":"RECALL"},{"floor":13.0,"key":"REST"},{"data":"hexamod:WildfireWeapon","floor":18.0,"key":"SMITH"}],"circlet_count":0,"master_deck":["hexamod:Strike+1","hexamod:Strike","hexamod:Defend","hexamod:Defend","hexamod:Defend","hexamod:Defend","hexamod:Sear","hexamod:Float","hexamod:HeatShield","hexamod:Firestarter","hexamod:HeatShield+1","hexamod:SecondSeal","hexamod:ExtraCrispy","hexamod:ExtraCrispy","hexamod:RainOfEmbers","hexamod:RetreatToShadows","hexamod:SpectralAdrenaline","hexamod:SoulSteal","hexamod:CatchUp+1","downfall:Malfunctioning","hexamod:ChargedBarrage","hexamod:WildfireWeapon+1","hexamod:UnleashSpirits","J.A.X.","hexamod:TimeWarp","hexamod:SixthSeal"],"relics":["hexamod:UnbrokenSoul","downfall:HeartsMalice","Kunai","Ancient Tea Set","Singing Bowl","downfall:HeartBlessingRed","MutagenicStrength"],"acts_visited":["Exordium","TheCity"],"potions_floor_usage":[],"damage_taken":[{"damage":0.0,"enemies":"Jaw Worm","floor":2.0,"turns":1.0},{"damage":0.0,"enemies":"Cultist","floor":3.0,"turns":1.0},{"damage":0.0,"enemies":"downfall:FleeingMerchant","floor":5.0,"turns":1.0},{"damage":25.0,"enemies":"Lagavulin","floor":6.0,"turns":8.0},{"damage":0.0,"enemies":"Small Slimes","floor":8.0,"turns":5.0},{"damage":2.0,"enemies":"3 Louse","floor":9.0,"turns":4.0},{"damage":11.0,"enemies":"2 Fungi Beasts","floor":10.0,"turns":5.0},{"damage":4.0,"enemies":"Exordium Wildlife","floor":11.0,"turns":4.0},{"damage":2.0,"enemies":"Gremlin Nob","floor":12.0,"turns":3.0},{"damage":6.0,"enemies":"downfall:LooterAlt","floor":15.0,"turns":4.0},{"damage":5.0,"enemies":"IC_STATUS_ARCHETYPE","floor":16.0,"turns":7.0},{"damage":3.0,"enemies":"Chosen","floor":19.0,"turns":3.0},{"damage":30.0,"enemies":"downfall:Augmenter","floor":20.0,"turns":6.0},{"damage":51,"enemies":"Colosseum Nobs","floor":21,"turns":3}],"seed_played":"-9136060139130730210","potions_obtained":[{"floor":6.0,"key":"Swift Potion"},{"floor":9.0,"key":"AttackPotion"},{"floor":10.0,"key":"Weak Potion"},{"floor":15.0,"key":"hexamod:SoulburnPotion"},{"floor":19.0,"key":"AttackPotion"}],"is_trial":false,"path_per_floor":["R","M","M","?","$","E","T","M","M","M","M","E","R","?","M","B",null,"R","M","?","?"],"character_chosen":"THE_SPIRIT","items_purchased":["hexamod:ExtraCrispy"],"campfire_rested":1,"item_purchase_floors":[5],"current_hp_per_floor":[70,70,70,70,70,45,45,45,43,32,28,26,47,47,41,36,70,70,69,39,0,0,0],"gold":394,"neow_bonus":"THREE_ENEMY_KILL","is_daily":false,"chose_seed":false,"campfire_upgraded":1,"win_rate":0.0,"timestamp":1613752922,"path_taken":["R","M","M","?","$","E","T","M","?","?","M","E","R","?","M","BOSS","R","M","?","?"],"items_purchased_type":["Card"],"build_version":"2020-12-22","purchased_purges":0,"victory":false,"max_hp_per_floor":[70,70,70,70,70,70,70,70,70,70,70,70,70,70,70,70,70,70,72,72,72,72,72],"card_choices":[{"not_picked":["hexamod:Firestarter","hexamod:SkipABeat"],"picked":"hexamod:HeatShield","floor":2.0},{"not_picked":["hexamod:AdvancingGuard","hexamod:RadiantFlame"],"picked":"hexamod:Firestarter","floor":3.0},{"not_picked":["hexamod:Incineration","hexamod:EmpoweredFlame"],"picked":"hexamod:SecondSeal","floor":5.0},{"not_picked":["hexamod:InspiringFlames","hexamod:SuperheatedStrike"],"picked":"hexamod:ExtraCrispy","floor":6.0},{"not_picked":["hexamod:FastForward","hexamod:GhostShield"],"picked":"hexamod:RainOfEmbers","floor":8.0},{"not_picked":["hexamod:SpectersWail","hexamod:GhostShield"],"picked":"hexamod:RetreatToShadows","floor":9.0},{"not_picked":["hexamod:NightmareGuise","hexamod:BurningTouch"],"picked":"hexamod:SpectralAdrenaline","floor":10.0},{"not_picked":["hexamod:PhantomCloak","hexamod:Hexaguard"],"picked":"hexamod:SoulSteal","floor":11.0},{"not_picked":["hexamod:NightmareStrike","hexamod:RecurringNightmare"],"picked":"hexamod:CatchUp","floor":12.0},{"not_picked":["hexamod:InspiringFlames","hexamod:AdvancingGuard"],"picked":"hexamod:ChargedBarrage","floor":15.0},{"not_picked":["hexamod:ParanormalForm","hexamod:GiftsFromTheDead"],"picked":"hexamod:WildfireWeapon","floor":16.0},{"not_picked":["hexamod:BacktrackSmack","hexamod:RadiantFlame","hexamod:Firestarter+1"],"picked":"Singing Bowl","floor":19.0},{"not_picked":[],"picked":"J.A.X.","floor":20.0},{"not_picked":["hexamod:RadiantFlame+1","hexamod:GhostflameBarrier"],"picked":"hexamod:TimeWarp","floor":20.0}],"player_experience":1489977,"relics_obtained":[{"floor":6.0,"key":"Kunai"},{"floor":7.0,"key":"Ancient Tea Set"},{"floor":12.0,"key":"Singing Bowl"},{"floor":20.0,"key":"MutagenicStrength"}],"event_choices":[],"is_beta":false,"boss_relics":[{"not_picked":["Snecko Eye","hexamod:IceCube"],"picked":"hexamod:UnbrokenSoul"}],"items_purged_floors":[],"is_endless":false,"potions_floor_spawned":[6,9,10,11,15,19],"killed_by":"Colosseum Nobs","ascension_level":2}}