{"host":"adt9pv9dmmkchns7","time":1613740070,"event":{"mods":["AchievementEnabler","Aspiration","BaseMod","Beaked The Cultist","Better Third Choice","Curses Come First","Energized Spire","Minty Spire (QoL Compilation)","Permanent Neow","Potionbrewer","Quick Restart","Reliquary","Replay The Spire","Robot Space Explorer","Shade Mod","Spicy Shops","StSLib","The Blackbeard","The Cursed","The Forsaken","The Gatherer","The Necromancer","Wandering Minibosses"],"gold_per_floor":[114,134,154,174,174,209,209,238,238,238,271,291,326,344,344,442,442,462,462,476,490,505,535,535,535,535,535,549,582,597,597,597,597],"floor_reached":31,"language":"ENG","playtime":4208,"items_purged":[],"score":380,"play_id":"6a782f21-376c-449c-9efa-545a683e21ae","local_time":"20210219140750","is_ascension_mode":true,"metric_token":1489,"campfire_choices":[{"floor":7,"key":"RECALL"},{"data":"Gatherer:FlowerPower","floor":10,"key":"SMITH"},{"data":"Gatherer:HeartToFruit","floor":15,"key":"SMITH"},{"data":"Gatherer:ColorfulGarden","floor":24,"key":"SMITH"},{"data":"Gatherer:FlowerPower+1","floor":27,"key":"SMITH"}],"circlet_count":0,"master_deck":["Gatherer:Strike_Gatherer","Gatherer:Strike_Gatherer","Gatherer:Strike_Gatherer","Gatherer:Strike_Gatherer","Gatherer:Strike_Gatherer","Gatherer:Defend_Gatherer","Gatherer:Defend_Gatherer+1","Gatherer:Defend_Gatherer","Gatherer:Defend_Gatherer","Gatherer:Defend_Gatherer","Gatherer:Centralize","Gatherer:FlowerWhip","Gatherer:VenomBarrier","Gatherer:FruitForce","Gatherer:TreeGrowth","Gatherer:FlowerBeam","Gatherer:Photoscythe","Gatherer:FlowerPower+2","Gatherer:Duality","Gatherer:ScherryThrow","Gatherer:HeartToFruit+1","Gatherer:Snatch","Gatherer:ColorfulGarden+1","Gatherer:GlowingPlant","Gatherer:Shadow","Gatherer:Light","Gatherer:AlchemyTrial","Gatherer:EnergyBasket","Gatherer:MiningStrike","Gatherer:MiningStrike","theForsaken:PlagueCurse","Gatherer:FinishingStrike","Gatherer:Duality","Gatherer:FlowerShield"],"relics":["Gatherer:AlchemyBag","aspiration:Nostalgia","Burning Blood","Centennial Puzzle","ReplayTheSpireMod:TigerMarble","FossilizedHelix","Nunchaku","energizedSpire:SpiderWeb","aspiration:VileToxins","theForsaken:PlagueMask","Eternal Feather","White Beast Statue"],"acts_visited":["Exordium","TheCity"],"potions_floor_usage":[3,6,11,18,22,23,23,31],"damage_taken":[{"damage":0,"enemies":"Small Slimes","floor":1,"turns":3},{"damage":0,"enemies":"2 Louse","floor":2,"turns":2},{"damage":20,"enemies":"Jaw Worm","floor":3,"turns":5},{"damage":10,"enemies":"Gremlin Gang","floor":4,"turns":5},{"damage":9,"enemies":"Lagavulin","floor":6,"turns":8},{"damage":15,"enemies":"3 Sentries","floor":8,"turns":5},{"damage":11,"enemies":"Gremlin Nob","floor":11,"turns":3},{"damage":0,"enemies":"2 Fungi Beasts","floor":12,"turns":2},{"damage":16,"enemies":"Lagavulin","floor":13,"turns":8},{"damage":0,"enemies":"Exordium Wildlife","floor":14,"turns":3},{"damage":26,"enemies":"Fading Forest","floor":16,"turns":11},{"damage":41,"enemies":"Chosen","floor":18,"turns":8},{"damage":0,"enemies":"Shell Parasite","floor":20,"turns":6},{"damage":4,"enemies":"Snake Plant","floor":21,"turns":7},{"damage":22,"enemies":"Shelled Parasite and Fungi","floor":22,"turns":5},{"damage":28,"enemies":"Slavers","floor":23,"turns":7},{"damage":41,"enemies":"Cultist and Chosen","floor":28,"turns":6},{"damage":36,"enemies":"Gremlin Leader","floor":29,"turns":5},{"damage":19,"enemies":"Chosen and Byrds","floor":30,"turns":6},{"damage":9,"enemies":"Book of Stabbing","floor":31,"turns":3}],"seed_played":"1404146198626322890","potions_obtained":[{"floor":2,"key":"potionbrewer:EndurancePotion"},{"floor":4,"key":"DuplicationPotion"},{"floor":6,"key":"potionbrewer:NoxiousPotion"},{"floor":14,"key":"BottledMiracle"},{"floor":16,"key":"DuplicationPotion"},{"floor":20,"key":"BottledMiracle"},{"floor":22,"key":"DistilledChaos"},{"floor":29,"key":"potionbrewer:AcidPotion"},{"floor":30,"key":"Adrenaline Potion"}],"is_trial":false,"path_per_floor":["M","M","M","M","?","E","R","E","T","R","E","M","E","M","R","B",null,"M","?","M","M","M","E","R","?","T","R","M","E","M","E"],"character_chosen":"THE_GATHERER","items_purchased":[],"campfire_rested":0,"item_purchase_floors":[],"current_hp_per_floor":[72,76,62,58,58,55,55,46,46,46,41,47,40,49,49,37,79,44,70,80,86,74,56,56,56,56,74,43,13,9,0,0,0],"gold":597,"neow_bonus":"NOSTALGIA","is_daily":false,"chose_seed":false,"campfire_upgraded":4,"win_rate":0.0,"timestamp":1613740070,"path_taken":["M","M","M","M","?","E","R","E","T","R","E","M","E","M","R","BOSS","M","?","M","M","M","E","R","?","T","R","M","E","M","E"],"items_purchased_type":[],"build_version":"2020-12-22","purchased_purges":0,"victory":false,"max_hp_per_floor":[72,76,76,76,76,76,76,76,76,76,76,76,76,79,79,79,79,79,79,83,87,91,95,95,95,95,95,99,99,99,99,99,99],"card_choices":[{"not_picked":["Gatherer:SaveValuables","Gatherer:AcidicSpray"],"picked":"Gatherer:VenomBarrier","floor":1},{"not_picked":["Gatherer:Convert","Gatherer:FragileHammer"],"picked":"Gatherer:FruitForce","floor":2},{"not_picked":["Gatherer:RottenStipe","Gatherer:FragileHammer"],"picked":"Gatherer:TreeGrowth","floor":3},{"not_picked":["Gatherer:QuickSynthesis","Gatherer:BambuSword"],"picked":"Gatherer:FlowerBeam","floor":4},{"not_picked":["Gatherer:TreeGrowth","Gatherer:FlowerFalling"],"picked":"Gatherer:Photoscythe","floor":6},{"not_picked":["Gatherer:BambuSword","Gatherer:DrugPower"],"picked":"Gatherer:FlowerPower","floor":8},{"not_picked":["Gatherer:FragileHammer","Gatherer:PotentialSlash"],"picked":"Gatherer:Duality","floor":11},{"not_picked":["Gatherer:AromaProtection","Gatherer:RecoveryHerb"],"picked":"Gatherer:ScherryThrow","floor":12},{"not_picked":["Gatherer:GatherMaterial","Gatherer:AcidicSpray"],"picked":"Gatherer:HeartToFruit","floor":13},{"not_picked":["Gatherer:GatherMaterial","Gatherer:Convert"],"picked":"Gatherer:Snatch","floor":14},{"not_picked":["Gatherer:HeartToFruit","Gatherer:Overflowing"],"picked":"Gatherer:ColorfulGarden","floor":16},{"not_picked":["Gatherer:RecoveryHerb","Gatherer:PotentialSlash+1"],"picked":"Gatherer:GlowingPlant","floor":18},{"not_picked":["Gatherer:FragileHammer","Gatherer:EnergyBasket"],"picked":"Gatherer:AlchemyTrial","floor":20},{"not_picked":["Gatherer:GatherMaterial","Gatherer:AcidicSpray"],"picked":"Gatherer:EnergyBasket","floor":21},{"not_picked":["Gatherer:VenomBarrier+1","Gatherer:OddSpoils"],"picked":"Gatherer:MiningStrike","floor":22},{"not_picked":["Gatherer:FlowerPower","Gatherer:QuickSynthesis"],"picked":"Gatherer:MiningStrike","floor":23},{"not_picked":["Gatherer:SealedBomb","Gatherer:FragileHammer"],"picked":"Gatherer:FinishingStrike","floor":28},{"not_picked":["Gatherer:RottenStipe","Gatherer:FlowerShield"],"picked":"Gatherer:Duality","floor":29},{"not_picked":["Gatherer:RecipeChange+1","Gatherer:EchoOfNature"],"picked":"Gatherer:FlowerShield","floor":30}],"player_experience":987326,"relics_obtained":[{"floor":6,"key":"Centennial Puzzle"},{"floor":8,"key":"ReplayTheSpireMod:TigerMarble"},{"floor":11,"key":"FossilizedHelix"},{"floor":13,"key":"Nunchaku"},{"floor":23,"key":"aspiration:VileToxins"},{"floor":26,"key":"Eternal Feather"},{"floor":29,"key":"White Beast Statue"}],"event_choices":[{"damage_healed":26,"gold_gain":0,"player_choice":"Heal","damage_taken":0,"max_hp_gain":0,"max_hp_loss":0,"event_name":"The Library","floor":19,"gold_loss":0},{"damage_healed":0,"gold_gain":0,"player_choice":"Obtain Plague Curse","damage_taken":0,"max_hp_gain":0,"max_hp_loss":0,"event_name":"Plague Doctor","floor":25,"gold_loss":0,"cards_obtained":["theForsaken:PlagueCurse"]}],"is_beta":false,"boss_relics":[{"not_picked":["Empty Cage","ReplayTheSpireMod:DimensionalGlitch"],"picked":"energizedSpire:SpiderWeb"}],"items_purged_floors":[],"is_endless":false,"potions_floor_spawned":[2,4,6,14,16,20,22,29,30],"killed_by":"Book of Stabbing","ascension_level":3}}