{"host":"kiauivt48syq9iz6","time":1609180924,"event":{"mods":["BaseMod","Conspire","Downfall","Hermit","Minty Spire (QoL Compilation)","Replay The Spire","SIMod","StSLib","The Animator","The Construct","The Cursed","The Runesmith","The Servant 0.9.4"],"gold_per_floor":[153,168,168,184,200,225,225,225,239,259,259,5,23,8,20,121,121,121,136,153,153,5,34,59,59,77,83,83,83],"floor_reached":27,"playtime":1925,"items_purged":[],"score":240,"play_id":"996730ec-9987-4ed9-99c5-2179e03fe131","local_time":"20201228114204","is_ascension_mode":false,"campfire_choices":[{"floor":8,"key":"REST"},{"floor":11,"key":"REST"},{"data":"conspire:Banana","floor":18,"key":"SMITH"},{"floor":25,"key":"REST"}],"circlet_count":0,"master_deck":["champ:Strike","champ:Strike","champ:Strike","champ:Strike","champ:Defend+1","champ:Defend","champ:Defend","champ:Defend","champ:Execute","champ:Taunt","champ:FalseCounter","champ:Backstep","champ:FocusedDefense","champ:DefensiveShout","champ:TornadoPunch","champ:BringItOn","champ:Devastate","conspire:Banana+1","champ:TornadoPunch","champ:CalledShot","champ:Circumvent","champ:IgnorePain","champ:Haymaker+1","Shame","champ:GladiatorStyle+1","champ:IronFortress","Replay:SS_forest_5","Replay:SS_forest_5","ReplayTheSpireMod:Splinters","champ:BringItOn+1","champ:DeathBlow"],"relics":["champ:ChampionCrown","Runesmith:Locket","construct:BoolHorns","champ:BerserkersGuideToSlaughter","conspire:SlowCooker","Blue Doll","Bird Faced Urn","Replay:Bandana"],"acts_visited":["Exordium","TheCity"],"potions_floor_usage":[6,16,16,27],"damage_taken":[{"damage":13,"enemies":"Small Slimes","floor":2,"turns":4},{"damage":6,"enemies":"2 Louse","floor":4,"turns":4},{"damage":26,"enemies":"Jaw Worm","floor":5,"turns":5},{"damage":32,"enemies":"Lagavulin","floor":6,"turns":8},{"damage":23,"enemies":"Exordium Thugs","floor":9,"turns":5},{"damage":11,"enemies":"Lots of Slimes","floor":10,"turns":5},{"damage":0,"enemies":"downfall:FleeingMerchant","floor":12,"turns":4},{"damage":0,"enemies":"3 Louse","floor":13,"turns":1},{"damage":9,"enemies":"downfall:FleeingMerchant","floor":14,"turns":4},{"damage":11,"enemies":"Large Slime","floor":15,"turns":5},{"damage":68,"enemies":"downfall:Silent","floor":16,"turns":20},{"damage":26,"enemies":"Chosen","floor":19,"turns":7},{"damage":28,"enemies":"Spheric Guardian","floor":20,"turns":7},{"damage":16,"enemies":"downfall:FleeingMerchant","floor":22,"turns":4},{"damage":18,"enemies":"conspire:HollyBat","floor":26,"turns":11},{"damage":80,"enemies":"Slavers","floor":27,"turns":4}],"seed_played":"-4086474512401363411","potions_obtained":[{"floor":4,"key":"champ:CounterPotion"},{"floor":6,"key":"Adrenaline Potion"},{"floor":10,"key":"Doom Potion"},{"floor":15,"key":"Dexterity Potion"},{"floor":16,"key":"Guardian:BlockOnCardUsePotion"}],"is_trial":false,"path_per_floor":["R","M","?","M","M","E","T","R","M","M","R","$","M","$","M","B",null,"R","M","M","?","$","?","T","R","M","E"],"character_chosen":"THE_CHAMP","items_purchased":["champ:BerserkersGuideToSlaughter","conspire:Banana","champ:IronFortress","Replay:SS_forest_5"],"campfire_rested":3,"item_purchase_floors":[12,12,22,22],"current_hp_per_floor":[99,96,96,95,79,52,52,81,63,52,81,81,82,79,69,13,103,103,82,61,61,47,47,47,79,69,0,0,0],"gold":83,"neow_bonus":"TEN_PERCENT_HP_BONUS","is_daily":false,"chose_seed":false,"campfire_upgraded":1,"win_rate":0.0,"timestamp":1609180924,"path_taken":["R","M","?","M","M","E","T","R","M","M","R","$","M","$","M","BOSS","R","M","M","?","$","?","T","R","?","E"],"items_purchased_type":["Relic","Card","Card","Card"],"build_version":"2020-12-22","purchased_purges":0,"victory":false,"max_hp_per_floor":[99,99,99,99,99,99,99,99,99,99,99,99,100,101,102,103,103,103,105,107,107,109,109,109,109,111,113,113,113],"card_choices":[{"not_picked":["champ:BerserkersShout","champ:PerfectedStrike"],"picked":"champ:FalseCounter","floor":2},{"not_picked":["champ:BladeFlurry","champ:BerserkersShout"],"picked":"champ:Backstep","floor":4},{"not_picked":["champ:FanOfKnives","champ:PerfectedStrike"],"picked":"champ:FocusedDefense","floor":5},{"not_picked":["champ:GutPunch","champ:BerserkersShout"],"picked":"champ:DefensiveShout","floor":6},{"not_picked":["champ:BladeFlurry","champ:DefensiveShout"],"picked":"champ:TornadoPunch","floor":9},{"not_picked":["champ:DefensiveShout","champ:TornadoPunch"],"picked":"champ:BringItOn","floor":10},{"not_picked":["champ:GutPunch","champ:Haymaker"],"picked":"champ:Devastate","floor":12},{"not_picked":["champ:GladiatorsShout","champ:FaceSlap"],"picked":"champ:TornadoPunch","floor":13},{"not_picked":["champ:StanceDance","champ:BladeFlurry"],"picked":"champ:CalledShot","floor":14},{"not_picked":["champ:BladeFlurry","champ:BringItOn"],"picked":"champ:Circumvent","floor":15},{"not_picked":["champ:PerfectForm","champ:CrownThrow"],"picked":"champ:IgnorePain","floor":16},{"not_picked":["champ:RapidStrikes","champ:Haymaker","champ:Shatter"],"picked":"SKIP","floor":19},{"not_picked":["champ:FocusedDefense","champ:GutPunch+1"],"picked":"champ:Haymaker+1","floor":20},{"not_picked":["champ:PerfectedStrike+1","champ:Haymaker"],"picked":"champ:GladiatorStyle+1","floor":22},{"not_picked":["champ:StanceDance","champ:BerserkersShout"],"picked":"champ:BringItOn+1","floor":23},{"not_picked":["champ:GladiatorStyle","champ:FightOn"],"picked":"champ:DeathBlow","floor":26}],"player_experience":108582,"relics_obtained":[{"floor":6,"key":"Runesmith:Locket"},{"floor":7,"key":"construct:BoolHorns"},{"floor":23,"key":"Bird Faced Urn"},{"floor":24,"key":"Replay:Bandana"}],"event_choices":[{"damage_healed":0,"gold_gain":0,"player_choice":"Stole Relic","damage_taken":0,"relics_obtained":["Blue Doll"],"max_hp_gain":0,"max_hp_loss":0,"event_name":"Addict","floor":21,"gold_loss":0,"cards_obtained":["Shame"]}],"is_beta":false,"boss_relics":[{"not_picked":["Astrolabe","ReplayTheSpireMod:DimensionalGlitch"],"picked":"conspire:SlowCooker"}],"items_purged_floors":[],"is_endless":false,"potions_floor_spawned":[4,6,10,15,16],"killed_by":"Slavers","ascension_level":0}}