{"host":"jksa5rawk3m4gilz","time":1609177207,"event":{"mods":["BaseMod","Colored Map","Highlight Path","Minty Spire (QoL Compilation)","Quick Restart"],"gold_per_floor":[17,17,27,47,66,66,94,94,94,128,203,203,219,257,257,350,350,375,375,394,414,428,428,428],"floor_reached":23,"playtime":822,"items_purged":[],"score":345,"play_id":"32e70567-6839-42b2-bf4d-5879ae0eafe4","local_time":"20201228184007","is_ascension_mode":true,"campfire_choices":[{"data":"Skewer","floor":6,"key":"SMITH"},{"floor":12,"key":"REST"},{"floor":15,"key":"REST"}],"circlet_count":0,"master_deck":["AscendersBane","Strike_G","Strike_G","Strike_G","Defend_G","Defend_G","Defend_G","Defend_G","Defend_G","Survivor","Neutralize","Slice","Glass Knife","Skewer+1","Corpse Explosion","Deflect","All Out Attack","Heel Hook+1","Backstab+1","Sucker Punch+1","Doppelganger","Dagger Spray+1","Writhe","Dagger Spray+1","Adrenaline"],"relics":["Ring of the Snake","Mummified Hand","Pantograph","Golden Idol","Molten Egg 2","Odd Mushroom","The Courier","Black Star","Akabeko"],"acts_visited":["Exordium","TheCity"],"potions_floor_usage":[23,23],"damage_taken":[{"damage":4,"enemies":"Small Slimes","floor":1,"turns":3},{"damage":0,"enemies":"Cultist","floor":3,"turns":2},{"damage":0,"enemies":"Jaw Worm","floor":4,"turns":4},{"damage":0,"enemies":"2 Fungi Beasts","floor":5,"turns":2},{"damage":13,"enemies":"3 Sentries","floor":7,"turns":3},{"damage":2,"enemies":"The Mushroom Lair","floor":10,"turns":3},{"damage":0,"enemies":"3 Louse","floor":13,"turns":2},{"damage":8,"enemies":"Gremlin Nob","floor":14,"turns":3},{"damage":43,"enemies":"The Guardian","floor":16,"turns":13},{"damage":0,"enemies":"3 Byrds","floor":18,"turns":2},{"damage":34,"enemies":"Shell Parasite","floor":20,"turns":5},{"damage":2,"enemies":"Sentry and Sphere","floor":21,"turns":3},{"damage":13,"enemies":"Chosen and Byrds","floor":22,"turns":6},{"damage":15,"enemies":"Gremlin Leader","floor":23,"turns":4}],"seed_played":"1748938157033899815","potions_obtained":[{"floor":1,"key":"SmokeBomb"},{"floor":10,"key":"CultistPotion"},{"floor":14,"key":"SpeedPotion"},{"floor":20,"key":"Energy Potion"}],"is_trial":false,"path_per_floor":["M","?","M","M","M","R","E","?","T","?","?","R","M","E","R","B",null,"M","?","M","M","M","E"],"character_chosen":"THE_SILENT","items_purchased":[],"campfire_rested":2,"item_purchase_floors":[],"current_hp_per_floor":[55,55,55,55,55,55,42,26,26,24,13,32,32,24,43,23,55,55,55,21,19,6,0,0],"gold":428,"neow_bonus":"TRANSFORM_TWO_CARDS","is_daily":false,"chose_seed":false,"campfire_upgraded":1,"win_rate":0.0,"timestamp":1609177207,"path_taken":["M","?","M","M","?","R","E","?","T","?","?","R","M","E","R","BOSS","M","?","M","M","M","E"],"items_purchased_type":[],"build_version":"2020-12-22","purchased_purges":0,"victory":false,"max_hp_per_floor":[66,66,66,66,66,66,66,66,66,66,66,66,66,66,66,66,66,66,66,66,66,66,66,66],"card_choices":[{"not_picked":["Quick Slash","PiercingWail"],"picked":"Skewer","floor":1},{"not_picked":["Prepared","Outmaneuver"],"picked":"Corpse Explosion","floor":3},{"not_picked":["Accuracy","Choke","Dagger Throw"],"picked":"SKIP","floor":4},{"not_picked":["Finisher","Poisoned Stab"],"picked":"Deflect","floor":5},{"not_picked":["Endless Agony","Acrobatics"],"picked":"All Out Attack","floor":7},{"not_picked":["Choke+1","Eviscerate+1"],"picked":"Heel Hook+1","floor":10},{"not_picked":["Slice+1","Backflip"],"picked":"Backstab+1","floor":13},{"not_picked":["Acrobatics","Flechettes+1"],"picked":"Sucker Punch+1","floor":14},{"not_picked":["Corpse Explosion","A Thousand Cuts"],"picked":"Doppelganger","floor":16},{"not_picked":["Dodge and Roll+1","Bane+1"],"picked":"Dagger Spray+1","floor":18},{"not_picked":["Dodge and Roll","Concentrate"],"picked":"Dagger Spray+1","floor":20},{"not_picked":["Slice+1","PiercingWail"],"picked":"Adrenaline","floor":21},{"not_picked":["Backflip","Prepared","Reflex"],"picked":"SKIP","floor":22}],"player_experience":2082651,"relics_obtained":[{"floor":7,"key":"Pantograph"},{"floor":9,"key":"Molten Egg 2"},{"floor":10,"key":"Odd Mushroom"},{"floor":14,"key":"The Courier"}],"event_choices":[{"damage_healed":0,"gold_gain":0,"player_choice":"Gave Potion","damage_taken":0,"relics_obtained":["Mummified Hand"],"max_hp_gain":0,"max_hp_loss":0,"event_name":"WeMeetAgain","floor":2,"gold_loss":0},{"damage_healed":0,"gold_gain":0,"player_choice":"Take Damage","damage_taken":16,"relics_obtained":["Golden Idol"],"max_hp_gain":0,"max_hp_loss":0,"event_name":"Golden Idol","floor":8,"gold_loss":0},{"damage_healed":0,"gold_gain":0,"player_choice":"Fought Mushrooms","damage_taken":0,"max_hp_gain":0,"max_hp_loss":0,"event_name":"Mushrooms","floor":10,"gold_loss":0},{"damage_healed":0,"gold_gain":75,"player_choice":"Gather Gold","damage_taken":11,"max_hp_gain":0,"max_hp_loss":0,"event_name":"World of Goop","floor":11,"gold_loss":0},{"damage_healed":0,"gold_gain":0,"player_choice":"Opened","damage_taken":0,"relics_obtained":["Akabeko"],"max_hp_gain":0,"max_hp_loss":0,"event_name":"The Mausoleum","floor":19,"gold_loss":0,"cards_obtained":["Writhe"]}],"is_beta":false,"boss_relics":[{"not_picked":["Tiny House","Sozu"],"picked":"Black Star"}],"items_purged_floors":[],"is_endless":false,"potions_floor_spawned":[1,10,14,20],"killed_by":"Gremlin Leader","ascension_level":14}}