{"host":"98ajcw3do3zsggh8","time":1609191964,"event":{"mods":["BaseMod","Minty Spire (QoL Compilation)","Replay The Spire","StSLib"],"gold_per_floor":[111,130,130,144,160,160,160,189,189,200,217,233,36,56,56,158,158,168,168,108,108,120,149,149,149,149],"floor_reached":25,"playtime":603,"items_purged":[],"score":315,"play_id":"e4374fc9-d603-4666-a345-29dd2ee2b4e8","local_time":"20201228224604","is_ascension_mode":true,"campfire_choices":[{"data":"Eruption","floor":6,"key":"SMITH"},{"data":"Apotheosis","floor":15,"key":"SMITH"},{"data":"Devotion","floor":24,"key":"SMITH"}],"circlet_count":0,"master_deck":["Strike_P","Strike_P","Strike_P","Strike_P","Defend_P","Defend_P","Defend_P","Defend_P","Eruption+1","Vigilance","CrushJoints","SignatureMove+1","Wallop","Consecrate","Apotheosis+1","Brilliance","Sickly","Devotion+1"],"relics":["PureWater","NeowsBlessing","Divine Protection","White Beast Statue","Black Star","Ring of Fury","ReplayTheSpireMod:Ring of Addiction","Potion Belt","SacredBark","Strawberry","The Courier"],"acts_visited":["Exordium","TheCity"],"potions_floor_usage":[5,8,8,10,11,22,23,23],"damage_taken":[{"damage":0,"enemies":"2 Louse","floor":1,"turns":1},{"damage":0,"enemies":"Cultist","floor":2,"turns":1},{"damage":0,"enemies":"Jaw Worm","floor":4,"turns":1},{"damage":0,"enemies":"Gremlin Gang","floor":5,"turns":3},{"damage":19,"enemies":"Gremlin Nob","floor":8,"turns":3},{"damage":20,"enemies":"Blue Slaver","floor":10,"turns":4},{"damage":0,"enemies":"3 Louse","floor":11,"turns":1},{"damage":1,"enemies":"2 Fungi Beasts","floor":12,"turns":3},{"damage":7,"enemies":"Exordium Thugs","floor":14,"turns":3},{"damage":0,"enemies":"Fading Forest","floor":16,"turns":11},{"damage":7,"enemies":"Spheric Guardian","floor":18,"turns":3},{"damage":0,"enemies":"3 Byrds","floor":22,"turns":2},{"damage":0,"enemies":"Gremlin Leader","floor":23,"turns":4}],"seed_played":"1289066582267130434","potions_obtained":[{"floor":3,"key":"Explosive Potion"},{"floor":3,"key":"Explosive Potion"},{"floor":3,"key":"AttackPotion"},{"floor":5,"key":"Weak Potion"},{"floor":8,"key":"Regen Potion"},{"floor":10,"key":"Block Potion"},{"floor":11,"key":"BottledMiracle"},{"floor":12,"key":"AttackPotion"},{"floor":18,"key":"Doom Potion"},{"floor":19,"key":"LiquidBronze"},{"floor":19,"key":"CultistPotion"},{"floor":22,"key":"Fire Potion"},{"floor":23,"key":"ColorlessPotion"}],"is_trial":false,"path_per_floor":["M","M","?","M","M","R","?","E","T","M","M","M","$","M","R","B",null,"M","?","?","?","M","E","R","E"],"character_chosen":"WATCHER","items_purchased":["Apotheosis"],"campfire_rested":0,"item_purchase_floors":[13],"current_hp_per_floor":[72,72,72,72,72,72,72,53,53,45,45,44,44,37,37,47,72,65,65,65,52,52,59,59,0,0],"gold":149,"neow_bonus":"THREE_ENEMY_KILL","is_daily":false,"chose_seed":false,"campfire_upgraded":3,"win_rate":0.0,"timestamp":1609191964,"path_taken":["M","M","?","?","M","R","?","E","T","?","M","M","$","M","R","BOSS","M","?","?","?","?","E","R","E"],"items_purchased_type":["Card"],"build_version":"2020-12-22","purchased_purges":0,"victory":false,"max_hp_per_floor":[72,72,72,72,72,72,72,72,72,72,72,72,72,72,72,72,72,72,72,72,77,77,84,84,84,84],"card_choices":[{"not_picked":["Replay:AtTheReady","Nirvana"],"picked":"CrushJoints","floor":1},{"not_picked":["Halt","Crescendo"],"picked":"SignatureMove","floor":2},{"not_picked":["Protect","MentalFortress","Replay:Battleflow"],"picked":"SKIP","floor":4},{"not_picked":["Evaluate","Replay:BluntJabs","Sanctity"],"picked":"SKIP","floor":5},{"not_picked":["ThirdEye","ForeignInfluence","Prostrate"],"picked":"SKIP","floor":8},{"not_picked":["Evaluate","SashWhip"],"picked":"Wallop","floor":10},{"not_picked":["CutThroughFate","PathToVictory"],"picked":"Consecrate","floor":11},{"not_picked":["Halt","Replay:AtTheReady","Consecrate"],"picked":"SKIP","floor":12},{"not_picked":["ClearTheMind","Replay:Vibes","SashWhip"],"picked":"SKIP","floor":14},{"not_picked":["Vault","Replay:LoomingThreat"],"picked":"Brilliance","floor":16},{"not_picked":["Prostrate+1","Replay:BluntJabs","ThirdEye+1"],"picked":"SKIP","floor":18},{"not_picked":["Crescendo","Prostrate","BattleHymn"],"picked":"SKIP","floor":22},{"not_picked":["PathToVictory","FollowUp"],"picked":"Devotion","floor":23}],"player_experience":289011,"relics_obtained":[{"floor":8,"key":"Divine Protection"},{"floor":9,"key":"White Beast Statue"},{"floor":19,"key":"Ring of Fury"},{"floor":19,"key":"ReplayTheSpireMod:Ring of Addiction"},{"floor":19,"key":"Potion Belt"},{"floor":19,"key":"SacredBark"},{"floor":23,"key":"Strawberry"},{"floor":23,"key":"The Courier"}],"event_choices":[{"damage_healed":0,"gold_gain":0,"player_choice":"Got Potions","damage_taken":0,"max_hp_gain":0,"max_hp_loss":0,"event_name":"Lab","floor":3,"gold_loss":0},{"damage_healed":0,"gold_gain":0,"player_choice":"Upgraded","damage_taken":0,"max_hp_gain":0,"max_hp_loss":0,"event_name":"Upgrade Shrine","floor":7,"gold_loss":0,"cards_upgraded":["SignatureMove"]},{"damage_healed":0,"gold_gain":0,"player_choice":"Shed Blood","damage_taken":18,"max_hp_gain":5,"max_hp_loss":0,"event_name":"Forgotten Altar","floor":21,"gold_loss":0}],"is_beta":false,"boss_relics":[{"not_picked":["HolyWater","Replay:Drink Me"],"picked":"Black Star"}],"items_purged_floors":[],"is_endless":false,"potions_floor_spawned":[5,8,10,11,12,14,16,18,22,23],"killed_by":"Replay:Snechameleon","ascension_level":1}}