{"host":"98ajcw3do3zsggh8","time":1609199903,"event":{"mods":["BaseMod","Minty Spire (QoL Compilation)","Replay The Spire","StSLib"],"gold_per_floor":[110,308,318,28,41,71,83,94,94,126,146,146,146,196,196,296,296,314,2,19,19,29,29,29],"floor_reached":23,"playtime":781,"items_purged":["Delirium"],"score":238,"play_id":"c4558fb0-c331-4484-9a63-1c5d812f2383","local_time":"20201229005823","is_ascension_mode":true,"campfire_choices":[{"data":"Eruption","floor":13,"key":"SMITH"},{"data":"SandsOfTime","floor":15,"key":"SMITH"}],"circlet_count":0,"master_deck":["Strike_P+1","Strike_P","Strike_P+1","Strike_P","Defend_P","Defend_P","Defend_P","Defend_P","Eruption+1","Vigilance","Omniscience","SandsOfTime+1","CutThroughFate+1","Spreading Infection","Ragnarok","Apotheosis"],"relics":["VioletLotus","ReplayTheSpireMod:TigerMarble","Singing Bowl","Pantograph","ReplayTheSpireMod:Ninjato","Ring of Greed","Ring of Misfortune","The Courier","Tiny Chest","Replay:Bronze Core","Simple Rune"],"acts_visited":["Exordium","TheCity"],"potions_floor_usage":[8,16,18,23],"damage_taken":[{"damage":0,"enemies":"Jaw Worm","floor":1,"turns":3},{"damage":7,"enemies":"2 Louse","floor":3,"turns":3},{"damage":0,"enemies":"Cultist","floor":5,"turns":2},{"damage":36,"enemies":"Lagavulin","floor":6,"turns":4},{"damage":7,"enemies":"Exordium Thugs","floor":7,"turns":3},{"damage":0,"enemies":"Large Slime","floor":8,"turns":5},{"damage":8,"enemies":"Gremlin Nob","floor":10,"turns":3},{"damage":2,"enemies":"3 Louse","floor":11,"turns":2},{"damage":16,"enemies":"The Guardian","floor":16,"turns":10},{"damage":12,"enemies":"2 Thieves","floor":18,"turns":2},{"damage":10,"enemies":"Chosen","floor":20,"turns":3},{"damage":0,"enemies":"Snecko","floor":22,"turns":2},{"damage":70,"enemies":"Book of Stabbing","floor":23,"turns":4}],"seed_played":"1769083921057738798","potions_obtained":[{"floor":6,"key":"Adrenaline Potion"},{"floor":8,"key":"Fire Potion"},{"floor":10,"key":"ColorlessPotion"},{"floor":11,"key":"SpeedPotion"},{"floor":16,"key":"Strength Potion"},{"floor":22,"key":"Fire Potion"}],"is_trial":false,"path_per_floor":["M","?","M","$","M","E","M","M","T","E","M","?","R","?","R","B",null,"M","$","M","?","M","E"],"character_chosen":"WATCHER","items_purchased":["ReplayTheSpireMod:TigerMarble","Omniscience","Apotheosis","Simple Rune"],"campfire_rested":0,"item_purchase_floors":[4,4,19,19],"current_hp_per_floor":[72,72,65,65,65,31,26,28,28,22,22,22,22,22,22,31,82,72,72,64,64,66,0,0],"gold":29,"neow_bonus":"BOSS_RELIC","is_daily":false,"chose_seed":false,"campfire_upgraded":2,"win_rate":0.0,"timestamp":1609199903,"path_taken":["M","?","M","?","M","E","M","?","T","E","M","?","R","?","R","BOSS","M","$","M","?","M","E"],"items_purchased_type":["Relic","Card","Card","Relic"],"build_version":"2020-12-22","purchased_purges":1,"victory":false,"max_hp_per_floor":[72,72,72,72,72,74,76,78,78,80,82,82,82,82,82,82,82,84,84,86,86,88,88,88],"card_choices":[{"not_picked":["JustLucky","EmptyBody","Protect"],"picked":"SKIP","floor":1},{"not_picked":["EmptyFist","Fasting2"],"picked":"CarveReality","floor":3},{"not_picked":["Prostrate","EmptyBody"],"picked":"SandsOfTime","floor":5},{"not_picked":["WheelKick","Crescendo","Meditate"],"picked":"Singing Bowl","floor":6},{"not_picked":["Devotion","ThirdEye","JustLucky"],"picked":"Singing Bowl","floor":7},{"not_picked":["Fasting2","Weave","Halt"],"picked":"Singing Bowl","floor":8},{"not_picked":["WindmillStrike","ReachHeaven","Collect"],"picked":"Singing Bowl","floor":10},{"not_picked":["CrushJoints","Replay:ManipulateFuture","DeceiveReality"],"picked":"Singing Bowl","floor":11},{"not_picked":["Replay:AllIn","DeusExMachina"],"picked":"Ragnarok","floor":16},{"not_picked":["Prostrate+1","CrushJoints","EmptyFist"],"picked":"Singing Bowl","floor":18},{"not_picked":["Replay:Hum","Wireheading","FlurryOfBlows"],"picked":"Singing Bowl","floor":20},{"not_picked":["PathToVictory","Replay:ManipulateFuture","ThirdEye"],"picked":"Singing Bowl","floor":22}],"player_experience":291512,"relics_obtained":[{"floor":6,"key":"Singing Bowl"},{"floor":9,"key":"Pantograph"},{"floor":10,"key":"ReplayTheSpireMod:Ninjato"},{"floor":14,"key":"Ring of Greed"},{"floor":14,"key":"Ring of Misfortune"},{"floor":14,"key":"The Courier"},{"floor":14,"key":"Tiny Chest"}],"event_choices":[],"is_beta":false,"boss_relics":[{"not_picked":["Snecko Eye","Replay:Drink Me"],"picked":"Replay:Bronze Core"}],"items_purged_floors":[19],"is_endless":false,"potions_floor_spawned":[6,8,10,11,16,22],"killed_by":"Book of Stabbing","ascension_level":1}}