{"host":"nlt3cun66idbuazp","time":1609181299,"event":{"mods":["2.2 Compatiblity","Act Like it!","Aspiration","BaseMod","Better Altar","Better Match","Better Skull","Better Third Choice","BetterRewards","Downfall","Grow up Mod","Hermit","Hubris","Jorbs\u0027s Wanderer Trilogy","Koishi","Minty Spire (QoL Compilation)","Prisma Mod","Rare Cards Sparkle","Remove Card Discount Mod","Shade Mod","Spicy Shops","StSLib","The Animator","The Construct","The Disciple","The Gatherer","The Marked","vexMod"],"gold_per_floor":[99,112,126,136,3136,3136,3136,3086,3114,3129,3129,3141,3091,3104,3122,3219,3219,3169,3181,3181,3194,3207,3207,3207,3242,3252,3252,3280,3280,3295,3314,3326,3430,3430,3380,3394,3394,3406,3441,3458,3458,3473,2635,2635,2647,2695,2713,2726,2746,2764],"floor_reached":51,"playtime":2328,"items_purged":["vexMod:UltimateCard"],"score":1003,"play_id":"73af57fe-b2e6-46c5-876c-9b535fc92c68","local_time":"20201228134819","is_ascension_mode":false,"campfire_choices":[{"floor":1,"key":"RECALL"},{"data":"Slimebound:CorrosiveSpit","floor":8,"key":"SMITH"},{"data":"Slimebound:Split","floor":13,"key":"SMITH"},{"data":"Slimebound:SplitMire","floor":18,"key":"SMITH"},{"data":"construct:ClockworkEgg","floor":35,"key":"SMITH"}],"circlet_count":0,"master_deck":["Slimebound:Tackle","Slimebound:Split+1","Slimebound:CorrosiveSpit+1","Slimebound:MassFeed","Slimebound:Gluttony","Slimebound:LeadByExample","Slimebound:SplitAcid","Slimebound:LevelUp","Slimebound:RollThrough","Slimebound:SplitLeeching","Slimebound:SplitMire+1","Slimebound:Schlurp","Slimebound:MinionMaster","Slimebound:Prepare+1","Slimebound:GrowthPunch+1","Slimebound:ViciousTackle+1","Slimebound:Replication","Insight","Slimebound:SlimeSlap","Slimebound:SlimeBarrage","Slimebound:SpikyOuterGoop","Slimebound:SplitAcid","Slimebound:SelfFormingGoo+1","Slimebound:RollThrough+1","Shade:SanguineRitual","construct:ClockworkEgg+1","Slimebound:LeechLife","Slimebound:GoopSpray","Slimebound:OneTwoCombo","Slimebound:SlimeSpikes","Gatherer:FruitForce","Gatherer:FruitForce","Slimebound:RainOfGoop","stsjorbsmod:Flame+1","PrismaMod:MiyuCheapChannelDefend+1","Pride","Discovery","Pain","hexamod:ThirdSeal","expansioncontent:CaCaw+1","sneckomod:UnknownClassGUARDIAN+1","Gatherer:CollectorsShot"],"relics":["Slimebound:AbsorbEndCombat","Slimebound:GreedOozeRelic","FossilizedHelix","Blue Candle","Astrolabe","Nilry\u0027s Codex","Bronze Scales","vexMod:ConsolationPrize","Frozen Egg 2","PrismaticShard","Pandora\u0027s Box","hubris:AstralHammer","Strawberry","Vajra","ClockworkSouvenir","vexMod:Cooldron","construct:RocketBooster","hubris:DeckOfHolding","WarpedTongs"],"acts_visited":["Exordium","TheCity","TheBeyond"],"potions_floor_usage":[16,16,25,43,50,50,50,50,50],"damage_taken":[{"damage":8,"enemies":"Jaw Worm","floor":2,"turns":3},{"damage":17,"enemies":"Small Slimes","floor":3,"turns":4},{"damage":0,"enemies":"Cultist","floor":4,"turns":1},{"damage":0,"enemies":"Gremlin Nob","floor":9,"turns":1},{"damage":0,"enemies":"2 Fungi Beasts","floor":10,"turns":1},{"damage":0,"enemies":"Gremlin Gang","floor":12,"turns":1},{"damage":1,"enemies":"Blue Slaver","floor":14,"turns":1},{"damage":0,"enemies":"Exordium Thugs","floor":15,"turns":1},{"damage":46,"enemies":"downfall:Ironclad","floor":16,"turns":4},{"damage":0,"enemies":"Spheric Guardian","floor":19,"turns":1},{"damage":0,"enemies":"Chosen and Byrds","floor":21,"turns":1},{"damage":0,"enemies":"Centurion and Healer","floor":22,"turns":1},{"damage":43,"enemies":"Slavers","floor":25,"turns":3},{"damage":0,"enemies":"3 Cultists","floor":26,"turns":1},{"damage":0,"enemies":"Book of Stabbing","floor":28,"turns":1},{"damage":0,"enemies":"Snake Plant","floor":30,"turns":1},{"damage":0,"enemies":"Chosen and Byrds","floor":31,"turns":1},{"damage":0,"enemies":"3 Cultists","floor":32,"turns":1},{"damage":0,"enemies":"downfall:Defect","floor":33,"turns":1},{"damage":0,"enemies":"Orb Walker","floor":36,"turns":1},{"damage":0,"enemies":"3 Shapes","floor":38,"turns":1},{"damage":21,"enemies":"Writhing Mass","floor":39,"turns":3},{"damage":0,"enemies":"4 Shapes","floor":40,"turns":1},{"damage":0,"enemies":"Transient","floor":42,"turns":1},{"damage":24,"enemies":"downfall:FleeingMerchant","floor":43,"turns":3},{"damage":0,"enemies":"Maw","floor":45,"turns":1},{"damage":31,"enemies":"Writhing Mass","floor":46,"turns":2},{"damage":0,"enemies":"3 Darklings","floor":47,"turns":1},{"damage":0,"enemies":"Maw","floor":48,"turns":1},{"damage":0,"enemies":"Spire Growth","floor":49,"turns":1},{"damage":18,"enemies":"downfall:Watcher","floor":50,"turns":4}],"seed_played":"5014256457383586850","potions_obtained":[{"floor":3,"key":"Slimebound:SlimedPotion"},{"floor":10,"key":"Explosive Potion"},{"floor":15,"key":"Slimebound:SlimedPotion"},{"floor":19,"key":"sneckomod:MuddlingPotion"},{"floor":28,"key":"BlessingOfTheForge"},{"floor":30,"key":"sneckomod:MuddlingPotion"},{"floor":33,"key":"Block Potion"},{"floor":39,"key":"PowerPotion"},{"floor":45,"key":"EntropicBrew"},{"floor":46,"key":"EntropicBrew"}],"is_trial":false,"path_per_floor":["R","M","M","M","?","?","T","R","E","M","?","M","R","M","M","B",null,"R","M","?","M","M","?","T","E","M","?","E","?","M","M","M","B",null,"R","M","?","M","M","M","T","M","$","?","M","M","M","M","M","B",null],"character_chosen":"SLIMEBOUND","items_purchased":["Strawberry","Vajra","ClockworkSouvenir","vexMod:Cooldron","construct:RocketBooster","hubris:DeckOfHolding","Discovery"],"campfire_rested":0,"item_purchase_floors":[43,43,43,43,43,43,43],"current_hp_per_floor":[80,90,92,102,112,122,132,142,152,162,169,179,189,202,212,206,246,256,266,276,286,296,290,300,285,295,339,349,351,361,371,381,391,416,426,440,454,464,459,469,479,489,504,514,524,509,519,529,539,559],"gold":2764,"neow_bonus":"THREE_RARE_CARDS","is_daily":false,"chose_seed":false,"campfire_upgraded":4,"win_rate":0.0,"timestamp":1609181299,"path_taken":["R","M","M","M","?","?","T","R","E","M","?","?","R","M","M","BOSS","R","?","?","M","M","?","T","E","M","?","E","?","M","M","M","BOSS","R","M","?","M","M","?","T","M","$","?","M","M","M","M","M","BOSS"],"items_purchased_type":["Relic","Relic","Relic","Relic","Relic","Relic","Card"],"build_version":"2020-12-22","purchased_purges":1,"victory":true,"max_hp_per_floor":[80,93,106,116,126,136,146,156,166,176,186,196,206,216,226,236,246,256,266,276,286,296,306,316,326,336,346,356,366,376,386,396,406,416,426,440,454,464,474,484,494,504,521,531,541,551,561,571,581,591],"card_choices":[{"not_picked":["Slimebound:MassRepurpose","Slimebound:RallyTheTroops"],"picked":"Slimebound:MassFeed","floor":0},{"not_picked":["Slimebound:Schlurp","Slimebound:GoopSpray"],"picked":"Slimebound:Gluttony","floor":2},{"not_picked":["Slimebound:FinishingTackle","Slimebound:GrowthPunch"],"picked":"Slimebound:LeadByExample","floor":3},{"not_picked":["Slimebound:LevelUp","Slimebound:SpikyOuterGoop"],"picked":"Slimebound:SplitAcid","floor":4},{"not_picked":["Slimebound:Gluttony","Slimebound:ComboTackle"],"picked":"Slimebound:LevelUp","floor":9},{"not_picked":["Slimebound:GoopSpray","Slimebound:MassFeed"],"picked":"Slimebound:RollThrough","floor":10},{"not_picked":["Slimebound:Repurpose","Slimebound:LeechEnergy"],"picked":"Slimebound:SplitLeeching","floor":12},{"not_picked":["Slimebound:Dissolve","Slimebound:FinishingTackle"],"picked":"Slimebound:SplitMire","floor":14},{"not_picked":["Slimebound:FinishingTackle","Slimebound:LeechingTouch"],"picked":"Slimebound:Schlurp","floor":15},{"not_picked":["Slimebound:WasteNot","Slimebound:Teamwork"],"picked":"Slimebound:MinionMaster","floor":16},{"not_picked":["Slimebound:GrowthPunch+1","Slimebound:LeechEnergy"],"picked":"Slimebound:Replication","floor":19},{"not_picked":["Slimebound:LeechEnergy","Slimebound:SlimeSpikes"],"picked":"Slimebound:SlimeSlap","floor":21},{"not_picked":["Slimebound:ViciousTackle","Slimebound:PressTheAttack"],"picked":"Slimebound:SlimeBarrage","floor":22},{"not_picked":["Slimebound:LeechLife","Slimebound:LeechEnergy"],"picked":"Slimebound:SpikyOuterGoop","floor":25},{"not_picked":["Slimebound:FinishingTackle","Slimebound:Replication+1"],"picked":"Slimebound:SplitAcid","floor":26},{"not_picked":["Slimebound:Replication","Slimebound:ForwardTackle+1"],"picked":"Slimebound:SelfFormingGoo+1","floor":28},{"not_picked":["Slimebound:GoopTackle","Slimebound:LeechEnergy"],"picked":"Slimebound:RollThrough+1","floor":29},{"not_picked":["hermit:FullyLoaded","ShortSighted","construct:Boost"],"picked":"SKIP","floor":30},{"not_picked":["construct:ScrapCannon+1","champ:SkillfulDodge+1","animator:Shuna"],"picked":"SKIP","floor":31},{"not_picked":["Slimebound:LeechingTouch","PrismaMod:MiyuChristmas"],"picked":"Shade:SanguineRitual","floor":32},{"not_picked":["hermit:HighNoon+1","sneckomod:DangerNoodle"],"picked":"construct:ClockworkEgg","floor":33},{"not_picked":["PrismaMod:IllyaMinorReinForce+1","Sucker Punch"],"picked":"Gatherer:FruitForce","floor":36},{"not_picked":["Dagger Throw+1","animator:DwarfShaman"],"picked":"Slimebound:RainOfGoop","floor":38},{"not_picked":["EmptyBody","Guardian:PrimingBeam"],"picked":"stsjorbsmod:Flame+1","floor":39},{"not_picked":["hermit:NoHoldsBarred","Guardian:Recover+1","stsjorbsmod:Godsbane"],"picked":"SKIP","floor":40},{"not_picked":["stsjorbsmod:DisguiseSelf","animator:Hitei+1","Prepared+1"],"picked":"SKIP","floor":42},{"not_picked":["animator:Urushihara","PrismaMod:IllyaCheapAttack"],"picked":"PrismaMod:MiyuCheapChannelDefend+1","floor":43},{"not_picked":["BowlingBash+1","Nirvana+1"],"picked":"hexamod:ThirdSeal","floor":45},{"not_picked":["hermit:Coalescence+1","Koishi:CatchAndRose"],"picked":"expansioncontent:CaCaw+1","floor":46},{"not_picked":["PrismaMod:ChloeChristmas","animator:Emonzaemon","PrismaMod:MiyuDefenseExplosion+1"],"picked":"SKIP","floor":47},{"not_picked":["stsjorbsmod:GrimDirge","Collect"],"picked":"sneckomod:UnknownClassGUARDIAN+1","floor":48},{"not_picked":["construct:ForceCore","PrismaMod:ChloeDevil"],"picked":"Gatherer:CollectorsShot","floor":49}],"player_experience":158138,"relics_obtained":[{"floor":9,"key":"FossilizedHelix"},{"floor":23,"key":"Nilry\u0027s Codex"},{"floor":24,"key":"Bronze Scales"},{"floor":25,"key":"vexMod:ConsolationPrize"},{"floor":28,"key":"Frozen Egg 2"},{"floor":29,"key":"PrismaticShard"},{"floor":41,"key":"hubris:AstralHammer"}],"event_choices":[{"damage_healed":0,"gold_gain":0,"player_choice":"Success","damage_taken":3,"relics_obtained":["Blue Candle"],"max_hp_gain":0,"max_hp_loss":0,"event_name":"Scrap Ooze","floor":11,"gold_loss":0},{"damage_healed":0,"gold_gain":0,"player_choice":"Insight","damage_taken":0,"max_hp_gain":0,"max_hp_loss":0,"event_name":"betterThird:BetterWriting","floor":20,"gold_loss":0,"cards_obtained":["Insight"]},{"damage_healed":0,"gold_gain":0,"player_choice":"Copied","damage_taken":0,"max_hp_gain":0,"max_hp_loss":0,"event_name":"Duplicator","floor":37,"gold_loss":0,"cards_obtained":["Gatherer:FruitForce"]},{"damage_healed":0,"gold_gain":0,"player_choice":"Rummage","damage_taken":0,"relics_obtained":["WarpedTongs"],"max_hp_gain":0,"max_hp_loss":0,"event_name":"Accursed Blacksmith","floor":44,"gold_loss":0,"cards_obtained":["Pain"]}],"is_beta":false,"boss_relics":[{"not_picked":["hubris:HollowSoul","Snecko Eye"],"picked":"Astrolabe"},{"not_picked":["aspiration:SecretTechniqueScroll","vexMod:BigBerry"],"picked":"Pandora\u0027s Box"}],"items_purged_floors":[43],"is_endless":false,"potions_floor_spawned":[3,10,15,19,28,30,33,39,45,46,49],"ascension_level":0}}