{"host":"0msxzbajcl1c78mb","time":1609199714,"event":{"mods":["AchievementEnabler","BaseMod","Colored Map","Colored Powertips","Highlight Path","Minty Spire (QoL Compilation)","Relic Sorter","Relic Stats","StSLib","The Jungle","everything is the same but u backflip on backflip"],"gold_per_floor":[116,116,41,41,55,91,91,130,130,165,115,115,115,65,65,185,185,206,206,206,206,220,258,258,297,375,375,375,375,474,495,495,625,625,643,200,533,545,104,133,133,133,156,156,172,219,244,254,254,254,254,254,37,62,62,62],"floor_reached":55,"playtime":3692,"items_purged":["Strike_R","Strike_R+1","Strike_R+1"],"score":1298,"play_id":"d913a739-3d1f-4ca5-9450-1d2159d9d4fe","local_time":"20201228185514","is_ascension_mode":true,"campfire_choices":[{"data":"Whirlwind","floor":7,"key":"SMITH"},{"data":"Rampage","floor":12,"key":"SMITH"},{"data":"Bash","floor":15,"key":"SMITH"},{"data":"True Grit","floor":24,"key":"SMITH"},{"data":"Clothesline","floor":27,"key":"SMITH"},{"data":"Iron Wave","floor":29,"key":"SMITH"},{"data":"Feed","floor":32,"key":"SMITH"},{"floor":44,"key":"RECALL"},{"data":"Corruption","floor":49,"key":"SMITH"},{"data":"Shrug It Off","floor":52,"key":"SMITH"}],"circlet_count":0,"master_deck":["AscendersBane","Defend_R+1","Defend_R+1","Defend_R+1","Bash+1","Whirlwind+1","Clothesline+1","True Grit+1","Rampage+1","Iron Wave+1","Corruption+1","Body Slam+1","Necronomicurse","Feed+1","Shrug It Off","Limit Break","Shrug It Off+1","Shrug It Off+1","Flex","Shrug It Off+1","Feel No Pain","Exhume","Demon Form"],"relics":["Black Blood","NeowsBlessing","White Beast Statue","Oddly Smooth Stone","Blood Vial","Juzu Bracelet","Runic Pyramid","Necronomicon","MutagenicStrength","Turnip","Bag of Preparation","Magic Flower","Membership Card","InkBottle","Happy Flower","Meat on the Bone","Potion Belt","Peace Pipe","CaptainsWheel","Orrery","Strawberry","Whetstone"],"acts_visited":["Exordium","TheCity","TheBeyond","TheEnding"],"potions_floor_usage":[8,16,16,33,33,46,50,50,50,54,55,55,55],"damage_taken":[{"damage":0,"enemies":"2 Louse","floor":1,"turns":2},{"damage":0,"enemies":"Jaw Worm","floor":5,"turns":1},{"damage":0,"enemies":"Gremlin Nob","floor":6,"turns":1},{"damage":23,"enemies":"Lagavulin","floor":8,"turns":6},{"damage":30,"enemies":"Gremlin Nob","floor":10,"turns":4},{"damage":15,"enemies":"The Guardian","floor":16,"turns":9},{"damage":0,"enemies":"3 Byrds","floor":18,"turns":4},{"damage":3,"enemies":"Chosen","floor":22,"turns":4},{"damage":11,"enemies":"Book of Stabbing","floor":23,"turns":5},{"damage":0,"enemies":"Slavers","floor":25,"turns":1},{"damage":14,"enemies":"Shelled Parasite and Fungi","floor":31,"turns":5},{"damage":17,"enemies":"Champ","floor":33,"turns":7},{"damage":0,"enemies":"3 Shapes","floor":35,"turns":4},{"damage":0,"enemies":"Orb Walker","floor":38,"turns":3},{"damage":2,"enemies":"Nemesis","floor":40,"turns":5},{"damage":6,"enemies":"Jaw Worm Horde","floor":45,"turns":3},{"damage":11,"enemies":"2 Orb Walkers","floor":46,"turns":2},{"damage":8,"enemies":"Reptomancer","floor":47,"turns":5},{"damage":0,"enemies":"3 Darklings","floor":48,"turns":1},{"damage":56,"enemies":"Awakened One","floor":50,"turns":8},{"damage":28,"enemies":"Shield and Spear","floor":54,"turns":6},{"damage":117,"enemies":"The Heart","floor":55,"turns":9}],"seed_played":"-5555684423772351127","potions_obtained":[{"floor":6,"key":"SteroidPotion"},{"floor":8,"key":"CultistPotion"},{"floor":10,"key":"Block Potion"},{"floor":16,"key":"Strength Potion"},{"floor":18,"key":"Fire Potion"},{"floor":23,"key":"PowerPotion"},{"floor":33,"key":"LiquidMemories"},{"floor":35,"key":"AttackPotion"},{"floor":45,"key":"BlessingOfTheForge"},{"floor":46,"key":"Block Potion"},{"floor":47,"key":"ColorlessPotion"},{"floor":48,"key":"SteroidPotion"},{"floor":54,"key":"BlessingOfTheForge"}],"is_trial":false,"path_per_floor":["M","?","$","?","M","E","R","E","T","E","?","R","?","?","R","B",null,"M","?","?","?","M","E","R","E","T","R","?","R","?","M","R","B",null,"M","$","?","M","$","E","?","?","T","R","M","?","E","M","R","B",null,"R","$","E","B"],"character_chosen":"IRONCLAD","items_purchased":["Magic Flower","Shrug It Off","Membership Card","InkBottle","Happy Flower","Shrug It Off","Flex","AttackPotion","SpeedPotion","Orrery","Strawberry"],"campfire_rested":0,"item_purchase_floors":[36,36,39,39,39,39,53,53,53,53,53],"current_hp_per_floor":[78,58,58,63,69,75,75,58,58,36,36,36,19,19,19,12,67,75,59,59,59,64,61,61,69,69,69,69,69,69,66,66,61,84,96,96,96,100,100,104,104,104,104,104,108,112,116,116,116,84,111,111,118,111,0,0],"gold":62,"neow_bonus":"THREE_ENEMY_KILL","is_daily":false,"chose_seed":false,"campfire_upgraded":9,"win_rate":0.0,"timestamp":1609199714,"path_taken":["M","?","$","?","M","E","R","E","T","E","?","R","?","?","R","BOSS","M","?","?","?","M","E","R","E","T","R","?","R","?","M","R","BOSS","M","$","?","M","$","E","?","?","T","R","M","?","E","M","R","BOSS","R","$","E","BOSS"],"items_purchased_type":["Relic","Card","Relic","Relic","Relic","Card","Card","Potion","Potion","Relic","Relic"],"build_version":"2020-12-22","purchased_purges":3,"victory":false,"max_hp_per_floor":[80,80,80,85,85,85,85,85,85,85,85,85,85,85,85,85,85,85,85,85,85,85,85,85,85,85,85,85,85,85,88,88,92,92,96,96,96,100,100,104,104,104,104,104,108,112,116,116,116,120,120,120,127,127,127,127],"relic_stats":{"Happy Flower":[13],"counters":[22,95],"Black Blood":133,"Magic Flower":[24],"Juzu Bracelet":3,"Bag of Preparation":[24],"Whetstone":[],"Blood Vial":24,"Peace Pipe":0,"Turnip":[6],"Necronomicon":[40],"obtain_stats":[{"Potion Belt":43,"NeowsBlessing":0,"Happy Flower":39,"Golden Idol":2,"Oddly Smooth Stone":8,"Black Blood":34,"Magic Flower":36,"Juzu Bracelet":10,"Bag of Preparation":25,"Whetstone":54,"Burning Blood":0,"White Beast Statue":6,"Blood Vial":9,"Peace Pipe":46,"CaptainsWheel":47,"MutagenicStrength":21,"Strawberry":53,"Orrery":53,"Turnip":23,"Necronomicon":19,"Membership Card":39,"InkBottle":39,"Runic Pyramid":17,"Meat on the Bone":40},{"Potion Belt":15,"NeowsBlessing":0,"Happy Flower":14,"Golden Idol":1,"Oddly Smooth Stone":4,"Black Blood":12,"Magic Flower":13,"Juzu Bracelet":5,"Bag of Preparation":10,"Whetstone":21,"Burning Blood":0,"White Beast Statue":3,"Blood Vial":4,"Peace Pipe":17,"CaptainsWheel":18,"MutagenicStrength":7,"Strawberry":20,"Orrery":20,"Turnip":9,"Necronomicon":7,"Membership Card":14,"InkBottle":14,"Runic Pyramid":6,"Meat on the Bone":15},{"Potion Belt":61,"NeowsBlessing":0,"Happy Flower":56,"Golden Idol":2,"Oddly Smooth Stone":10,"Black Blood":49,"Magic Flower":53,"Juzu Bracelet":14,"Bag of Preparation":37,"Whetstone":86,"Burning Blood":0,"White Beast Statue":4,"Blood Vial":10,"Peace Pipe":66,"CaptainsWheel":71,"MutagenicStrength":27,"Strawberry":80,"Orrery":80,"Turnip":36,"Necronomicon":27,"Membership Card":56,"InkBottle":56,"Runic Pyramid":23,"Meat on the Bone":61}],"InkBottle":[14],"Meat on the Bone":0},"card_choices":[{"not_picked":["Clash","Headbutt"],"picked":"Whirlwind","floor":1},{"not_picked":["Headbutt","Perfected Strike"],"picked":"Clothesline","floor":5},{"not_picked":["Headbutt","Havoc"],"picked":"True Grit","floor":6},{"not_picked":["Iron Wave","Second Wind"],"picked":"Rampage","floor":8},{"not_picked":["Sentinel","Seeing Red"],"picked":"Iron Wave","floor":10},{"not_picked":["Feed","Exhume"],"picked":"Corruption","floor":16},{"not_picked":["Carnage","Perfected Strike"],"picked":"Body Slam+1","floor":18},{"not_picked":["Hemokinesis","Searing Blow","Bloodletting"],"picked":"SKIP","floor":22},{"not_picked":["Corruption","Sever Soul","Bloodletting"],"picked":"SKIP","floor":23},{"not_picked":["Entrench","Dual Wield","Second Wind+1"],"picked":"SKIP","floor":25},{"not_picked":["Perfected Strike","Clothesline"],"picked":"Shrug It Off","floor":31},{"not_picked":["Double Tap","Juggernaut"],"picked":"Limit Break","floor":33},{"not_picked":["Headbutt","Pommel Strike+1","Clash+1"],"picked":"SKIP","floor":35},{"not_picked":["Twin Strike+1","Pommel Strike+1","Havoc+1"],"picked":"SKIP","floor":38},{"not_picked":["Carnage","Sword Boomerang","Clash"],"picked":"SKIP","floor":40},{"not_picked":["Cleave","Second Wind","Blood for Blood"],"picked":"SKIP","floor":45},{"not_picked":["Bludgeon","Headbutt"],"picked":"Shrug It Off+1","floor":47},{"not_picked":["Armaments","Warcry+1","Bloodletting"],"picked":"SKIP","floor":48},{"not_picked":["Havoc","Armaments"],"picked":"Shrug It Off+1","floor":53},{"not_picked":["Whirlwind","True Grit"],"picked":"Feel No Pain","floor":53},{"not_picked":["Burning Pact","Searing Blow+1"],"picked":"Exhume","floor":53},{"not_picked":["Perfected Strike+1","Wild Strike"],"picked":"Demon Form","floor":53},{"not_picked":["Searing Blow","Body Slam+1","Reckless Charge"],"picked":"SKIP","floor":54}],"player_experience":305768,"relics_obtained":[{"floor":6,"key":"White Beast Statue"},{"floor":8,"key":"Oddly Smooth Stone"},{"floor":9,"key":"Blood Vial"},{"floor":10,"key":"Juzu Bracelet"},{"floor":19,"key":"Necronomicon"},{"floor":23,"key":"Turnip"},{"floor":25,"key":"Bag of Preparation"},{"floor":40,"key":"Meat on the Bone"},{"floor":43,"key":"Potion Belt"},{"floor":46,"key":"Peace Pipe"},{"floor":47,"key":"CaptainsWheel"},{"floor":54,"key":"Whetstone"}],"event_choices":[{"damage_healed":0,"gold_gain":0,"player_choice":"Take Damage","damage_taken":20,"relics_obtained":["Golden Idol"],"max_hp_gain":0,"max_hp_loss":0,"event_name":"Golden Idol","floor":2,"gold_loss":0},{"damage_healed":0,"gold_gain":0,"player_choice":"Donut","damage_taken":0,"max_hp_gain":5,"max_hp_loss":0,"event_name":"Big Fish","floor":4,"gold_loss":0},{"cards_removed":["Strike_R"],"damage_healed":0,"gold_gain":0,"player_choice":"Card Removal","damage_taken":0,"max_hp_gain":0,"max_hp_loss":0,"event_name":"The Cleric","floor":11,"gold_loss":50},{"damage_healed":0,"gold_gain":0,"player_choice":"Entered Light","damage_taken":17,"max_hp_gain":0,"max_hp_loss":0,"event_name":"Shining Light","floor":13,"gold_loss":0,"cards_upgraded":["Strike_R","Strike_R"]},{"damage_healed":0,"gold_gain":0,"player_choice":"Left Gold","damage_taken":0,"max_hp_gain":0,"max_hp_loss":0,"event_name":"World of Goop","floor":14,"gold_loss":50},{"damage_healed":0,"gold_gain":0,"player_choice":"Obtained Book","damage_taken":16,"max_hp_gain":0,"max_hp_loss":0,"event_name":"Cursed Tome","floor":19,"gold_loss":0},{"damage_healed":0,"gold_gain":0,"player_choice":"Simplicity","damage_taken":0,"max_hp_gain":0,"max_hp_loss":0,"event_name":"Back to Basics","floor":20,"gold_loss":0,"cards_upgraded":["Strike_R","Defend_R","Defend_R","Defend_R","Defend_R"]},{"damage_healed":0,"gold_gain":0,"player_choice":"Inject Mutagens","damage_taken":0,"relics_obtained":["MutagenicStrength"],"max_hp_gain":0,"max_hp_loss":0,"event_name":"Drug Dealer","floor":21,"gold_loss":0},{"damage_healed":0,"gold_gain":0,"cards_transformed":["Strike_R"],"player_choice":"Transformed","damage_taken":0,"max_hp_gain":0,"max_hp_loss":0,"event_name":"Transmorgrifier","floor":28,"gold_loss":0,"cards_obtained":["Feed"]},{"damage_healed":0,"gold_gain":99,"player_choice":"Stole From Cult","damage_taken":0,"max_hp_gain":0,"max_hp_loss":0,"event_name":"Nest","floor":30,"gold_loss":0},{"damage_healed":0,"gold_gain":333,"player_choice":"Gave Idol","damage_taken":0,"max_hp_gain":0,"max_hp_loss":0,"event_name":"The Moai Head","floor":37,"relics_lost":["Golden Idol"],"gold_loss":0},{"cards_removed":["Defend_R"],"damage_healed":0,"gold_gain":0,"player_choice":"Purged","damage_taken":0,"max_hp_gain":0,"max_hp_loss":0,"event_name":"Purifier","floor":41,"gold_loss":0},{"cards_removed":["Shrug It Off"],"damage_healed":0,"gold_gain":0,"player_choice":"Removed Skill","damage_taken":0,"max_hp_gain":0,"max_hp_loss":0,"event_name":"Falling","floor":42,"gold_loss":0},{"damage_healed":0,"gold_gain":0,"player_choice":"Fight","damage_taken":0,"max_hp_gain":0,"max_hp_loss":0,"event_name":"Mysterious Sphere","floor":46,"gold_loss":0}],"is_beta":false,"boss_relics":[{"not_picked":["Coffee Dripper","Cursed Key"],"picked":"Runic Pyramid"},{"not_picked":["Calling Bell","Velvet Choker"],"picked":"Black Blood"}],"items_purged_floors":[3,36,39],"is_endless":false,"potions_floor_spawned":[6,8,10,16,18,22,23,25,31,33,35,38,40,45,46,47,48,54],"killed_by":"The Heart","ascension_level":11}}