{"host":"873t0y8ybyo38pfq","time":1609180034,"event":{"mods":["BaseMod","Bestiary","Colored Map","Colored Powertips","Highlight Path","Minty Spire (QoL Compilation)","Quick Restart","RNG Fix","Rare Cards Sparkle","Relic Stats","StSLib"],"gold_per_floor":[114,124,137,153,1,26,26,38,114,114,14,14,14,48,48,120,120,139,156,175,13,13,13,13,13],"floor_reached":24,"playtime":1435,"items_purged":["Shame","Strike_G"],"score":396,"play_id":"721ade20-7845-4155-aec2-192b6fc9817e","local_time":"20201228132714","is_ascension_mode":true,"campfire_choices":[{"floor":7,"key":"REST"},{"floor":10,"key":"REST"},{"data":"Magnetism","floor":13,"key":"SMITH"},{"data":"Outmaneuver","floor":15,"key":"SMITH"},{"floor":23,"key":"REST"}],"circlet_count":0,"master_deck":["AscendersBane","Strike_G","Strike_G","Defend_G","Defend_G","Defend_G","Defend_G","Defend_G","Survivor","Neutralize","Magnetism+1","Backstab","Crippling Poison","Outmaneuver+1","Die Die Die","Backflip","Crippling Poison","Neutralize","Predator","Wraith Form v2","Flying Knee","Acrobatics","Magnetism+1","Dagger Spray","Calculated Gamble"],"relics":["Ring of the Serpent","Darkstone Periapt","Bottled Lightning","DollysMirror"],"acts_visited":["Exordium","TheCity"],"potions_floor_usage":[6,19,19,20],"damage_taken":[{"damage":13,"enemies":"Jaw Worm","floor":1,"turns":7},{"damage":1,"enemies":"Cultist","floor":2,"turns":3},{"damage":1,"enemies":"2 Louse","floor":3,"turns":3},{"damage":3,"enemies":"2 Fungi Beasts","floor":4,"turns":4},{"damage":34,"enemies":"Gremlin Nob","floor":6,"turns":4},{"damage":11,"enemies":"Looter","floor":8,"turns":4},{"damage":6,"enemies":"Exordium Wildlife","floor":14,"turns":5},{"damage":19,"enemies":"The Guardian","floor":16,"turns":15},{"damage":16,"enemies":"Shell Parasite","floor":18,"turns":8},{"damage":1,"enemies":"Chosen","floor":19,"turns":5},{"damage":32,"enemies":"Sentry and Sphere","floor":20,"turns":8},{"damage":24,"enemies":"Book of Stabbing","floor":24,"turns":5}],"seed_played":"174335481532658332","potions_obtained":[{"floor":3,"key":"AttackPotion"},{"floor":6,"key":"Swift Potion"},{"floor":16,"key":"Fire Potion"},{"floor":19,"key":"DistilledChaos"}],"is_trial":false,"path_per_floor":["M","M","M","M","$","E","R","M","T","R","$","?","R","M","R","B",null,"M","M","M","$","?","R","E"],"character_chosen":"THE_SILENT","items_purchased":["Outmaneuver","Fire Potion","DollysMirror"],"campfire_rested":3,"item_purchase_floors":[5,5,21],"current_hp_per_floor":[46,45,44,41,41,7,26,15,15,34,34,34,34,28,28,9,52,36,35,3,3,3,22,0,0],"gold":13,"neow_bonus":"RANDOM_COLORLESS_2","is_daily":false,"chose_seed":false,"campfire_upgraded":2,"win_rate":0.0,"timestamp":1609180034,"path_taken":["M","?","M","M","$","E","R","M","T","R","$","?","R","M","R","BOSS","M","?","M","$","?","R","E"],"items_purchased_type":["Card","Potion","Relic"],"build_version":"2020-12-22","purchased_purges":2,"victory":false,"max_hp_per_floor":[66,66,66,66,66,66,66,66,66,66,66,66,66,66,66,66,66,66,66,66,66,66,66,66,66],"relic_stats":{"Darkstone Periapt":0,"counters":[12,71],"obtain_stats":[{"Darkstone Periapt":6,"DollysMirror":21,"Bottled Lightning":9,"Ring of the Serpent":17,"Ring of the Snake":0},{"Darkstone Periapt":5,"DollysMirror":11,"Bottled Lightning":6,"Ring of the Serpent":8,"Ring of the Snake":0},{"Darkstone Periapt":21,"DollysMirror":66,"Bottled Lightning":25,"Ring of the Serpent":45,"Ring of the Snake":0}]},"card_choices":[{"not_picked":["Sadistic Nature","Apotheosis"],"picked":"Magnetism","floor":0},{"not_picked":["Cloak And Dagger","Reflex"],"picked":"Backstab","floor":1},{"not_picked":["Expertise","Deadly Poison","Dagger Throw"],"picked":"SKIP","floor":2},{"not_picked":["Dagger Spray","Cloak And Dagger","Underhanded Strike"],"picked":"SKIP","floor":3},{"not_picked":["Bane","Riddle With Holes"],"picked":"Crippling Poison","floor":4},{"not_picked":["Dodge and Roll","Masterful Stab"],"picked":"Die Die Die","floor":6},{"not_picked":["Dagger Throw","Quick Slash"],"picked":"Backflip","floor":8},{"not_picked":["Underhanded Strike","Quick Slash"],"picked":"Predator","floor":14},{"not_picked":["Glass Knife","Phantasmal Killer"],"picked":"Wraith Form v2","floor":16},{"not_picked":["Deadly Poison","Dagger Throw"],"picked":"Flying Knee","floor":18},{"not_picked":["Bouncing Flask","Flying Knee"],"picked":"Acrobatics","floor":19},{"not_picked":["Dagger Spray","Tactician+1","Eviscerate+1"],"picked":"SKIP","floor":20}],"player_experience":1380572,"relics_obtained":[{"floor":6,"key":"Darkstone Periapt"},{"floor":9,"key":"Bottled Lightning"}],"event_choices":[{"damage_healed":0,"gold_gain":0,"player_choice":"2 cards matched","damage_taken":0,"max_hp_gain":0,"max_hp_loss":0,"event_name":"Match and Keep!","floor":12,"gold_loss":0,"cards_obtained":["Crippling Poison","Neutralize"]},{"damage_healed":0,"gold_gain":0,"cards_transformed":["Strike_G","Strike_G"],"player_choice":"Became Test Subject","damage_taken":0,"max_hp_gain":0,"max_hp_loss":0,"event_name":"Drug Dealer","floor":22,"gold_loss":0,"cards_obtained":["Dagger Spray","Calculated Gamble"]}],"is_beta":false,"boss_relics":[{"not_picked":["Black Star","SacredBark"],"picked":"Ring of the Serpent"}],"items_purged_floors":[5,11],"is_endless":false,"potions_floor_spawned":[3,6,8,16,18,19],"killed_by":"Book of Stabbing","ascension_level":20}}