{"host":"qc1sjgtdjonvdsd8","time":1609138920,"event":{"mods":["BaseMod","Colored Map","Colored Powertips","Curses Come First","Minty Spire (QoL Compilation)","Replay The Spire","StSLib","The Necromancer"],"gold_per_floor":[115,115,115,40,40,40,51,51,51,70,70,70,82,93,93,93,93],"floor_reached":16,"playtime":955,"items_purged":["Delirium"],"score":90,"play_id":"7c9d7746-1993-425d-b7ed-e21941b9c7cb","local_time":"20201227230200","is_ascension_mode":false,"campfire_choices":[{"data":"Neutralize","floor":6,"key":"SMITH"},{"data":"Survivor","floor":8,"key":"SMITH"},{"data":"Reflex","floor":11,"key":"SMITH"},{"floor":15,"key":"REST"}],"circlet_count":0,"master_deck":["Strike_G+1","Strike_G","Defend_G","Defend_G","Survivor+1","Neutralize+1","Clumsy","PiercingWail+1","Reflex+1","Dagger Throw","Blur"],"relics":["Kintsugi","Replay:Bottled Steam","Bag of Preparation"],"acts_visited":["Exordium"],"potions_floor_usage":[16],"damage_taken":[{"damage":0,"enemies":"Small Slimes","floor":1,"turns":6},{"damage":0,"enemies":"2 Louse","floor":7,"turns":3},{"damage":0,"enemies":"Jaw Worm","floor":10,"turns":4},{"damage":0,"enemies":"Exordium Thugs","floor":13,"turns":4},{"damage":0,"enemies":"Looter","floor":14,"turns":2},{"damage":72,"enemies":"Hexaghost","floor":16,"turns":17}],"seed_played":"4151435451562962832","potions_obtained":[{"floor":1,"key":"Milkshake"},{"floor":7,"key":"Milkshake"},{"floor":14,"key":"BlessingOfTheForge"}],"is_trial":false,"path_per_floor":["M","?","?","$","?","R","M","R","T","M","R","?","M","M","R","B"],"character_chosen":"THE_SILENT","items_purchased":[],"campfire_rested":1,"item_purchase_floors":[],"current_hp_per_floor":[70,56,56,56,56,56,56,56,56,56,56,49,49,49,70,0,0],"gold":93,"neow_bonus":"BOSS_RELIC","is_daily":false,"chose_seed":false,"campfire_upgraded":3,"win_rate":0.0,"timestamp":1609138920,"path_taken":["M","?","?","$","?","R","M","R","T","M","R","?","M","?","R","BOSS"],"items_purchased_type":[],"build_version":"2020-12-22","purchased_purges":1,"victory":false,"max_hp_per_floor":[70,70,70,70,70,70,70,70,70,70,70,70,70,70,70,70,70],"card_choices":[{"not_picked":["Slice","Caltrops"],"picked":"PiercingWail","floor":1},{"not_picked":["Sucker Punch","Caltrops"],"picked":"Reflex","floor":7},{"not_picked":["Flying Knee","Riddle With Holes"],"picked":"Dagger Throw","floor":10},{"not_picked":["Outmaneuver","Deadly Poison","Bane"],"picked":"SKIP","floor":13},{"not_picked":["Caltrops","Deadly Poison"],"picked":"Blur","floor":14}],"player_experience":188457,"relics_obtained":[{"floor":9,"key":"Replay:Bottled Steam"}],"event_choices":[{"damage_healed":0,"gold_gain":0,"player_choice":"Entered Light","damage_taken":14,"max_hp_gain":0,"max_hp_loss":0,"event_name":"Shining Light","floor":2,"gold_loss":0,"cards_upgraded":["PiercingWail","Strike_G"]},{"damage_healed":0,"gold_gain":0,"player_choice":"Success","damage_taken":7,"relics_obtained":["Bag of Preparation"],"max_hp_gain":0,"max_hp_loss":0,"event_name":"Scrap Ooze","floor":12,"gold_loss":0}],"is_beta":false,"boss_relics":[],"items_purged_floors":[4],"is_endless":false,"potions_floor_spawned":[1,7,14],"killed_by":"Hexaghost","ascension_level":0}}