{"host":"2yqfi47fogfu1ic4","time":1609188313,"event":{"mods":["AchievementEnabler","BaseMod","Colored Map","Colored Powertips","Highlight Path","Minty Spire (QoL Compilation)","Permanent Neow","Relic Stats","StSLib"],"gold_per_floor":[109,119,119,132,57,57,91,91,114,148,23,41,70,100,100,177,177,187,187,32,32,52,52,64,64,64,64,78,92,131,149,149,222,222,235,254,273,273,273,273,307,97,97,97,97,108,118,136,136,136,136,136,136,28,62,62,62],"floor_reached":56,"playtime":4991,"items_purged":["Strike_G","Strike_G","Decay"],"score":1802,"play_id":"ab7e073c-e005-47b7-9386-a3ed54104b7a","local_time":"20201228214513","is_ascension_mode":true,"campfire_choices":[{"data":"Crippling Poison","floor":6.0,"key":"SMITH"},{"data":"Noxious Fumes","floor":8.0,"key":"SMITH"},{"floor":15.0,"key":"REST"},{"data":"Wraith Form v2","floor":23.0,"key":"SMITH"},{"data":"Catalyst","floor":27.0,"key":"SMITH"},{"data":"Malaise","floor":32.0,"key":"SMITH"},{"data":"Burst","floor":40.0,"key":"SMITH"},{"data":"Footwork","floor":45.0,"key":"SMITH"},{"floor":49.0,"key":"RECALL"},{"data":"Venomology","floor":53.0,"key":"SMITH"}],"circlet_count":0,"master_deck":["AscendersBane","Defend_G","Defend_G","Defend_G","Defend_G","Survivor","Noxious Fumes+1","Bouncing Flask","Crippling Poison+1","Bane","All Out Attack","Deflect","Backflip","Poisoned Stab","Leg Sweep","Venomology+1","Wraith Form v2+1","Catalyst+1","Footwork+1","Poisoned Stab","Expertise+1","Deadly Poison+1","Malaise+1","Blur","Venomology+1","Burst+1","Outmaneuver+1","Burst+1","Good Instincts","Blur","Expertise","Backflip","Acrobatics","PiercingWail"],"relics":["Ring of the Snake","GremlinMask","Happy Flower","StrikeDummy","Odd Mushroom","Bag of Marbles","Coffee Dripper","Omamori","Astrolabe","Vajra","Snake Skull","Strawberry"],"acts_visited":["Exordium","TheCity","TheBeyond","TheEnding"],"potions_floor_usage":[55,55,55,55,56],"damage_taken":[{"damage":2.0,"enemies":"Jaw Worm","floor":1.0,"turns":8.0},{"damage":0.0,"enemies":"Cultist","floor":2.0,"turns":4.0},{"damage":1.0,"enemies":"Small Slimes","floor":4.0,"turns":5.0},{"damage":7.0,"enemies":"Lagavulin","floor":7.0,"turns":7.0},{"damage":10.0,"enemies":"3 Sentries","floor":10.0,"turns":5.0},{"damage":0.0,"enemies":"Exordium Wildlife","floor":12.0,"turns":3.0},{"damage":7.0,"enemies":"The Mushroom Lair","floor":13.0,"turns":4.0},{"damage":9.0,"enemies":"Lagavulin","floor":14.0,"turns":6.0},{"damage":15.0,"enemies":"Slime Boss","floor":16.0,"turns":5.0},{"damage":6.0,"enemies":"Shell Parasite","floor":18.0,"turns":7.0},{"damage":2.0,"enemies":"3 Byrds","floor":22.0,"turns":4.0},{"damage":0.0,"enemies":"Shelled Parasite and Fungi","floor":24.0,"turns":5.0},{"damage":0.0,"enemies":"3 Cultists","floor":25.0,"turns":3.0},{"damage":3.0,"enemies":"Cultist and Chosen","floor":28.0,"turns":5.0},{"damage":0.0,"enemies":"Snake Plant","floor":29.0,"turns":4.0},{"damage":4.0,"enemies":"Shelled Parasite and Fungi","floor":30.0,"turns":4.0},{"damage":0.0,"enemies":"Snecko","floor":31.0,"turns":4.0},{"damage":12.0,"enemies":"Champ","floor":33.0,"turns":14.0},{"damage":6.0,"enemies":"3 Shapes","floor":35.0,"turns":5.0},{"damage":0.0,"enemies":"Orb Walker","floor":36.0,"turns":3.0},{"damage":0.0,"enemies":"Jaw Worm Horde","floor":37.0,"turns":4.0},{"damage":26.0,"enemies":"Giant Head","floor":41.0,"turns":8.0},{"damage":1.0,"enemies":"Transient","floor":46.0,"turns":4.0},{"damage":1.0,"enemies":"3 Darklings","floor":47.0,"turns":5.0},{"damage":0.0,"enemies":"Writhing Mass","floor":48.0,"turns":5.0},{"damage":24.0,"enemies":"Donu and Deca","floor":50.0,"turns":14.0},{"damage":16.0,"enemies":"Awakened One","floor":51.0,"turns":21.0},{"damage":34,"enemies":"Shield and Spear","floor":55,"turns":9},{"damage":46,"enemies":"The Heart","floor":56,"turns":2}],"seed_played":"3124743914908356796","potions_obtained":[{"floor":1.0,"key":"PowerPotion"},{"floor":4.0,"key":"Weak Potion"},{"floor":7.0,"key":"Strength Potion"},{"floor":10.0,"key":"Strength Potion"},{"floor":18.0,"key":"SpeedPotion"},{"floor":24.0,"key":"FairyPotion"},{"floor":29.0,"key":"ColorlessPotion"},{"floor":41.0,"key":"SkillPotion"},{"floor":48.0,"key":"Energy Potion"}],"is_trial":false,"path_per_floor":["M","M","?","M","$","R","E","R","T","E","$","M","?","E","R","B",null,"M","?","$","?","M","R","M","M","T","R","M","M","M","M","R","B",null,"M","M","M","?","?","R","E","$","T","?","R","M","M","M","R","B","B",null,"R","$","E","B"],"character_chosen":"THE_SILENT","items_purchased":["Poisoned Stab","Catalyst","Footwork","Regen Potion","PowerPotion","Acrobatics"],"campfire_rested":1,"item_purchase_floors":[11,20,20,42,54,54],"current_hp_per_floor":[57,57,57,56,56,56,49,49,49,39,39,39,32,23,41,26,52,46,46,46,40,38,38,38,38,38,38,35,35,31,31,31,19,50,44,44,44,44,44,44,18,18,18,18,18,31,30,30,30,6,8,47,47,47,20,0,0],"gold":62,"neow_bonus":"TRANSFORM_TWO_CARDS","is_daily":false,"chose_seed":false,"campfire_upgraded":8,"win_rate":0.0,"timestamp":1609188313,"path_taken":["M","M","?","M","?","R","E","R","T","E","$","M","?","E","R","BOSS","M","?","$","?","M","R","M","M","T","R","?","M","M","?","R","BOSS","M","M","M","?","?","R","E","$","T","?","R","M","M","M","R","BOSS","BOSS","R","$","E","BOSS"],"items_purchased_type":["Card","Card","Card","Potion","Potion","Card"],"build_version":"2020-12-22","purchased_purges":3,"victory":false,"max_hp_per_floor":[60,60,60,60,60,60,60,60,60,60,60,60,60,60,60,60,60,60,60,60,60,60,60,60,60,60,60,60,60,60,60,60,60,60,60,60,60,60,60,60,60,60,60,60,60,60,60,60,60,60,60,60,60,60,67,67,67],"relic_stats":{"Happy Flower":[51],"counters":[29,177],"Astrolabe":["Venomology","Burst","Outmaneuver"],"Snake Skull":[115],"obtain_stats":[{"Happy Flower":7,"Astrolabe":34,"Strawberry":55,"Vajra":41,"GremlinMask":3,"Snake Skull":43,"Bag of Marbles":14,"Coffee Dripper":17,"Omamori":26,"Odd Mushroom":13,"StrikeDummy":10,"Ring of the Snake":0},{"Happy Flower":4,"Astrolabe":18,"Strawberry":28,"Vajra":22,"GremlinMask":2,"Snake Skull":22,"Bag of Marbles":8,"Coffee Dripper":9,"Omamori":13,"Odd Mushroom":7,"StrikeDummy":5,"Ring of the Snake":0},{"Happy Flower":24,"Astrolabe":97,"Strawberry":175,"Vajra":117,"GremlinMask":12,"Snake Skull":117,"Bag of Marbles":42,"Coffee Dripper":47,"Omamori":66,"Odd Mushroom":36,"StrikeDummy":29,"Ring of the Snake":0}],"Ring of the Snake":[58]},"card_choices":[{"not_picked":["Reflex","Setup"],"picked":"Crippling Poison","floor":1.0},{"not_picked":["Crippling Poison","Dodge and Roll"],"picked":"Bane","floor":2.0},{"not_picked":["Setup","Reflex"],"picked":"All Out Attack","floor":4.0},{"not_picked":["Noxious Fumes","Accuracy"],"picked":"Deflect","floor":7.0},{"not_picked":["Skewer","Deflect"],"picked":"Backflip","floor":10.0},{"not_picked":["Distraction","Cloak And Dagger","Dodge and Roll"],"picked":"SKIP","floor":12.0},{"not_picked":["Noxious Fumes","Dagger Spray"],"picked":"Leg Sweep","floor":13.0},{"not_picked":["Blade Dance","Backflip"],"picked":"Venomology","floor":14.0},{"not_picked":["Envenom","Storm of Steel"],"picked":"Wraith Form v2","floor":16.0},{"not_picked":["Outmaneuver","Tactician","Flechettes"],"picked":"SKIP","floor":18.0},{"not_picked":["Dagger Spray","Quick Slash"],"picked":"Poisoned Stab","floor":22.0},{"not_picked":["Flying Knee","Outmaneuver","Poisoned Stab"],"picked":"SKIP","floor":24.0},{"not_picked":["Riddle With Holes","Sucker Punch+1"],"picked":"Expertise+1","floor":28.0},{"not_picked":["Quick Slash","Dodge and Roll"],"picked":"Deadly Poison+1","floor":29.0},{"not_picked":["Dagger Throw","Slice"],"picked":"Malaise","floor":30.0},{"not_picked":["Blade Dance","Caltrops"],"picked":"Blur","floor":31.0},{"not_picked":["Poisoned Stab","Slice","Setup"],"picked":"SKIP","floor":35.0},{"not_picked":["Slice+1","Dagger Spray"],"picked":"Burst","floor":36.0},{"not_picked":["Dodge and Roll","Distraction","Blade Dance+1"],"picked":"SKIP","floor":37.0},{"not_picked":["Impatience","Dramatic Entrance"],"picked":"Good Instincts","floor":38.0},{"not_picked":["Flying Knee","Poisoned Stab","Outmaneuver+1"],"picked":"SKIP","floor":41.0},{"not_picked":["Heel Hook+1","Dash"],"picked":"Blur","floor":46.0},{"not_picked":["Prepared","Setup+1"],"picked":"Expertise","floor":47.0},{"not_picked":["Dagger Spray","Prepared"],"picked":"Backflip","floor":48.0},{"not_picked":["Poisoned Stab+1","Dagger Spray+1"],"picked":"PiercingWail","floor":55}],"player_experience":1916536,"relics_obtained":[{"floor":7.0,"key":"Happy Flower"},{"floor":10.0,"key":"StrikeDummy"},{"floor":13.0,"key":"Odd Mushroom"},{"floor":14.0,"key":"Bag of Marbles"},{"floor":26.0,"key":"Omamori"},{"floor":41.0,"key":"Vajra"},{"floor":43.0,"key":"Snake Skull"},{"floor":55,"key":"Strawberry"}],"event_choices":[{"damage_healed":0.0,"max_hp_gain":0.0,"max_hp_loss":0.0,"gold_gain":0.0,"event_name":"FaceTrader","player_choice":"Trade","floor":3.0,"gold_loss":0.0,"damage_taken":0.0,"relics_obtained":["GremlinMask"]},{"damage_healed":0.0,"max_hp_gain":0.0,"max_hp_loss":0.0,"gold_gain":0.0,"event_name":"Mushrooms","player_choice":"Fought Mushrooms","floor":13.0,"gold_loss":0.0,"damage_taken":0.0},{"damage_healed":0.0,"max_hp_gain":0.0,"max_hp_loss":0.0,"gold_gain":0.0,"event_name":"Forgotten Altar","player_choice":"Smashed Altar","floor":19.0,"gold_loss":0.0,"damage_taken":0.0,"cards_obtained":["Decay"]},{"damage_healed":0.0,"max_hp_gain":0.0,"max_hp_loss":0.0,"gold_gain":0.0,"event_name":"Knowing Skull","player_choice":"","floor":21.0,"potions_obtained":[],"gold_loss":0.0,"damage_taken":6.0,"cards_obtained":[]},{"damage_healed":0.0,"max_hp_gain":0.0,"max_hp_loss":0.0,"gold_gain":0.0,"event_name":"SensoryStone","player_choice":"Memory 1","floor":38.0,"gold_loss":0.0,"damage_taken":0.0},{"damage_healed":0.0,"max_hp_gain":0.0,"max_hp_loss":0.0,"gold_gain":0.0,"event_name":"Tomb of Lord Red Mask","player_choice":"Ignored","floor":39.0,"gold_loss":0.0,"damage_taken":0.0},{"damage_healed":0.0,"max_hp_gain":0.0,"max_hp_loss":0.0,"gold_gain":0.0,"event_name":"SecretPortal","player_choice":"Ignored","floor":44.0,"gold_loss":0.0,"damage_taken":0.0}],"is_beta":false,"boss_relics":[{"not_picked":["Busted Crown","SacredBark"],"picked":"Coffee Dripper"},{"not_picked":["Empty Cage","Snecko Eye"],"picked":"Astrolabe"}],"items_purged_floors":[5,11,42],"is_endless":false,"potions_floor_spawned":[1,4,7,10,18,22,24,29,41,46,48],"killed_by":"The Heart","ascension_level":20}}