{"host":"9tzam4717zt8ei1o","time":1609156302,"event":{"mods":["BaseMod","Colored Map","Keyboard Shortcuts","Minty Spire (QoL Compilation)","Quick Restart","StSLib","SuperFastMode"],"gold_per_floor":[112,112,112,262,273,303,322,322,322,322,45,74,84,102,102,180,180,198,248,163,174,174,199,199,226,309,321,347,377,314,340,352,438,450,475,501,136,148,166,199,199,224,224,259,259,34,53,78,78,78,78,78,78,3,28,28],"floor_reached":57,"playtime":2349,"items_purged":["Doubt","Strike_G","Strike_G","Strike_G"],"score":3105,"play_id":"28444b0d-2ad5-449a-a7f8-bbceb77bf49c","local_time":"20201228205142","is_ascension_mode":true,"campfire_choices":[{"data":"Tactician","floor":8.0,"key":"SMITH"},{"data":"Acrobatics","floor":15.0,"key":"SMITH"},{"floor":27.0,"key":"REST"},{"floor":32.0,"key":"REST"},{"floor":41.0,"key":"RECALL"},{"data":"Acrobatics","floor":49,"key":"SMITH"},{"data":"Eviscerate","floor":53,"key":"SMITH"}],"circlet_count":0,"master_deck":["AscendersBane","Defend_G","Defend_G","Defend_G","Defend_G","Defend_G","Survivor","Neutralize","Acrobatics+1","Tactician+1","Backstab","Acrobatics+1","Metamorphosis+1","Crippling Poison+1","Deflect+1","Prepared+1","PiercingWail+1","Night Terror+1","Deflect+1","PiercingWail+1","Noxious Fumes","After Image","Eviscerate+1","Reflex+1","Acrobatics+1","Prepared+1","Blur+1"],"relics":["Ring of the Snake","NeowsBlessing","HornCleat","Toxic Egg 2","Mummified Hand","Philosopher\u0027s Stone","Centennial Puzzle","Blood Vial","MawBank","Gremlin Horn","Runic Pyramid","Membership Card","Omamori","Bag of Marbles","Oddly Smooth Stone","Ice Cream","Bronze Scales","Lee\u0027s Waffle","Happy Flower","Regal Pillow"],"acts_visited":["Exordium","TheCity","TheBeyond","TheEnding"],"potions_floor_usage":[56,56],"damage_taken":[{"damage":0.0,"enemies":"Small Slimes","floor":1.0,"turns":1.0},{"damage":0.0,"enemies":"Cultist","floor":5.0,"turns":1.0},{"damage":0.0,"enemies":"Lagavulin","floor":6.0,"turns":1.0},{"damage":8.0,"enemies":"Jaw Worm","floor":7.0,"turns":6.0},{"damage":21.0,"enemies":"Gremlin Nob","floor":12.0,"turns":4.0},{"damage":4.0,"enemies":"Large Slime","floor":13.0,"turns":3.0},{"damage":5.0,"enemies":"Exordium Wildlife","floor":14.0,"turns":4.0},{"damage":15.0,"enemies":"The Guardian","floor":16.0,"turns":11.0},{"damage":12.0,"enemies":"Spheric Guardian","floor":18.0,"turns":4.0},{"damage":10.0,"enemies":"2 Thieves","floor":21.0,"turns":3.0},{"damage":0.0,"enemies":"Book of Stabbing","floor":23.0,"turns":4.0},{"damage":12.0,"enemies":"Slavers","floor":25.0,"turns":4.0},{"damage":23.0,"enemies":"Cultist and Chosen","floor":28.0,"turns":5.0},{"damage":6.0,"enemies":"Snake Plant","floor":29.0,"turns":5.0},{"damage":0.0,"enemies":"Snecko","floor":31.0,"turns":3.0},{"damage":8.0,"enemies":"Collector","floor":33.0,"turns":7.0},{"damage":9.0,"enemies":"3 Darklings","floor":35.0,"turns":4.0},{"damage":1.0,"enemies":"3 Shapes","floor":36.0,"turns":5.0},{"damage":16.0,"enemies":"Jaw Worm Horde","floor":38.0,"turns":4.0},{"damage":12.0,"enemies":"Transient","floor":39.0,"turns":6.0},{"damage":5.0,"enemies":"Nemesis","floor":40.0,"turns":9.0},{"damage":0.0,"enemies":"Mind Bloom Boss Battle","floor":42.0,"turns":5.0},{"damage":21.0,"enemies":"Giant Head","floor":44.0,"turns":6.0},{"damage":1,"enemies":"3 Darklings","floor":47,"turns":4},{"damage":0,"enemies":"Reptomancer","floor":48,"turns":5},{"damage":9,"enemies":"Donu and Deca","floor":50,"turns":9},{"damage":0,"enemies":"Awakened One","floor":51,"turns":12},{"damage":0,"enemies":"Shield and Spear","floor":55,"turns":8},{"damage":46,"enemies":"The Heart","floor":56,"turns":11}],"seed_played":"-8245971402546713688","potions_obtained":[{"floor":5.0,"key":"Energy Potion"},{"floor":6.0,"key":"Dexterity Potion"},{"floor":18.0,"key":"DistilledChaos"},{"floor":23.0,"key":"DistilledChaos"},{"floor":25.0,"key":"FearPotion"},{"floor":29.0,"key":"Ancient Potion"},{"floor":35.0,"key":"DuplicationPotion"},{"floor":38.0,"key":"CunningPotion"},{"floor":40.0,"key":"Dexterity Potion"},{"floor":42.0,"key":"SpeedPotion"},{"floor":55,"key":"GamblersBrew"}],"is_trial":false,"path_per_floor":["M","?","$","?","M","E","M","R","T","?","$","E","M","M","R","B",null,"M","?","?","M","?","E","?","E","T","R","M","M","?","M","R","B",null,"M","M","$","M","M","E","R","?","T","E","?","$","M","E","R","B","B",null,"R","$","E","B",null],"character_chosen":"THE_SILENT","items_purchased":["Metamorphosis+1","Membership Card","Omamori","Bag of Marbles","Lee\u0027s Waffle","Happy Flower"],"campfire_rested":2,"item_purchase_floors":[11,37,37,37,46,46],"current_hp_per_floor":[59,59,59,59,59,59,51,51,51,56,56,35,31,26,26,11,56,44,44,44,34,34,34,14,4,4,26,5,1,1,3,25,19,62,55,56,56,42,32,29,29,31,31,12,12,83,82,83,83,74,76,81,81,81,83,37],"gold":28,"neow_bonus":"THREE_ENEMY_KILL","is_daily":false,"chose_seed":false,"campfire_upgraded":4,"win_rate":0.0,"timestamp":1609156302,"path_taken":["M","?","?","?","M","E","M","R","T","?","$","E","M","M","R","BOSS","M","?","?","?","?","E","?","E","T","R","M","M","?","M","R","BOSS","M","M","$","M","M","E","R","?","T","E","?","$","M","E","R","BOSS","BOSS","R","$","E","BOSS"],"items_purchased_type":["Card","Relic","Relic","Relic","Relic","Relic"],"build_version":"2020-12-22","purchased_purges":4,"victory":true,"max_hp_per_floor":[66,66,66,66,66,66,66,66,66,71,71,71,71,71,71,71,71,71,71,71,71,71,71,76,76,76,76,76,76,76,76,76,76,76,76,76,76,76,76,76,76,76,76,76,76,83,83,83,83,83,83,83,83,83,83,83],"card_choices":[{"not_picked":["Dagger Spray","Flechettes"],"picked":"Acrobatics","floor":1.0},{"not_picked":["Setup","Backflip"],"picked":"Tactician","floor":5.0},{"not_picked":["Terror","Skewer"],"picked":"Backstab","floor":6.0},{"not_picked":["Dodge and Roll","Slice"],"picked":"Acrobatics","floor":7.0},{"not_picked":["Dagger Throw","Deflect+1"],"picked":"Crippling Poison+1","floor":12.0},{"not_picked":["Flying Knee","Cloak And Dagger+1"],"picked":"Deflect+1","floor":13.0},{"not_picked":["Riddle With Holes","Burst+1"],"picked":"Prepared+1","floor":14.0},{"not_picked":["Flechettes","Riddle With Holes"],"picked":"PiercingWail+1","floor":18.0},{"not_picked":["Crippling Poison+1","Deadly Poison+1","Dash"],"picked":"SKIP","floor":21.0},{"not_picked":["Poisoned Stab","Sucker Punch"],"picked":"Night Terror+1","floor":23.0},{"not_picked":["Endless Agony","Dagger Throw","Sucker Punch"],"picked":"SKIP","floor":25.0},{"not_picked":["Predator+1","Bane"],"picked":"Deflect+1","floor":28.0},{"not_picked":["Deadly Poison+1","Slice"],"picked":"PiercingWail+1","floor":29.0},{"not_picked":["Outmaneuver+1","Predator"],"picked":"Noxious Fumes","floor":31.0},{"not_picked":["Doppelganger+1","Night Terror+1"],"picked":"After Image","floor":33.0},{"not_picked":["Well Laid Plans","Backstab+1"],"picked":"Eviscerate","floor":35.0},{"not_picked":["Well Laid Plans","Quick Slash","Dagger Throw"],"picked":"SKIP","floor":36.0},{"not_picked":["Sucker Punch","Flying Knee","Predator+1"],"picked":"SKIP","floor":38.0},{"not_picked":["Well Laid Plans","Eviscerate","Crippling Poison+1"],"picked":"SKIP","floor":39.0},{"not_picked":["Endless Agony","Prepared+1"],"picked":"Reflex+1","floor":40.0},{"not_picked":["Leg Sweep+1","Blade Dance+1"],"picked":"Acrobatics+1","floor":42.0},{"not_picked":["Eviscerate+1","PiercingWail+1"],"picked":"Prepared+1","floor":44.0},{"not_picked":["Deflect+1","Deadly Poison+1"],"picked":"Blur+1","floor":47},{"not_picked":["Catalyst+1","Sucker Punch","Dodge and Roll+1"],"picked":"SKIP","floor":48},{"not_picked":["Backstab","Acrobatics+1","Bane+1"],"picked":"SKIP","floor":55}],"player_experience":120314,"relics_obtained":[{"floor":6.0,"key":"HornCleat"},{"floor":9.0,"key":"Toxic Egg 2"},{"floor":12.0,"key":"Mummified Hand"},{"floor":23.0,"key":"Blood Vial"},{"floor":25.0,"key":"MawBank"},{"floor":26.0,"key":"Gremlin Horn"},{"floor":40.0,"key":"Oddly Smooth Stone"},{"floor":42.0,"key":"Ice Cream"},{"floor":44.0,"key":"Bronze Scales"},{"floor":48,"key":"Regal Pillow"}],"event_choices":[{"cards_removed":["Strike_G"],"damage_healed":0.0,"max_hp_gain":0.0,"max_hp_loss":0.0,"gold_gain":0.0,"event_name":"Bonfire Elementals","player_choice":"Offered Basic","floor":2.0,"gold_loss":0.0,"damage_taken":0.0},{"damage_healed":0.0,"max_hp_gain":0.0,"max_hp_loss":0.0,"gold_gain":150.0,"event_name":"Liars Game","player_choice":"AGREE","floor":4.0,"gold_loss":0.0,"damage_taken":0.0,"cards_obtained":["Doubt"]},{"damage_healed":0.0,"max_hp_gain":5.0,"max_hp_loss":0.0,"gold_gain":0.0,"event_name":"Big Fish","player_choice":"Donut","floor":10.0,"gold_loss":0.0,"damage_taken":0.0},{"damage_healed":0.0,"max_hp_gain":0.0,"max_hp_loss":0.0,"gold_gain":50.0,"event_name":"Nest","player_choice":"Stole From Cult","floor":19.0,"gold_loss":0.0,"damage_taken":0.0},{"damage_healed":0.0,"max_hp_gain":0.0,"max_hp_loss":0.0,"gold_gain":0.0,"event_name":"Addict","player_choice":"Obtained Relic","floor":20.0,"gold_loss":85.0,"damage_taken":0.0,"relics_obtained":["Centennial Puzzle"]},{"damage_healed":0.0,"max_hp_gain":0.0,"max_hp_loss":0.0,"gold_gain":0.0,"event_name":"The Mausoleum","player_choice":"Ignored","floor":22.0,"gold_loss":0.0,"damage_taken":0.0},{"damage_healed":0.0,"max_hp_gain":5.0,"max_hp_loss":0.0,"gold_gain":0.0,"event_name":"Forgotten Altar","player_choice":"Shed Blood","floor":24.0,"gold_loss":0.0,"damage_taken":25.0},{"cards_removed":["Strike_G"],"damage_healed":0.0,"max_hp_gain":0.0,"max_hp_loss":0.0,"gold_gain":0.0,"event_name":"Beggar","player_choice":"Gave Gold","floor":30.0,"gold_loss":75.0,"damage_taken":0.0},{"damage_healed":0.0,"max_hp_gain":0.0,"max_hp_loss":0.0,"gold_gain":0.0,"event_name":"MindBloom","player_choice":"Fight","floor":42.0,"gold_loss":0.0,"damage_taken":0.0},{"damage_healed":0,"gold_gain":0,"player_choice":"Ignored","damage_taken":0,"max_hp_gain":0,"max_hp_loss":0,"event_name":"Mysterious Sphere","floor":45,"gold_loss":0}],"is_beta":false,"boss_relics":[{"not_picked":["Runic Dome","WristBlade"],"picked":"Philosopher\u0027s Stone"},{"not_picked":["SacredBark","Fusion Hammer"],"picked":"Runic Pyramid"}],"items_purged_floors":[11,37,46,54],"is_endless":false,"potions_floor_spawned":[5,6,7,12,14,18,23,25,29,35,38,40,42,55],"ascension_level":20}}