{"host":"zpql4quw4g2j1hsh","time":1609125634,"event":{"mods":["Act Like it!","BaseMod","Better-Laid Plans","Challenge The Spire","Googly Eyes","Lobotomy","LobotomyExtend","Minty Spire (QoL Compilation)","Permanent Neow","Quick Restart","Relic Stats","Spicy Shops","StSLib","SuperFastMode","The Hierophant","óô»ðÖ¸ÄÏ"],"gold_per_floor":[89,96,114,114,137,137,103,103],"floor_reached":7,"playtime":303,"items_purged":[],"score":43,"play_id":"6682e797-5176-4ce0-8a00-0dfbc276ca14","local_time":"20201228112034","is_ascension_mode":false,"campfire_choices":[{"data":"hierophant:OrnateBuckler","floor":6,"key":"SMITH"}],"circlet_count":0,"master_deck":["hierophant:Strike_Hierophant","hierophant:Strike_Hierophant","hierophant:Strike_Hierophant","hierophant:Strike_Hierophant","hierophant:Punish+1","hierophant:Defend_Hierophant","hierophant:Defend_Hierophant","hierophant:Defend_Hierophant","hierophant:Defend_Hierophant","hierophant:ChurchCoffers","hierophant:Doubloon","hierophant:CursedGold","hierophant:HolyVerse","hierophant:OrnateBuckler+1"],"relics":["hierophant:PropheticMaskRelic","LetterFromLob","NlothsMask"],"acts_visited":["Exordium"],"potions_floor_usage":[7,7],"damage_taken":[{"damage":3,"enemies":"Jaw Worm","floor":1,"turns":3},{"damage":1,"enemies":"Cultist","floor":2,"turns":3},{"damage":0,"enemies":"2 Louse","floor":3,"turns":1},{"damage":12,"enemies":"2 Fungi Beasts","floor":5,"turns":2},{"damage":76,"enemies":"Gremlin Nob","floor":7,"turns":4}],"seed_played":"-951239182395958920","potions_obtained":[{"floor":1,"key":"SkillPotion"},{"floor":3,"key":"Ancient Potion"}],"is_trial":false,"path_per_floor":["M","M","M","?","M","R","E"],"character_chosen":"HIEROPHANT","items_purchased":[],"campfire_rested":0,"item_purchase_floors":[],"current_hp_per_floor":[72,71,71,71,59,59,0,0],"gold":103,"neow_bonus":"UPGRADE_CARD","is_daily":false,"chose_seed":false,"campfire_upgraded":1,"win_rate":0.0,"timestamp":1609125634,"path_taken":["M","M","M","?","M","R","E"],"items_purchased_type":[],"build_version":"2020-12-22","purchased_purges":0,"victory":false,"max_hp_per_floor":[75,75,75,75,75,75,75,75],"relic_stats":{"counters":[5,13],"obtain_stats":[{"hierophant:PropheticMaskRelic":0,"LetterFromLob":1,"NlothsMask":4},{"hierophant:PropheticMaskRelic":0,"LetterFromLob":1,"NlothsMask":3},{"hierophant:PropheticMaskRelic":0,"LetterFromLob":3,"NlothsMask":7}]},"card_choices":[{"not_picked":["hierophant:Prophecy","hierophant:HammerAndAnvil"],"picked":"hierophant:CursedGold","floor":1},{"not_picked":["hierophant:Purify","hierophant:MirrorShield"],"picked":"hierophant:HolyVerse","floor":2},{"not_picked":["hierophant:HolyVerse","hierophant:Shelter"],"picked":"hierophant:OrnateBuckler","floor":3},{"not_picked":["hierophant:Shelter","hierophant:ThreeLashes","hierophant:HammerAndAnvil"],"picked":"SKIP","floor":5}],"player_experience":83,"relics_obtained":[{"floor":1,"key":"LetterFromLob"}],"event_choices":[{"damage_healed":0,"gold_gain":0,"player_choice":"Trade","damage_taken":0,"relics_obtained":["NlothsMask"],"max_hp_gain":0,"max_hp_loss":0,"event_name":"FaceTrader","floor":4,"gold_loss":0}],"is_beta":false,"boss_relics":[],"items_purged_floors":[],"is_endless":false,"potions_floor_spawned":[1,3],"killed_by":"Gremlin Nob","ascension_level":0}}