{"host":"jpzdg3po3tjxdjri","time":1609175559,"event":{"mods":["BaseMod","Better Third Choice","Colored Map","Colored Powertips","Minty Spire (QoL Compilation)","StSLib"],"gold_per_floor":[116,133,151,52,52,80,103,135,159,334,350,377,392,412,412,486,486,502,250,266,279,290,319,319,335,335,354,354,374,374,388,388,388,388],"floor_reached":33,"playtime":1301,"items_purged":["Doubt"],"score":523,"play_id":"a0c9a6e4-b301-4438-9829-137851cf300c","local_time":"20201228171239","is_ascension_mode":true,"campfire_choices":[{"floor":15,"key":"REST"},{"floor":28,"key":"REST"},{"floor":32,"key":"REST"}],"circlet_count":0,"master_deck":["AscendersBane","Strike_B","Strike_B","Strike_B","Strike_B","Defend_B","Defend_B","Defend_B","Defend_B","Zap+1","Dualcast","Genetic Algorithm","FTL","Coolheaded","Loop","Sweeping Beam","Reboot","Melter","Gash","Coolheaded","Gash","Ball Lightning","Hologram","Echo Form+1","Capacitor+1","Leap","Conserve Battery","Static Discharge+1","Ball Lightning","Reinforced Body","Loop+1","Stack","Go for the Eyes+1","Decay","Force Field+1"],"relics":["Cracked Core","Akabeko","Odd Mushroom","Juzu Bracelet","Regal Pillow","Frozen Egg 2","Nuclear Battery","DataDisk","Bag of Marbles","StrikeDummy"],"acts_visited":["Exordium","TheCity"],"potions_floor_usage":[7,8,16,21,23,27,33],"damage_taken":[{"damage":0,"enemies":"Cultist","floor":1,"turns":3},{"damage":2,"enemies":"Small Slimes","floor":2,"turns":4},{"damage":7,"enemies":"Jaw Worm","floor":3,"turns":4},{"damage":14,"enemies":"3 Sentries","floor":6,"turns":6},{"damage":1,"enemies":"The Mushroom Lair","floor":7,"turns":3},{"damage":5,"enemies":"Gremlin Nob","floor":8,"turns":3},{"damage":0,"enemies":"2 Fungi Beasts","floor":11,"turns":3},{"damage":27,"enemies":"Lagavulin","floor":12,"turns":6},{"damage":4,"enemies":"Looter","floor":13,"turns":3},{"damage":6,"enemies":"Exordium Thugs","floor":14,"turns":4},{"damage":38,"enemies":"The Guardian","floor":16,"turns":12},{"damage":12,"enemies":"Chosen","floor":18,"turns":3},{"damage":0,"enemies":"3 Byrds","floor":20,"turns":4},{"damage":3,"enemies":"Cultist and Chosen","floor":21,"turns":7},{"damage":5,"enemies":"Snake Plant","floor":22,"turns":3},{"damage":37,"enemies":"Slavers","floor":23,"turns":4},{"damage":0,"enemies":"Centurion and Healer","floor":25,"turns":5},{"damage":0,"enemies":"3 Cultists","floor":27,"turns":4},{"damage":18,"enemies":"Snecko","floor":29,"turns":5},{"damage":7,"enemies":"Cultist and Chosen","floor":31,"turns":3},{"damage":75,"enemies":"Champ","floor":33,"turns":9}],"seed_played":"-8132384783478115247","potions_obtained":[{"floor":3,"key":"Block Potion"},{"floor":7,"key":"Explosive Potion"},{"floor":8,"key":"SpeedPotion"},{"floor":12,"key":"AttackPotion"},{"floor":21,"key":"Swift Potion"},{"floor":25,"key":"Fire Potion"},{"floor":29,"key":"LiquidBronze"}],"is_trial":false,"path_per_floor":["M","M","M","$","?","E","?","E","T","?","M","E","M","M","R","B",null,"M","$","M","M","M","E","?","M","T","M","R","M","?","M","R","B"],"character_chosen":"DEFECT","items_purchased":["Loop","Sweeping Beam","Leap","DataDisk"],"campfire_rested":3,"item_purchase_floors":[4,4,19,19],"current_hp_per_floor":[64,62,55,55,60,46,45,40,40,40,40,13,9,3,40,2,58,46,46,46,43,38,1,1,1,1,1,38,20,20,13,50,0,0],"gold":388,"neow_bonus":"UPGRADE_CARD","is_daily":false,"chose_seed":false,"campfire_upgraded":0,"win_rate":0.0,"timestamp":1609175559,"path_taken":["M","M","M","$","?","E","?","E","T","?","M","E","M","M","R","BOSS","M","$","M","M","M","E","?","M","T","M","R","M","?","M","R","BOSS"],"items_purchased_type":["Card","Card","Card","Relic"],"build_version":"2020-12-22","purchased_purges":1,"victory":false,"max_hp_per_floor":[71,71,71,71,76,76,76,76,76,76,76,76,76,76,76,76,76,76,76,76,76,76,76,76,76,76,76,76,76,76,76,76,76,76],"card_choices":[{"not_picked":["Conserve Battery","Stack"],"picked":"Genetic Algorithm","floor":1},{"not_picked":["Steam Power","Heatsinks"],"picked":"FTL","floor":2},{"not_picked":["Fusion","Compile Driver"],"picked":"Coolheaded","floor":3},{"not_picked":["White Noise","Stack"],"picked":"Reboot","floor":6},{"not_picked":["Go for the Eyes","Blizzard"],"picked":"Melter","floor":7},{"not_picked":["Coolheaded","Beam Cell"],"picked":"Gash","floor":8},{"not_picked":["Skim","Sunder"],"picked":"Coolheaded","floor":11},{"not_picked":["Hologram","Coolheaded"],"picked":"Gash","floor":12},{"not_picked":["Capacitor+1","Turbo"],"picked":"Ball Lightning","floor":13},{"not_picked":["Melter","Darkness"],"picked":"Hologram","floor":14},{"not_picked":["Thunder Strike","Fission"],"picked":"Echo Form+1","floor":16},{"not_picked":["Leap","Darkness"],"picked":"Capacitor+1","floor":18},{"not_picked":["Sweeping Beam","Chaos"],"picked":"Conserve Battery","floor":20},{"not_picked":["Barrage","Skim"],"picked":"Static Discharge+1","floor":21},{"not_picked":["Barrage+1","Coolheaded+1"],"picked":"Ball Lightning","floor":22},{"not_picked":["Steam","Redo+1"],"picked":"Reinforced Body","floor":23},{"not_picked":["Turbo","Streamline"],"picked":"Loop+1","floor":25},{"not_picked":["Storm+1","Fission"],"picked":"Stack","floor":27},{"not_picked":["Streamline","Rip and Tear"],"picked":"Go for the Eyes+1","floor":29},{"not_picked":["Cold Snap","Blizzard"],"picked":"Force Field+1","floor":31}],"player_experience":809354,"relics_obtained":[{"floor":6,"key":"Akabeko"},{"floor":7,"key":"Odd Mushroom"},{"floor":8,"key":"Juzu Bracelet"},{"floor":9,"key":"Regal Pillow"},{"floor":12,"key":"Frozen Egg 2"},{"floor":23,"key":"Bag of Marbles"},{"floor":26,"key":"StrikeDummy"}],"event_choices":[{"damage_healed":0,"gold_gain":0,"player_choice":"Donut","damage_taken":0,"max_hp_gain":5,"max_hp_loss":0,"event_name":"Big Fish","floor":5,"gold_loss":0},{"damage_healed":0,"gold_gain":0,"player_choice":"Fought Mushrooms","damage_taken":0,"max_hp_gain":0,"max_hp_loss":0,"event_name":"Mushrooms","floor":7,"gold_loss":0},{"damage_healed":0,"gold_gain":175,"player_choice":"AGREE","damage_taken":159,"max_hp_gain":0,"max_hp_loss":0,"event_name":"betterThird:BetterSerpent","floor":10,"gold_loss":0},{"damage_healed":0,"gold_gain":0,"player_choice":"Ignored","damage_taken":0,"max_hp_gain":0,"max_hp_loss":0,"event_name":"Ghosts","floor":24,"gold_loss":0},{"damage_healed":0,"gold_gain":0,"player_choice":"Smashed Altar","damage_taken":0,"max_hp_gain":0,"max_hp_loss":0,"event_name":"Forgotten Altar","floor":30,"gold_loss":0,"cards_obtained":["Decay"]}],"is_beta":false,"boss_relics":[{"not_picked":["Empty Cage","Pandora\u0027s Box"],"picked":"Nuclear Battery"}],"items_purged_floors":[19],"is_endless":false,"potions_floor_spawned":[3,7,8,12,13,21,25,29],"killed_by":"Champ","ascension_level":14}}