{"host":"a0d98l75j0h1o085","time":1609191497,"event":{"mods":["AlwaysNeverKeys","BaseMod","Downfall","Highlight Path","Minty Spire (QoL Compilation)","StSLib"],"gold_per_floor":[99,114,124,124,124,154,154,173,173,203,215,226,254,45,63,160,210,210,222,254,272,372,372,398,398,409,409,327,348,383,368,386,386,386,386],"floor_reached":33,"playtime":8157,"items_purged":["hexamod:Defend"],"score":341,"play_id":"9b0626f6-2c73-48c2-a98e-f35e02bd96e7","local_time":"20201228213817","is_ascension_mode":true,"campfire_choices":[{"data":"hexamod:Float","floor":1.0,"key":"SMITH"},{"floor":9.0,"key":"REST"},{"data":"hexamod:TimeOfNeed","floor":18.0,"key":"SMITH"},{"data":"expansioncontent:QuickStudy","floor":23.0,"key":"SMITH"},{"data":"1","floor":27.0,"key":"LIFT"}],"circlet_count":0,"master_deck":["hexamod:Strike","hexamod:Strike","hexamod:Strike","hexamod:Defend","hexamod:Defend","hexamod:Defend","hexamod:Sear+1","hexamod:Float+1","hexamod:Firestarter","hexamod:EmpoweredFlame+1","hexamod:HeatShield","hexamod:FastForward","hexamod:ThermalTransfer+1","hexamod:FirstSeal","expansioncontent:QuickStudy+1","hexamod:FastForward","hexamod:TimeOfNeed+1","hexamod:EmpoweredFlame","hexamod:ExtraCrispy","hexamod:Hexaguard","hexamod:PowerFromBeyond+1","hexamod:EmpoweringStance","hexamod:SecondSeal","hexamod:FastForward","hexamod:Hexaguard","hexamod:InspiringFlames","hexamod:GhostLash+1"],"relics":["hexamod:SpiritBrand","Ice Cream","Molten Egg 2","Toy Ornithopter","Lantern","Tiny House","Red Mask","Eternal Feather","WingedGreaves","MealTicket","Girya","Strawberry"],"acts_visited":["Exordium","TheCity"],"potions_floor_usage":[],"damage_taken":[{"damage":0.0,"enemies":"2 Louse","floor":2.0,"turns":3.0},{"damage":0.0,"enemies":"Small Slimes","floor":3.0,"turns":3.0},{"damage":17.0,"enemies":"3 Sentries","floor":6.0,"turns":10.0},{"damage":0.0,"enemies":"Cultist","floor":8.0,"turns":3.0},{"damage":14.0,"enemies":"Gremlin Nob","floor":10.0,"turns":5.0},{"damage":0.0,"enemies":"Blue Slaver","floor":11.0,"turns":4.0},{"damage":0.0,"enemies":"2 Fungi Beasts","floor":12.0,"turns":3.0},{"damage":14.0,"enemies":"3 Sentries","floor":13.0,"turns":7.0},{"damage":0.0,"enemies":"downfall:FleeingMerchant","floor":14.0,"turns":4.0},{"damage":0.0,"enemies":"Red Slaver","floor":15.0,"turns":5.0},{"damage":5.0,"enemies":"downfall:Watcher","floor":16.0,"turns":5.0},{"damage":16.0,"enemies":"Spheric Guardian","floor":19.0,"turns":5.0},{"damage":22.0,"enemies":"Masked Bandits","floor":20.0,"turns":4.0},{"damage":22.0,"enemies":"Centurion and Healer","floor":21.0,"turns":7.0},{"damage":14.0,"enemies":"downfall:Ironclad","floor":22.0,"turns":6.0},{"damage":3.0,"enemies":"Snake Plant","floor":26.0,"turns":5.0},{"damage":4.0,"enemies":"downfall:FleeingMerchant","floor":28.0,"turns":4.0},{"damage":12.0,"enemies":"Snecko","floor":29.0,"turns":6.0},{"damage":38.0,"enemies":"Slavers","floor":30.0,"turns":5.0},{"damage":9.0,"enemies":"downfall:FleeingMerchant","floor":31.0,"turns":4.0},{"damage":4,"enemies":"Centurion and Healer","floor":32,"turns":7},{"damage":62,"enemies":"downfall:Silent","floor":33,"turns":8}],"seed_played":"8762484647292095726","potions_obtained":[{"floor":6.0,"key":"BlessingOfTheForge"},{"floor":8.0,"key":"SteroidPotion"},{"floor":13.0,"key":"ColorlessPotion"},{"floor":15.0,"key":"FearPotion"},{"floor":19.0,"key":"Explosive Potion"},{"floor":29.0,"key":"Strength Potion"},{"floor":32,"key":"sneckomod:MuddlingPotion"}],"is_trial":false,"path_per_floor":["R","M","M","?","?","E","T","M","R","E","M","M","E","$","M","B",null,"R","M","?","M","?","R","T","T","M","R","$","M","E","$","M","B"],"character_chosen":"THE_SPIRIT","items_purchased":["expansioncontent:QuickStudy"],"campfire_rested":1,"item_purchase_floors":[14],"current_hp_per_floor":[63,63,63,63,63,46,46,46,71,57,57,57,43,50,57,52,89,89,85,70,55,48,60,60,60,64,76,89,77,53,66,62,0,0,0],"gold":386,"neow_bonus":"TWENTY_PERCENT_HP_BONUS","is_daily":false,"chose_seed":false,"campfire_upgraded":3,"win_rate":0.0,"timestamp":1609191497,"path_taken":["R","M","M","?","?","E","T","M","R","E","M","?","E","$","M","BOSS","R","M","?","M","?","R","T","?","M","R","?","?","E","$","M","BOSS"],"items_purchased_type":["Card"],"build_version":"2020-12-22","purchased_purges":1,"victory":false,"max_hp_per_floor":[84,84,84,84,84,84,84,84,84,84,84,84,84,84,84,84,89,89,89,89,89,89,89,89,89,89,89,89,89,96,96,96,96,96,96],"card_choices":[{"not_picked":["hexamod:BurningTouch","hexamod:HauntingEcho"],"picked":"hexamod:Firestarter","floor":2.0},{"not_picked":["hexamod:DynamicBlow","hexamod:Hexaguard"],"picked":"hexamod:EmpoweredFlame","floor":3.0},{"not_picked":["hexamod:BacktrackSmack","hexamod:Haunt"],"picked":"hexamod:HeatShield","floor":6.0},{"not_picked":["hexamod:InspiringFlames","hexamod:NecessarySacrifice"],"picked":"hexamod:FastForward","floor":8.0},{"not_picked":["hexamod:PhantomCloak","hexamod:DynamicBlow+1"],"picked":"hexamod:ThermalTransfer+1","floor":10.0},{"not_picked":["hexamod:RecurringNightmare","hexamod:ShieldOfDarkness","hexamod:GhostShield"],"picked":"SKIP","floor":11.0},{"not_picked":["hexamod:RecurringNightmare","hexamod:NightmareGuise","hexamod:EtherealExpedition"],"picked":"SKIP","floor":12.0},{"not_picked":["hexamod:GhostOfSpirePresent","hexamod:SwordOfDarkness+1"],"picked":"hexamod:FirstSeal","floor":13.0},{"not_picked":["hexamod:GiftsFromTheDead","hexamod:ShieldOfDarkness","hexamod:GhostOfSpirePast"],"picked":"SKIP","floor":14.0},{"not_picked":["hexamod:Again","hexamod:RainOfEmbers+1"],"picked":"hexamod:FastForward","floor":15.0},{"not_picked":["hexamod:VolcanoVisage","hexamod:GiftsFromTheDead"],"picked":"hexamod:TimeOfNeed","floor":16.0},{"not_picked":["hexamod:SwordOfDarkness+1","hexamod:InspiringFlames"],"picked":"hexamod:EmpoweredFlame","floor":17.0},{"not_picked":["hexamod:BurningTouch","hexamod:GhostOfSpirePresent"],"picked":"hexamod:ExtraCrispy","floor":19.0},{"not_picked":["hexamod:Haunt","hexamod:AdvancingGuard"],"picked":"hexamod:Hexaguard","floor":20.0},{"not_picked":["hexamod:AdvancingGuard","hexamod:Rewind"],"picked":"hexamod:PowerFromBeyond+1","floor":21.0},{"not_picked":["hexamod:GhostLash+1","hexamod:Rewind+1"],"picked":"hexamod:EmpoweringStance","floor":22.0},{"not_picked":["hexamod:ShieldOfDarkness","hexamod:RecurringNightmare"],"picked":"hexamod:SecondSeal","floor":26.0},{"not_picked":["hexamod:PhantomCloak+1","hexamod:DynamicBlow+1"],"picked":"hexamod:FastForward","floor":28.0},{"not_picked":["hexamod:ShieldOfDarkness","hexamod:FastForward"],"picked":"hexamod:Hexaguard","floor":29.0},{"not_picked":["hexamod:RetreatToShadows","hexamod:NightmareStrike+1"],"picked":"hexamod:InspiringFlames","floor":30.0},{"not_picked":["hexamod:GhostOfSpirePast","hexamod:HauntingEcho+1","hexamod:ParanormalForm"],"picked":"SKIP","floor":31},{"not_picked":["hexamod:ShieldOfDarkness","hexamod:PowerFromBeyond"],"picked":"hexamod:GhostLash+1","floor":32}],"player_experience":798100,"relics_obtained":[{"floor":6.0,"key":"Ice Cream"},{"floor":7.0,"key":"Molten Egg 2"},{"floor":10.0,"key":"Toy Ornithopter"},{"floor":13.0,"key":"Lantern"},{"floor":20.0,"key":"Red Mask"},{"floor":22.0,"key":"Eternal Feather"},{"floor":22.0,"key":"WingedGreaves"},{"floor":24.0,"key":"MealTicket"},{"floor":25.0,"key":"Girya"},{"floor":30.0,"key":"Strawberry"}],"event_choices":[{"damage_healed":0.0,"max_hp_gain":0.0,"max_hp_loss":0.0,"gold_gain":0.0,"event_name":"Upgrade Shrine","player_choice":"Upgraded","floor":5.0,"gold_loss":0.0,"damage_taken":0.0,"cards_upgraded":["hexamod:EmpoweredFlame"]},{"damage_healed":0.0,"max_hp_gain":0.0,"max_hp_loss":0.0,"gold_gain":0.0,"event_name":"Masked Bandits","player_choice":"Fought Bandits","floor":20.0,"gold_loss":0.0,"damage_taken":0.0}],"is_beta":false,"boss_relics":[{"not_picked":["Velvet Choker","Pandora\u0027s Box"],"picked":"Tiny House"}],"items_purged_floors":[28],"is_endless":false,"potions_floor_spawned":[6,8,13,15,19,29,32],"killed_by":"downfall:Silent","ascension_level":2}}