{"host":"1m1p07melukt6ryq","time":1609186339,"event":{"mods":["2.2 Compatiblity","BaseMod","BetterRewards","Colored Map","Colored Powertips","Conspire","Googly Eyes","Highlight Path","Hubris","Infinite Spire","Minty Spire (QoL Compilation)","Permanent Neow","Rare Cards Sparkle","Shop Mod","StSLib","SuperFastMode"],"gold_per_floor":[117,136,146,146,146,177,191,218,244,27,39,50,50,67,67,165,165,184,184,6,6,6,37,37,37,37,37,47,59,9,9,9],"floor_reached":31,"playtime":1441,"items_purged":["Strike_B"],"score":616,"play_id":"9f58c02f-757f-4d3b-a873-e9972fb81d41","local_time":"20201228151219","is_ascension_mode":true,"campfire_choices":[{"floor":15,"key":"REST"},{"data":"Transmutation","floor":24,"key":"SMITH"}],"circlet_count":0,"master_deck":["Strike_B","Strike_B","Defend_B","Defend_B","Defend_B","Defend_B","Zap","Dualcast","Conserve Battery","Melter","Gash","Scrape","Hologram","Steam Power","FTL","Beam Cell","Echo Form","Steam","Seek","Conserve Battery+1","conspire:Blindness","Normality","Transmutation+1","hubris:StunningStrike","Shame","Sword Boomerang","Uppercut","conspire:SpireCoStock"],"relics":["PureWater","Incense Burner","WarpedTongs","infinitespire:Cubic Diamond","hubris:DisguiseKit","infinitespire:Lucky Rock","Bag of Preparation","DataDisk","hubris:BlackHole","conspire:SpecialSausage","Strange Spoon","infinitespire:CursedDice","Question Card","Meat on the Bone"],"acts_visited":["Exordium","TheCity"],"potions_floor_usage":[6,8,14,14,16,16,18,18,29],"damage_taken":[{"damage":0,"enemies":"2 Louse","floor":1,"turns":2},{"damage":5,"enemies":"Jaw Worm","floor":2,"turns":2},{"damage":0,"enemies":"Cultist","floor":3,"turns":3},{"damage":18,"enemies":"3 Sentries","floor":6,"turns":9},{"damage":8,"enemies":"Large Slime","floor":7,"turns":4},{"damage":21,"enemies":"Lagavulin","floor":8,"turns":5},{"damage":0,"enemies":"3 Louse","floor":11,"turns":4},{"damage":0,"enemies":"Exordium Wildlife","floor":12,"turns":4},{"damage":0,"enemies":"Large Slime","floor":14,"turns":3},{"damage":0,"enemies":"Hexaghost","floor":16,"turns":8},{"damage":0,"enemies":"3 Byrds","floor":18,"turns":2},{"damage":0,"enemies":"Book of Stabbing","floor":23,"turns":1},{"damage":0,"enemies":"Chosen","floor":28,"turns":3},{"damage":11,"enemies":"Snake Plant","floor":29,"turns":4},{"damage":0,"enemies":"Gremlin Leader","floor":31,"turns":1}],"seed_played":"6399481612845170848","potions_obtained":[{"floor":1,"key":"Swift Potion"},{"floor":6,"key":"BlessingOfTheForge"},{"floor":8,"key":"PowerPotion"},{"floor":16,"key":"PowerPotion"},{"floor":18,"key":"SpeedPotion"},{"floor":28,"key":"BlessingOfTheForge"}],"is_trial":false,"path_per_floor":["M","M","M","?","?","E","M","E","T","$","M","M","?","M","R","B",null,"M","?","$","?","AVR","E","R","$","T","?","M","M","?","E"],"character_chosen":"DEFECT","items_purchased":["Conserve Battery","FTL","EntropicBrew","Transmutation"],"campfire_rested":1,"item_purchase_floors":[0,10,10,20],"current_hp_per_floor":[68,63,63,56,56,38,30,9,9,9,9,9,6,6,28,28,63,63,63,63,49,49,49,49,49,49,49,49,50,50,50,50],"gold":9,"neow_bonus":"","is_daily":false,"chose_seed":false,"campfire_upgraded":1,"win_rate":0.0,"timestamp":1609186339,"path_taken":["M","M","M","?","?","E","M","E","T","$","M","M","?","?","R","BOSS","M","?","$","?","AVR","E","R","$","T","?","?","M","?","E"],"items_purchased_type":["Card","Card","Potion","Card"],"build_version":"2020-12-22","purchased_purges":1,"victory":false,"max_hp_per_floor":[75,75,75,75,75,75,75,75,75,75,75,75,75,75,75,75,75,75,75,75,80,80,80,80,80,80,80,80,80,80,80,80],"card_choices":[{"not_picked":["Conserve Battery","Reinforced Body"],"picked":"Melter","floor":1},{"not_picked":["conspire:SharedLibrary","Leap"],"picked":"Gash","floor":2},{"not_picked":["Fusion","Heatsinks","Rip and Tear"],"picked":"SKIP","floor":3},{"not_picked":["Consume","Steam"],"picked":"Scrape","floor":6},{"not_picked":["Go for the Eyes","Fusion","hubris:SharpeningStone"],"picked":"Hologram","floor":7},{"not_picked":["Barrage","Conserve Battery","Bloodletting"],"picked":"Steam Power","floor":8},{"not_picked":["Chaos","Sweeping Beam","Searing Blow"],"picked":"Beam Cell","floor":11},{"not_picked":["Aggregate","Capacitor","Body Slam"],"picked":"Echo Form","floor":12},{"not_picked":["Rebound","Barrage","Clothesline"],"picked":"Steam","floor":14},{"not_picked":["Biased Cognition","Multi-Cast","Corruption"],"picked":"Seek","floor":16},{"not_picked":["Turbo","Beam Cell","Rage"],"picked":"Conserve Battery+1","floor":18},{"not_picked":["infinitespire:Punishment","infinitespire:Collect"],"picked":"infinitespire:SealOfDarkness+","floor":19},{"not_picked":["Chill","Rip and Tear","Steam"],"picked":"hubris:StunningStrike","floor":23},{"not_picked":["Cold Snap","Go for the Eyes+1","Rebound","Hologram+1"],"picked":"Sword Boomerang","floor":28},{"not_picked":["Cold Snap","Streamline","Stack","All For One"],"picked":"Uppercut","floor":29}],"player_experience":400815,"relics_obtained":[{"floor":6,"key":"hubris:DisguiseKit"},{"floor":8,"key":"infinitespire:Lucky Rock"},{"floor":9,"key":"Bag of Preparation"},{"floor":23,"key":"infinitespire:CursedDice"},{"floor":26,"key":"Question Card"}],"event_choices":[{"cards_removed":["Strike_B"],"damage_healed":0,"gold_gain":0,"player_choice":"Card Removal","damage_taken":7,"max_hp_gain":0,"max_hp_loss":0,"event_name":"Golden Wing","floor":4,"gold_loss":0},{"damage_healed":0,"gold_gain":0,"player_choice":"Success","damage_taken":3,"relics_obtained":["DataDisk"],"max_hp_gain":0,"max_hp_loss":0,"event_name":"Scrap Ooze","floor":13,"gold_loss":0},{"damage_healed":0,"gold_gain":0,"player_choice":"Shed Blood","damage_taken":19,"max_hp_gain":5,"max_hp_loss":0,"event_name":"Forgotten Altar","floor":21,"gold_loss":0},{"damage_healed":0,"gold_gain":0,"player_choice":"Stole Relic","damage_taken":0,"relics_obtained":["Meat on the Bone"],"max_hp_gain":0,"max_hp_loss":0,"event_name":"Addict","floor":27,"gold_loss":0,"cards_obtained":["Shame"]},{"damage_healed":0,"gold_gain":0,"player_choice":"Invest 1","damage_taken":0,"max_hp_gain":0,"max_hp_loss":0,"event_name":"conspire:Investor","floor":30,"gold_loss":0}],"is_beta":false,"boss_relics":[{"not_picked":["Cursed Key","conspire:SeveredTorchhead"],"picked":"hubris:BlackHole"}],"items_purged_floors":[10],"is_endless":false,"potions_floor_spawned":[1,6,8,16,18,28],"killed_by":"Gremlin Leader","ascension_level":8}}