{"host":"qxeepl7ydvsgmfdb","time":1609160548,"event":{"mods":["AchievementEnabler","BaseMod","Colored Powertips","Minty Spire (QoL Compilation)","Quick Restart","slay the spire mod where everything is the same but ironclad has a cowboy hat"],"gold_per_floor":[115,115,127,127,78,78,104,104,104,120,0,16,16,54,54,179,179,195,219,219,242,69,112,112,112,112,38,38,79,93,93,93,213,213,236,251,183,183,206,206,221,221,221],"floor_reached":42,"playtime":1482,"items_purged":["Injury","Blizzard+1"],"score":519,"play_id":"576e16e6-c4b1-49ea-8362-ffdd749e735a","local_time":"20201228080228","is_ascension_mode":false,"campfire_choices":[{"data":"Chaos","floor":6.0,"key":"SMITH"},{"floor":13.0,"key":"REST"},{"floor":15.0,"key":"REST"},{"floor":24.0,"key":"REST"},{"floor":32.0,"key":"REST"},{"floor":40,"key":"RECALL"}],"circlet_count":0,"master_deck":["Strike_B","Strike_B+1","Strike_B","Defend_B","Defend_B","Zap+1","Dualcast","Coolheaded","Chaos+1","Sweeping Beam","Rainbow","Beam Cell","Redo","Leap","Electrodynamics+1","Leap+1","Darkness","Defragment+1","Cold Snap","RitualDagger","Chaos","Defragment+1","Capacitor+1","Writhe"],"relics":["Cracked Core","Pen Nib","Golden Idol","Frozen Egg 2","Mango","Astrolabe","Pear","Gremlin Horn","Orichalcum","Boot","Philosopher\u0027s Stone"],"acts_visited":["Exordium","TheCity","TheBeyond"],"potions_floor_usage":[39],"damage_taken":[{"damage":8.0,"enemies":"2 Louse","floor":1.0,"turns":2.0},{"damage":4.0,"enemies":"Jaw Worm","floor":3.0,"turns":4.0},{"damage":10.0,"enemies":"3 Sentries","floor":7.0,"turns":7.0},{"damage":3.0,"enemies":"Small Slimes","floor":10.0,"turns":3.0},{"damage":2.0,"enemies":"Exordium Thugs","floor":12.0,"turns":3.0},{"damage":16.0,"enemies":"Lagavulin","floor":14.0,"turns":4.0},{"damage":27.0,"enemies":"The Guardian","floor":16.0,"turns":11.0},{"damage":21.0,"enemies":"Shell Parasite","floor":18.0,"turns":4.0},{"damage":8.0,"enemies":"Chosen","floor":19.0,"turns":4.0},{"damage":12.0,"enemies":"Centurion and Healer","floor":21.0,"turns":5.0},{"damage":27.0,"enemies":"Slavers","floor":23.0,"turns":2.0},{"damage":0.0,"enemies":"Gremlin Leader","floor":29.0,"turns":5.0},{"damage":30.0,"enemies":"Snecko","floor":30.0,"turns":7.0},{"damage":46.0,"enemies":"Champ","floor":33.0,"turns":15.0},{"damage":4.0,"enemies":"3 Darklings","floor":35.0,"turns":3.0},{"damage":11.0,"enemies":"3 Shapes","floor":36.0,"turns":2.0},{"damage":42,"enemies":"Writhing Mass","floor":39,"turns":4},{"damage":15,"enemies":"4 Shapes","floor":41,"turns":5},{"damage":75,"enemies":"Giant Head","floor":42,"turns":8}],"seed_played":"-5889175843203806711","potions_obtained":[{"floor":3.0,"key":"Block Potion"},{"floor":7.0,"key":"FocusPotion"},{"floor":10.0,"key":"BlessingOfTheForge"},{"floor":16.0,"key":"LiquidMemories"},{"floor":18.0,"key":"Strength Potion"},{"floor":19.0,"key":"Swift Potion"},{"floor":29.0,"key":"EssenceOfSteel"},{"floor":30.0,"key":"Block Potion"},{"floor":33.0,"key":"LiquidMemories"},{"floor":35.0,"key":"SteroidPotion"},{"floor":36.0,"key":"DistilledChaos"},{"floor":41,"key":"BlessingOfTheForge"}],"is_trial":false,"path_per_floor":["M","?","M","?","$","R","E","?","T","M","$","M","R","E","R","B",null,"M","M","?","M","$","E","R","?","T","$","?","E","M","?","R","B",null,"M","M","$","?","M","R","M","E"],"character_chosen":"DEFECT","items_purchased":["Sweeping Beam","Redo","Defragment+1","Chaos","Capacitor+1"],"campfire_rested":4,"item_purchase_floors":[5,11,22,27,37],"current_hp_per_floor":[74,74,70,54,54,54,44,44,44,41,41,39,63,61,89,62,96,75,67,106,94,94,77,111,105,105,105,105,105,75,75,109,63,116,112,101,101,116,74,74,59,0,0],"gold":221,"neow_bonus":"TEN_PERCENT_HP_BONUS","is_daily":false,"chose_seed":false,"campfire_upgraded":1,"win_rate":0.0,"timestamp":1609160548,"path_taken":["M","?","M","?","$","R","E","?","T","?","$","M","R","E","R","BOSS","M","M","?","?","$","E","R","?","T","$","?","E","M","?","R","BOSS","M","M","?","?","?","R","M","E"],"items_purchased_type":["Card","Card","Card","Card","Card"],"build_version":"2020-12-22","purchased_purges":2,"victory":false,"max_hp_per_floor":[82,82,82,82,82,82,82,82,82,82,82,82,82,96,96,96,96,96,96,106,106,106,116,116,116,116,116,116,116,116,116,116,116,116,116,116,116,116,116,116,116,116,116],"card_choices":[{"not_picked":["Fusion","Leap"],"picked":"Coolheaded","floor":1.0},{"not_picked":["BootSequence","Stack"],"picked":"Chaos","floor":3.0},{"not_picked":["Steam","Beam Cell"],"picked":"Rainbow","floor":7.0},{"not_picked":["Hello World+1","Streamline"],"picked":"Beam Cell","floor":10.0},{"not_picked":["Rebound","Conserve Battery","Recycle"],"picked":"SKIP","floor":12.0},{"not_picked":["Compile Driver","Steam"],"picked":"Leap","floor":14.0},{"not_picked":["Meteor Strike","Echo Form+1"],"picked":"Electrodynamics+1","floor":16.0},{"not_picked":["Barrage","Reinforced Body","Heatsinks+1"],"picked":"SKIP","floor":18.0},{"not_picked":["Gash","Hologram"],"picked":"Darkness","floor":19.0},{"not_picked":["Coolheaded","Sweeping Beam","Steam"],"picked":"SKIP","floor":21.0},{"not_picked":["Compile Driver","Leap+1"],"picked":"Cold Snap","floor":23.0},{"not_picked":["Stack","Skim+1","Self Repair+1"],"picked":"SKIP","floor":29.0},{"not_picked":["Cold Snap+1","Gash","Multi-Cast"],"picked":"SKIP","floor":30.0},{"not_picked":["Steam+1","Hello World+1"],"picked":"Defragment+1","floor":35.0},{"not_picked":["Redo","FTL","Force Field"],"picked":"SKIP","floor":36.0},{"not_picked":["Streamline+1","Coolheaded","Conserve Battery"],"picked":"SKIP","floor":39},{"not_picked":["Melter","Scrape","Tempest+1"],"picked":"SKIP","floor":41}],"player_experience":411616,"relics_obtained":[{"floor":7.0,"key":"Pen Nib"},{"floor":9.0,"key":"Frozen Egg 2"},{"floor":14.0,"key":"Mango"},{"floor":23.0,"key":"Pear"},{"floor":26.0,"key":"Gremlin Horn"},{"floor":29.0,"key":"Boot"}],"event_choices":[{"damage_healed":0.0,"max_hp_gain":0.0,"max_hp_loss":0.0,"gold_gain":0.0,"event_name":"Living Wall","player_choice":"Grow","floor":2.0,"gold_loss":0.0,"damage_taken":0.0,"cards_upgraded":["Zap"]},{"damage_healed":0.0,"max_hp_gain":0.0,"max_hp_loss":0.0,"gold_gain":0.0,"event_name":"Shining Light","player_choice":"Entered Light","floor":4.0,"gold_loss":0.0,"damage_taken":16.0,"cards_upgraded":["Strike_B","Defend_B"]},{"damage_healed":0.0,"max_hp_gain":0.0,"max_hp_loss":0.0,"gold_gain":0.0,"event_name":"Golden Idol","player_choice":"Take Wound","floor":8.0,"gold_loss":0.0,"damage_taken":0.0,"relics_obtained":["Golden Idol"],"cards_obtained":["Injury"]},{"cards_removed":["Echo Form"],"damage_healed":29.0,"max_hp_gain":10.0,"max_hp_loss":0.0,"gold_gain":0.0,"event_name":"Bonfire Elementals","player_choice":"Offered Rare","floor":20.0,"gold_loss":0.0,"damage_taken":0.0},{"damage_healed":0.0,"max_hp_gain":0.0,"max_hp_loss":0.0,"gold_gain":0.0,"event_name":"Nest","player_choice":"Joined the Cult","floor":25.0,"gold_loss":0.0,"damage_taken":6.0,"cards_obtained":["RitualDagger"]},{"damage_healed":0.0,"max_hp_gain":0.0,"max_hp_loss":0.0,"gold_gain":0.0,"event_name":"The Mausoleum","player_choice":"Opened","floor":28.0,"gold_loss":0.0,"damage_taken":0.0,"relics_obtained":["Orichalcum"],"cards_obtained":["Writhe"]},{"cards_removed":["Writhe"],"damage_healed":0.0,"max_hp_gain":0.0,"max_hp_loss":0.0,"gold_gain":0.0,"event_name":"Fountain of Cleansing","player_choice":"Removed Curses","floor":31.0,"gold_loss":0.0,"damage_taken":0.0},{"damage_healed":29.0,"max_hp_gain":0.0,"max_hp_loss":0.0,"gold_gain":0.0,"event_name":"Winding Halls","player_choice":"Writhe","floor":38.0,"gold_loss":0.0,"damage_taken":0.0,"cards_obtained":["Writhe"]}],"is_beta":false,"boss_relics":[{"not_picked":["Ectoplasm","SlaversCollar"],"picked":"Astrolabe"},{"not_picked":["Busted Crown","Fusion Hammer"],"picked":"Philosopher\u0027s Stone"}],"items_purged_floors":[11,22],"is_endless":false,"potions_floor_spawned":[3,7,10,16,18,19,29,30,33,35,36,41],"killed_by":"Giant Head","ascension_level":0}}