{"host":"1lhpgrjjhxx10cx0","time":1609137426,"event":{"mods":["Arknights The Spire","BaseMod","CapriCore","Friendly Minions","Highlight Path","Minty Spire (QoL Compilation)","Permanent Neow","Quick Restart","StSLib","The Alterego","The Immortal","Waifu the Spire","Yakumo Yukari mod","≤–¡Ù÷ÆŒÔ"],"gold_per_floor":[113,129,129,149,164,164,89,89,136,136,154,181,256,272,272,272,272],"floor_reached":16,"playtime":552,"items_purged":["ats:Defend"],"score":102,"play_id":"6cdca4c9-b9b5-469e-80be-bd96994982d4","local_time":"20201228143706","is_ascension_mode":false,"campfire_choices":[{"data":"ats:Emotion Absorption","floor":6.0,"key":"SMITH"},{"floor":15.0,"key":"REST"}],"circlet_count":0,"master_deck":["ats:Strike C","ats:Strike G","ats:Strike S","ats:Armor Crushing Shot","ats:Defend","ats:Defend","ats:Defend","ats:Emotion Absorption+1","ats:Poison Spread","ats:Apocalypse","ats:Ambush","ats:Poison Spread","ats:Consecutive Shot Auto"],"relics":["ats:Sanity","ats:Berate","Nunchaku","Unceasing Top","ats:Originium","ats:MaxSp4"],"acts_visited":["Exordium"],"potions_floor_usage":[16,16],"damage_taken":[{"damage":10.0,"enemies":"Cultist","floor":1.0,"turns":4.0},{"damage":10.0,"enemies":"Small Slimes","floor":2.0,"turns":3.0},{"damage":1.0,"enemies":"Jaw Worm","floor":4.0,"turns":4.0},{"damage":11.0,"enemies":"2 Fungi Beasts","floor":5.0,"turns":3.0},{"damage":18.0,"enemies":"Red Slaver","floor":11.0,"turns":4.0},{"damage":9.0,"enemies":"Gremlin Nob","floor":12.0,"turns":6.0},{"damage":5.0,"enemies":"Looter","floor":14.0,"turns":2.0},{"damage":30,"enemies":"Hexaghost","floor":16,"turns":7}],"seed_played":"-7062676321983661189","potions_obtained":[{"floor":1.0,"key":"FearPotion"},{"floor":11.0,"key":"ColorlessPotion"},{"floor":12.0,"key":"DistilledChaos"}],"is_trial":false,"path_per_floor":["M","M","?","M","M","R","$","?","T","T","M","E","?","M","R","B"],"character_chosen":"DOCTOR_CLASS","items_purchased":[],"campfire_rested":1,"item_purchase_floors":[],"current_hp_per_floor":[62,52,52,51,40,40,40,40,40,40,30,21,10,9,30,4,4],"gold":272,"neow_bonus":"RANDOM_COMMON_RELIC","is_daily":false,"chose_seed":false,"campfire_upgraded":1,"win_rate":0.0,"timestamp":1609137426,"path_taken":["M","?","?","M","M","R","$","?","T","?","M","E","?","M","R","BOSS"],"items_purchased_type":[],"build_version":"2020-12-22","purchased_purges":1,"victory":false,"max_hp_per_floor":[72,72,72,72,72,72,72,72,72,72,72,72,72,72,72,72,72],"card_choices":[{"not_picked":["ats:LN2 Cannon","ats:Childhood Dance"],"picked":"ats:Poison Spread","floor":1.0},{"not_picked":["ats:Flexible Camouflage","ats:Childhood Dance","ats:Assault Order"],"picked":"SKIP","floor":2.0},{"not_picked":["ats:Very Hot Blade","ats:Hammer On","ats:Beaten Up"],"picked":"SKIP","floor":4.0},{"not_picked":["ats:Mental Burst","ats:Directed Diagnosis"],"picked":"ats:Apocalypse","floor":5.0},{"not_picked":["ats:Curse Doll","ats:Support Order"],"picked":"ats:Ambush","floor":11.0},{"not_picked":["ats:Curse Doll","ats:Revitalization"],"picked":"ats:Poison Spread","floor":12.0},{"not_picked":["ats:Leaping Hammer","ats:Shell Defense"],"picked":"ats:Consecutive Shot Auto","floor":14.0}],"player_experience":88201,"relics_obtained":[{"floor":9.0,"key":"Nunchaku"},{"floor":10.0,"key":"Unceasing Top"},{"floor":12.0,"key":"ats:Originium"},{"floor":12.0,"key":"ats:MaxSp4"}],"event_choices":[{"cards_removed":["ats:Strike V"],"damage_healed":0.0,"max_hp_gain":0.0,"max_hp_loss":0.0,"gold_gain":0.0,"event_name":"Living Wall","player_choice":"Forget","floor":8.0,"gold_loss":0.0,"damage_taken":0.0},{"damage_healed":0.0,"max_hp_gain":0.0,"max_hp_loss":0.0,"gold_gain":75.0,"event_name":"World of Goop","player_choice":"Gather Gold","floor":13.0,"gold_loss":0.0,"damage_taken":11.0}],"is_beta":false,"boss_relics":[],"items_purged_floors":[7],"is_endless":false,"potions_floor_spawned":[1,11,12],"killed_by":"Hexaghost","ascension_level":0}}