{"host":"0ar1jlbqb4mx1ck3","time":1609194056,"event":{"mods":["BaseMod","Colored Map","Colored Powertips","Highlight Path","Minty Spire (QoL Compilation)","StSLib"],"gold_per_floor":[112,126,126,58,68,95,95,112,161,181,191,201,201,201,201,305,305,319,192,292,305,316,316,316,316],"floor_reached":24,"playtime":1231,"items_purged":["Strike_P"],"score":200,"play_id":"7b472bb2-225c-4695-aaf3-175121ef7d35","local_time":"20201228172056","daily_mods":["Uncertain Future"],"is_ascension_mode":false,"campfire_choices":[{"data":"Eruption","floor":7,"key":"SMITH"},{"floor":13,"key":"REST"},{"data":"Establishment","floor":15,"key":"SMITH"},{"floor":23,"key":"REST"}],"circlet_count":0,"master_deck":["Strike_P","Strike_P","Strike_P","Defend_P","Defend_P","Defend_P","Eruption+1","Vigilance","Wallop","DeceiveReality","Establishment+1","Wallop","CutThroughFate","Halt","Crescendo","EmptyBody","WindmillStrike","Crescendo","Tantrum","BattleHymn","Halt","ClearTheMind"],"relics":["PureWater","Darkstone Periapt","Smiling Mask","Dead Branch","Cursed Key"],"acts_visited":["Exordium","TheCity"],"potions_floor_usage":[6,12,22,24],"damage_taken":[{"damage":0,"enemies":"2 Louse","floor":1,"turns":2},{"damage":0,"enemies":"Cultist","floor":2,"turns":2},{"damage":0,"enemies":"Small Slimes","floor":5,"turns":2},{"damage":33,"enemies":"Lagavulin","floor":6,"turns":5},{"damage":12,"enemies":"Red Slaver","floor":8,"turns":3},{"damage":0,"enemies":"Looter","floor":10,"turns":2},{"damage":2,"enemies":"Blue Slaver","floor":11,"turns":5},{"damage":10,"enemies":"Large Slime","floor":12,"turns":6},{"damage":13,"enemies":"Slime Boss","floor":16,"turns":11},{"damage":27,"enemies":"Shell Parasite","floor":18,"turns":3},{"damage":3,"enemies":"3 Byrds","floor":21,"turns":4},{"damage":12,"enemies":"Shelled Parasite and Fungi","floor":22,"turns":2},{"damage":59,"enemies":"Slavers","floor":24,"turns":3}],"seed_played":"29495148733922","potions_obtained":[{"floor":2,"key":"Fire Potion"},{"floor":5,"key":"AttackPotion"},{"floor":6,"key":"DistilledChaos"},{"floor":18,"key":"DistilledChaos"},{"floor":22,"key":"Dexterity Potion"}],"is_trial":true,"path_per_floor":["M","M","?","$","M","E","R","M","T","M","M","M","R","T","R","B",null,"M","$","?","M","M","R","E"],"character_chosen":"WATCHER","items_purchased":["Wallop","BattleHymn"],"campfire_rested":2,"item_purchase_floors":[4,19],"current_hp_per_floor":[72,72,72,72,72,39,39,27,27,27,25,15,36,36,36,23,72,45,45,45,42,30,51,0,0],"gold":316,"neow_bonus":"","is_daily":false,"chose_seed":true,"campfire_upgraded":2,"win_rate":0.0,"timestamp":1609194056,"path_taken":["M","M","?","$","?","E","R","M","T","M","M","M","R","?","R","BOSS","M","$","?","M","?","R","E"],"items_purchased_type":["Card","Card"],"build_version":"2020-12-22","purchased_purges":1,"victory":false,"max_hp_per_floor":[72,72,72,72,72,72,72,72,72,72,72,72,72,72,72,72,72,72,72,72,72,72,72,72,72],"card_choices":[{"not_picked":["FlurryOfBlows","Prostrate"],"picked":"Wallop","floor":1},{"not_picked":["PathToVictory","ClearTheMind"],"picked":"DeceiveReality","floor":2},{"not_picked":["MentalFortress","Protect"],"picked":"CutThroughFate","floor":5},{"not_picked":["DeceiveReality","WaveOfTheHand"],"picked":"Halt","floor":6},{"not_picked":["Devotion","BowlingBash"],"picked":"Crescendo","floor":8},{"not_picked":["PathToVictory","Consecrate"],"picked":"EmptyBody","floor":10},{"not_picked":["EmptyBody","InnerPeace"],"picked":"WindmillStrike","floor":11},{"not_picked":["Study","PathToVictory"],"picked":"Crescendo","floor":12},{"not_picked":["FlurryOfBlows","Fasting2"],"picked":"Tantrum","floor":18},{"not_picked":["SashWhip","Evaluate"],"picked":"Halt","floor":21},{"not_picked":["Vengeance","Consecrate"],"picked":"ClearTheMind","floor":22}],"player_experience":368593,"relics_obtained":[{"floor":6,"key":"Darkstone Periapt"},{"floor":9,"key":"Smiling Mask"},{"floor":14,"key":"Dead Branch"}],"event_choices":[{"damage_healed":0,"gold_gain":0,"cards_transformed":["Defend_P"],"player_choice":"Transformed","damage_taken":0,"max_hp_gain":0,"max_hp_loss":0,"event_name":"Transmorgrifier","floor":3,"gold_loss":0,"cards_obtained":["Establishment"]},{"damage_healed":0,"gold_gain":100,"player_choice":"Pray","damage_taken":0,"max_hp_gain":0,"max_hp_loss":0,"event_name":"Golden Shrine","floor":20,"gold_loss":0}],"is_beta":false,"boss_relics":[{"not_picked":["VioletLotus","Coffee Dripper"],"picked":"Cursed Key"}],"items_purged_floors":[19],"is_endless":false,"potions_floor_spawned":[2,5,6,18,22],"killed_by":"Slavers","ascension_level":0}}