{"host":"kpyoctgc7jne3jiy","time":1609114116,"event":{"mods":["AchievementEnabler","BaseMod","Minty Spire (QoL Compilation)","Relic Stats","Slay-I"],"gold_per_floor":[114,129,144,159,174,204,215,185,185,185,200,215,215,215,215,215,215],"floor_reached":16,"playtime":475,"items_purged":[],"score":104,"play_id":"4be382f4-6ad0-4fc0-8862-3e53afb6be7d","local_time":"20201228010836","daily_mods":["Chimera","Red Cards","Lethality"],"is_ascension_mode":false,"campfire_choices":[{"floor":10,"key":"REST"},{"floor":13,"key":"REST"},{"data":"Armaments","floor":15,"key":"SMITH"}],"circlet_count":0,"master_deck":["Bash","Survivor","Zap","Eruption","Strike_R","Strike_G","Strike_B","Defend_R","Defend_G","Defend_P","Armaments+1","Consecrate","EmptyFist","EmptyBody","Cleave","Metallicize"],"relics":["PureWater","Regal Pillow","Odd Mushroom","Question Card"],"acts_visited":["Exordium"],"potions_floor_usage":[6,11,12],"damage_taken":[{"damage":0.0,"enemies":"2 Louse","floor":1.0,"turns":2.0},{"damage":0.0,"enemies":"Small Slimes","floor":2.0,"turns":2.0},{"damage":0.0,"enemies":"Cultist","floor":3.0,"turns":2.0},{"damage":4,"enemies":"Blue Slaver","floor":4,"turns":3},{"damage":12,"enemies":"Red Slaver","floor":5,"turns":4},{"damage":34,"enemies":"Lagavulin","floor":6,"turns":3},{"damage":18,"enemies":"The Mushroom Lair","floor":7,"turns":3},{"damage":7,"enemies":"Exordium Wildlife","floor":11,"turns":4},{"damage":38,"enemies":"Lots of Slimes","floor":12,"turns":3},{"damage":66,"enemies":"Hexaghost","floor":16,"turns":7}],"seed_played":"4726349093531193793","potions_obtained":[{"floor":3.0,"key":"CultistPotion"},{"floor":4,"key":"BlessingOfTheForge"},{"floor":5,"key":"BottledMiracle"},{"floor":8,"key":"Regen Potion"}],"is_trial":false,"path_per_floor":["M","M","M","M","M","E","?","?","T","R","M","M","R","?","R","B"],"character_chosen":"WATCHER","items_purchased":[],"campfire_rested":2,"item_purchase_floors":[],"current_hp_per_floor":[72,72,72,68,56,22,4,4,4,40,45,7,43,48,48,0,0],"gold":215,"neow_bonus":"","is_daily":true,"chose_seed":false,"campfire_upgraded":1,"win_rate":0.0,"timestamp":1609114116,"path_taken":["M","M","M","M","M","E","?","?","T","R","M","?","R","?","R","BOSS"],"items_purchased_type":[],"build_version":"2020-12-22","purchased_purges":0,"victory":false,"max_hp_per_floor":[72,72,72,72,72,72,72,72,72,72,72,72,72,77,77,77,77],"relic_stats":{"Regal Pillow":30,"counters":[10,33],"Question Card":2,"obtain_stats":[{"Regal Pillow":6,"PureWater":0,"Odd Mushroom":7,"Question Card":9},{"Regal Pillow":6,"PureWater":0,"Odd Mushroom":7,"Question Card":7},{"Regal Pillow":16,"PureWater":0,"Odd Mushroom":19,"Question Card":19}]},"card_choices":[{"not_picked":["Warcry","Power Through"],"picked":"Armaments","floor":1.0},{"not_picked":["ThirdEye","ReachHeaven","Study"],"picked":"SKIP","floor":2.0},{"not_picked":["Whirlwind","Wild Strike"],"picked":"Consecrate","floor":3.0},{"not_picked":["TalkToTheHand","Wild Strike"],"picked":"EmptyFist","floor":4},{"not_picked":["JustLucky","Seeing Red"],"picked":"EmptyBody","floor":5},{"not_picked":["Uppercut","ThirdEye"],"picked":"Cleave","floor":6},{"not_picked":["Protect","Armaments","MasterReality"],"picked":"Metallicize","floor":11},{"not_picked":["ClearTheMind","Wireheading","Ghostly Armor","Pommel Strike"],"picked":"SKIP","floor":12}],"player_experience":248731,"relics_obtained":[{"floor":6,"key":"Regal Pillow"},{"floor":7,"key":"Odd Mushroom"},{"floor":9,"key":"Question Card"}],"event_choices":[{"damage_healed":0,"gold_gain":0,"player_choice":"Fought Mushrooms","damage_taken":0,"max_hp_gain":0,"max_hp_loss":0,"event_name":"Mushrooms","floor":7,"gold_loss":0},{"damage_healed":0,"gold_gain":0,"player_choice":"Bought 2 Potions","damage_taken":0,"max_hp_gain":0,"max_hp_loss":0,"event_name":"The Woman in Blue","floor":8,"gold_loss":0},{"damage_healed":0,"gold_gain":0,"player_choice":"Donut","damage_taken":0,"max_hp_gain":5,"max_hp_loss":0,"event_name":"Big Fish","floor":14,"gold_loss":0}],"is_beta":false,"boss_relics":[],"items_purged_floors":[],"is_endless":false,"potions_floor_spawned":[3,4,5],"killed_by":"Hexaghost","ascension_level":0}}