{"host":"vucub2jtaeo9vgh1","time":1609126359,"event":{"mods":["BaseMod","BetterRewards","Minty Spire (QoL Compilation)","Quick Restart","Slay-I","StSLib"],"gold_per_floor":[119,119,134,154,173,173,196,232,232,258,21,21,48,70,70,165,165,193,215,215,94,108,133,133,167,219,241,241,241,241,161,161,262,262,281,281,181,207,236,236,236,236,311,345,366,366,399,417,417,417,417,417,59,102,102,102],"floor_reached":55,"playtime":1966,"items_purged":["Strike_G","Strike_G","Strike_G","Slice"],"score":873,"play_id":"858cc063-fcbe-4601-89aa-cb0016d8e482","local_time":"20201228043239","is_ascension_mode":false,"campfire_choices":[{"floor":6.0,"key":"REST"},{"data":"Footwork","floor":12.0,"key":"SMITH"},{"data":"Noxious Fumes","floor":15,"key":"SMITH"},{"data":"Catalyst","floor":24,"key":"SMITH"},{"floor":28,"key":"REST"},{"data":"Dash","floor":30,"key":"SMITH"},{"data":"Deadly Poison","floor":32,"key":"SMITH"},{"data":"Noxious Fumes","floor":40,"key":"SMITH"},{"floor":46,"key":"REST"},{"floor":49,"key":"RECALL"},{"data":"Neutralize","floor":52,"key":"SMITH"}],"circlet_count":0,"master_deck":["Strike_G","Defend_G","Defend_G+1","Defend_G+1","Survivor","Neutralize+1","Footwork+1","Quick Slash","Sucker Punch","Deadly Poison+1","Noxious Fumes+1","Poisoned Stab","Dagger Throw","Catalyst+1","Catalyst+1","Dash+1","Dash+1","Noxious Fumes+1","Footwork+1","Malaise"],"relics":["Ring of the Serpent","Tingsha","Pen Nib","Velvet Choker","CeramicFish","Regal Pillow","The Courier","Strawberry","Sling","War Paint","HoveringKite","MutagenicStrength","Tiny Chest","Omamori","MealTicket","Bottled Tornado","Orichalcum","Lizard Tail","Vajra"],"acts_visited":["Exordium","TheCity","TheBeyond","TheEnding"],"potions_floor_usage":[16,25,25,25,33,44,55,55,55],"damage_taken":[{"damage":0.0,"enemies":"2 Louse","floor":1.0,"turns":3.0},{"damage":0.0,"enemies":"Cultist","floor":3.0,"turns":3.0},{"damage":0.0,"enemies":"Jaw Worm","floor":4.0,"turns":2.0},{"damage":0.0,"enemies":"Blue Slaver","floor":5.0,"turns":3.0},{"damage":8.0,"enemies":"Gremlin Nob","floor":8.0,"turns":4.0},{"damage":0.0,"enemies":"3 Sentries","floor":10.0,"turns":6.0},{"damage":0,"enemies":"Red Slaver","floor":13,"turns":2},{"damage":9,"enemies":"Gremlin Gang","floor":14,"turns":4},{"damage":0,"enemies":"Slime Boss","floor":16,"turns":9},{"damage":12,"enemies":"3 Byrds","floor":18,"turns":4},{"damage":1,"enemies":"Chosen","floor":19,"turns":4},{"damage":9,"enemies":"Sentry and Sphere","floor":22,"turns":5},{"damage":0,"enemies":"Gremlin Leader","floor":23,"turns":4},{"damage":37,"enemies":"Slavers","floor":25,"turns":4},{"damage":0,"enemies":"Snecko","floor":27,"turns":3},{"damage":16,"enemies":"Collector","floor":33,"turns":6},{"damage":2,"enemies":"3 Darklings","floor":35,"turns":5},{"damage":0,"enemies":"Orb Walker","floor":39,"turns":2},{"damage":22,"enemies":"Giant Head","floor":44,"turns":6},{"damage":26,"enemies":"Spire Growth","floor":45,"turns":4},{"damage":2,"enemies":"Nemesis","floor":47,"turns":5},{"damage":0,"enemies":"Transient","floor":48,"turns":5},{"damage":43,"enemies":"Donu and Deca","floor":50,"turns":9},{"damage":19,"enemies":"Shield and Spear","floor":54,"turns":6},{"damage":112,"enemies":"The Heart","floor":55,"turns":8}],"seed_played":"-870337835389482567","potions_obtained":[{"floor":3.0,"key":"Block Potion"},{"floor":5.0,"key":"BlessingOfTheForge"},{"floor":8.0,"key":"Ancient Potion"},{"floor":14,"key":"Regen Potion"},{"floor":18,"key":"Energy Potion"},{"floor":23,"key":"Swift Potion"},{"floor":27,"key":"Swift Potion"},{"floor":33,"key":"Ancient Potion"},{"floor":39,"key":"SkillPotion"},{"floor":45,"key":"Ancient Potion"},{"floor":47,"key":"FearPotion"}],"is_trial":false,"path_per_floor":["M","?","M","M","M","R","T","E","T","E","$","R","M","M","R","B",null,"M","M","?","$","M","E","R","E","T","M","R","?","R","$","R","B",null,"M","?","$","T","M","R","?","?","T","E","M","R","E","M","R","B",null,"R","$","E","B"],"character_chosen":"THE_SILENT","items_purchased":["Pen Nib","Footwork","Slice","Sucker Punch","Sling","War Paint","PowerPotion","Dash","Lizard Tail"],"campfire_rested":3,"item_purchase_floors":[0,0,0,0,11,11,21,21,53],"current_hp_per_floor":[38,38,38,38,38,59,59,51,51,58,58,58,58,49,49,64,77,65,64,64,64,55,55,55,18,18,18,56,40,40,55,55,39,77,75,87,87,87,87,87,87,87,87,65,39,80,78,78,78,35,87,87,87,68,0,0],"gold":102,"neow_bonus":"","is_daily":false,"chose_seed":false,"campfire_upgraded":7,"win_rate":0.0,"timestamp":1609126359,"path_taken":["M","?","?","M","M","R","?","E","T","E","$","R","M","M","R","BOSS","M","M","?","$","M","E","R","E","T","M","R","?","R","?","R","BOSS","M","?","$","?","M","R","?","?","T","E","M","R","E","M","R","BOSS","R","$","E","BOSS"],"items_purchased_type":["Relic","Card","Card","Card","Relic","Relic","Potion","Card","Relic"],"build_version":"2020-12-22","purchased_purges":4,"victory":false,"max_hp_per_floor":[70,70,70,70,70,70,70,70,70,77,77,77,77,77,77,77,77,77,77,77,77,77,77,77,77,77,77,77,77,77,77,77,77,77,77,87,87,87,87,87,87,87,87,87,87,87,87,87,87,87,87,87,87,87,87,87],"card_choices":[{"not_picked":["Quick Slash","Flying Knee"],"picked":"Deadly Poison","floor":1.0},{"not_picked":["Underhanded Strike","Outmaneuver"],"picked":"Masterful Stab","floor":3.0},{"not_picked":["Deadly Poison","Bane"],"picked":"Noxious Fumes","floor":4.0},{"not_picked":["Prepared","Escape Plan","Choke"],"picked":"SKIP","floor":5.0},{"not_picked":["Blade Dance","Terror"],"picked":"Poisoned Stab","floor":8.0},{"not_picked":["Heel Hook","Bane","Endless Agony"],"picked":"SKIP","floor":10.0},{"not_picked":["Distraction","Deadly Poison"],"picked":"Flying Knee","floor":13},{"not_picked":["Skewer","Prepared"],"picked":"Dagger Throw","floor":14},{"not_picked":["Setup","Choke+1"],"picked":"Catalyst+1","floor":18},{"not_picked":["PiercingWail","Accuracy+1"],"picked":"Catalyst","floor":19},{"not_picked":["Bane+1","Bouncing Flask","Dagger Throw+1"],"picked":"SKIP","floor":22},{"not_picked":["Bane","Eviscerate+1","PiercingWail"],"picked":"SKIP","floor":23},{"not_picked":["Bane","Storm of Steel","Acrobatics+1"],"picked":"SKIP","floor":25},{"not_picked":["Blade Dance","Cloak And Dagger"],"picked":"Dash+1","floor":27},{"not_picked":["PiercingWail","Sucker Punch","Leg Sweep+1"],"picked":"SKIP","floor":35},{"not_picked":["Choke","Dagger Throw"],"picked":"Noxious Fumes","floor":39},{"not_picked":["Underhanded Strike+1","Accuracy+1","Outmaneuver+1"],"picked":"SKIP","floor":44},{"not_picked":["Backflip","Underhanded Strike+1"],"picked":"Footwork+1","floor":45},{"not_picked":["Endless Agony","Backflip+1","Blur+1"],"picked":"SKIP","floor":47},{"not_picked":["Dodge and Roll","Bane+1","Outmaneuver+1"],"picked":"SKIP","floor":48},{"not_picked":["Heel Hook+1","Reflex"],"picked":"Malaise","floor":54}],"player_experience":262832,"relics_obtained":[{"floor":7.0,"key":"CeramicFish"},{"floor":8.0,"key":"Regal Pillow"},{"floor":9.0,"key":"The Courier"},{"floor":10.0,"key":"Strawberry"},{"floor":23,"key":"Tiny Chest"},{"floor":25,"key":"Omamori"},{"floor":26,"key":"MealTicket"},{"floor":43,"key":"Bottled Tornado"},{"floor":47,"key":"Orichalcum"},{"floor":54,"key":"Vajra"}],"event_choices":[{"damage_healed":0.0,"max_hp_gain":0.0,"max_hp_loss":0.0,"gold_gain":0.0,"event_name":"Match and Keep!","player_choice":"0 cards matched","floor":2.0,"gold_loss":0.0,"damage_taken":0.0,"cards_obtained":[]},{"damage_healed":0,"gold_gain":0,"player_choice":"Inject Mutagens","damage_taken":0,"relics_obtained":["MutagenicStrength"],"max_hp_gain":0,"max_hp_loss":0,"event_name":"Drug Dealer","floor":20,"gold_loss":0},{"damage_healed":0,"gold_gain":0,"player_choice":"Obtained Book","damage_taken":16,"max_hp_gain":0,"max_hp_loss":0,"event_name":"Cursed Tome","floor":29,"gold_loss":0},{"cards_removed":["Wraith Form v2"],"damage_healed":2,"gold_gain":0,"player_choice":"Offered Rare","damage_taken":0,"max_hp_gain":10,"max_hp_loss":0,"event_name":"Bonfire Elementals","floor":36,"gold_loss":0},{"cards_removed":["Flying Knee"],"damage_healed":0,"gold_gain":0,"player_choice":"Removed Attack","damage_taken":0,"max_hp_gain":0,"max_hp_loss":0,"event_name":"Falling","floor":41,"gold_loss":0},{"cards_removed":["Masterful Stab"],"damage_healed":0,"gold_gain":0,"player_choice":"Purged","damage_taken":0,"max_hp_gain":0,"max_hp_loss":0,"event_name":"Purifier","floor":42,"gold_loss":0}],"is_beta":false,"boss_relics":[{"not_picked":["Ectoplasm","Busted Crown"],"picked":"HoveringKite"},{"not_picked":["Runic Pyramid","WristBlade"],"picked":"Ring of the Serpent"}],"items_purged_floors":[21,31,37,53],"is_endless":false,"potions_floor_spawned":[3,5,8,14,18,23,27,33,39,45,47],"killed_by":"The Heart","ascension_level":0}}