{"host":"5fasz840ryq7obdf","time":1609171330,"event":{"mods":["AchievementEnabler","BaseMod","Bestiary","Better Altar","Better Skull","Better Third Choice","BetterRewards","Block Reminder","Colored Powertips","Curses Come First","Highlight Path","Minty Spire (QoL Compilation)","Quick Restart","Rare Cards Sparkle","Relic Sorter","Relic Stats","Replay The Spire","Shop Mod","Spicy Shops","StSLib","SuperFastMode"],"gold_per_floor":[115,115,7,7,20,20,20],"floor_reached":6,"playtime":241,"items_purged":["Defend_B"],"score":68,"play_id":"a004b0ae-fb72-4e4a-b52c-e2a52e125a6f","local_time":"20201228160210","is_ascension_mode":true,"campfire_choices":[],"circlet_count":0,"master_deck":["AscendersBane","Strike_B","Strike_B","Strike_B","Strike_B","Defend_B","Defend_B","Defend_B","Zap","Dualcast","FIFO Queue+1","Steam","Sunder","Crystallizer+1","Coolheaded","Hologram+1","Compile Driver","Hologram"],"relics":["Cracked Core","Frozen Egg 2","Bronze Scales","Replay:Antivirus Software"],"acts_visited":["Exordium"],"potions_floor_usage":[],"damage_taken":[{"damage":0,"enemies":"Cultist","floor":1,"turns":3},{"damage":0,"enemies":"2 Louse","floor":5,"turns":3},{"damage":53,"enemies":"Gremlin Nob","floor":6,"turns":4}],"seed_played":"6165069402609426206","potions_obtained":[],"is_trial":false,"path_per_floor":["M","T","$","?","M","E"],"character_chosen":"DEFECT","items_purchased":["Frozen Egg 2","FIFO Queue+1","Steam","Sunder","Crystallizer+1","Coolheaded","Compile Driver"],"campfire_rested":0,"item_purchase_floors":[0,0,0,0,0,0,3],"current_hp_per_floor":[32,32,32,32,32,0,0],"gold":20,"neow_bonus":"","is_daily":false,"chose_seed":false,"campfire_upgraded":0,"win_rate":0.0,"timestamp":1609171330,"path_taken":["M","?","$","?","M","E"],"items_purchased_type":["Relic","Card","Card","Card","Card","Card","Card"],"build_version":"2020-12-22","purchased_purges":1,"victory":false,"max_hp_per_floor":[71,71,71,71,71,71,71],"relic_stats":{"counters":[3,10],"Bronze Scales":[17],"obtain_stats":[{"Bronze Scales":0,"Frozen Egg 2":0,"Replay:Antivirus Software":2,"Cracked Core":0},{"Bronze Scales":0,"Frozen Egg 2":0,"Replay:Antivirus Software":1,"Cracked Core":0},{"Bronze Scales":0,"Frozen Egg 2":0,"Replay:Antivirus Software":3,"Cracked Core":0}]},"card_choices":[{"not_picked":["FTL","Redo"],"picked":"Hologram","floor":1},{"not_picked":["ReplaySort","Hello World+1"],"picked":"Hologram","floor":5}],"player_experience":1225524,"relics_obtained":[{"floor":2,"key":"Replay:Antivirus Software"}],"event_choices":[{"damage_healed":0,"gold_gain":0,"player_choice":"Grow","damage_taken":0,"max_hp_gain":0,"max_hp_loss":0,"event_name":"Living Wall","floor":4,"gold_loss":0,"cards_upgraded":["Hologram"]}],"is_beta":false,"boss_relics":[],"items_purged_floors":[0],"is_endless":false,"potions_floor_spawned":[],"killed_by":"Gremlin Nob","ascension_level":20}}