{"host":"873t0y8ybyo38pfq","time":1609123374,"event":{"mods":["BaseMod","Bestiary","Colored Map","Colored Powertips","Highlight Path","Minty Spire (QoL Compilation)","Quick Restart","RNG Fix","Rare Cards Sparkle","Relic Stats","StSLib"],"gold_per_floor":[20,20,35,55,3,3,21,52,52,73,109,109,109,124,124,220,220,235,255,40,65,79,79,119,132,158,198,14,64,64,84,84,177,177,195,219,232,33,53,53,97,165,218,52,52,87,87,87,87],"floor_reached":48,"playtime":2191,"items_purged":["Strike_G","Pain","Grand Finale"],"score":1119,"play_id":"769dce8d-0ee7-430a-87fa-32438cf23f7b","local_time":"20201227214254","is_ascension_mode":true,"campfire_choices":[{"data":"Tools of the Trade","floor":6.0,"key":"SMITH"},{"data":"Eviscerate","floor":13.0,"key":"SMITH"},{"floor":15.0,"key":"REST"},{"data":"Phantasmal Killer","floor":23.0,"key":"SMITH"},{"floor":32.0,"key":"REST"},{"data":"Panache","floor":40.0,"key":"SMITH"},{"floor":45.0,"key":"REST"}],"circlet_count":0,"master_deck":["AscendersBane","Strike_G","Defend_G","Defend_G","Defend_G","Defend_G","Defend_G","Survivor","Neutralize","Slice","Tools of the Trade+1","Acrobatics","Backstab","All Out Attack","Blade Dance","Deflect","Reflex","Eviscerate+1","Burst","Backstab","Phantasmal Killer+1","CurseOfTheBell","Tactician+1","Prepared+1","Slice","Prepared+1","Acrobatics+1","Slice+1","Escape Plan+1","Tactician+1","Tools of the Trade","A Thousand Cuts","Dagger Throw+1","Backflip+1","Outmaneuver+1","Panache+1","Underhanded Strike","Distraction+1","Metamorphosis+1","PiercingWail+1"],"relics":["Ring of the Snake","Golden Idol","Tingsha","Meat on the Bone","Vajra","Calling Bell","Happy Flower","Toxic Egg 2","Unceasing Top","Blue Candle","PreservedInsect","Red Mask","Membership Card","WarpedTongs","Sozu","StrikeDummy","Ginger","Pantograph"],"acts_visited":["Exordium","TheCity","TheBeyond"],"potions_floor_usage":[],"damage_taken":[{"damage":0.0,"enemies":"Jaw Worm","floor":1.0,"turns":9.0},{"damage":2.0,"enemies":"Cultist","floor":3.0,"turns":5.0},{"damage":0.0,"enemies":"2 Louse","floor":4.0,"turns":2.0},{"damage":1.0,"enemies":"Large Slime","floor":7.0,"turns":6.0},{"damage":26.0,"enemies":"Lagavulin","floor":8.0,"turns":6.0},{"damage":15.0,"enemies":"Gremlin Gang","floor":10.0,"turns":4.0},{"damage":0.0,"enemies":"3 Sentries","floor":11.0,"turns":4.0},{"damage":0.0,"enemies":"Exordium Wildlife","floor":14.0,"turns":3.0},{"damage":24.0,"enemies":"Slime Boss","floor":16.0,"turns":8.0},{"damage":21.0,"enemies":"Chosen","floor":18.0,"turns":4.0},{"damage":11.0,"enemies":"3 Byrds","floor":19.0,"turns":5.0},{"damage":12.0,"enemies":"Snecko","floor":21.0,"turns":4.0},{"damage":0.0,"enemies":"3 Cultists","floor":22.0,"turns":3.0},{"damage":14.0,"enemies":"Gremlin Leader","floor":24.0,"turns":6.0},{"damage":0.0,"enemies":"Centurion and Healer","floor":25.0,"turns":3.0},{"damage":5.0,"enemies":"Masked Bandits","floor":27.0,"turns":3.0},{"damage":4.0,"enemies":"Snake Plant","floor":31.0,"turns":2.0},{"damage":15.0,"enemies":"Champ","floor":33.0,"turns":7.0},{"damage":2.0,"enemies":"3 Shapes","floor":35.0,"turns":2.0},{"damage":0.0,"enemies":"Orb Walker","floor":36.0,"turns":2.0},{"damage":4.0,"enemies":"Spire Growth","floor":37.0,"turns":3.0},{"damage":0.0,"enemies":"Sphere and 2 Shapes","floor":39.0,"turns":3.0},{"damage":34.0,"enemies":"Nemesis","floor":41.0,"turns":3.0},{"damage":10.0,"enemies":"2 Orb Walkers","floor":42.0,"turns":3.0},{"damage":31,"enemies":"Giant Head","floor":46,"turns":5},{"damage":43,"enemies":"Reptomancer","floor":48,"turns":2}],"seed_played":"-8274774034598829265","potions_obtained":[{"floor":3.0,"key":"Swift Potion"},{"floor":7.0,"key":"EssenceOfSteel"},{"floor":11.0,"key":"ColorlessPotion"},{"floor":16.0,"key":"Ancient Potion"},{"floor":18.0,"key":"BlessingOfTheForge"},{"floor":22.0,"key":"Block Potion"},{"floor":24.0,"key":"SpeedPotion"},{"floor":25.0,"key":"Swift Potion"}],"is_trial":false,"path_per_floor":["M","?","M","M","$","R","M","E","T","M","E","?","R","M","R","B",null,"M","M","$","M","M","R","E","M","T","?","$","?","?","M","R","B",null,"M","M","M","$","M","R","E","?","T","$","R","E","?","E"],"character_chosen":"THE_SILENT","items_purchased":["Blade Dance","Grand Finale","Block Potion","Membership Card","Tactician+1","Backflip+1","Outmaneuver+1","Panache","Metamorphosis+1"],"campfire_rested":3,"item_purchase_floors":[5,20,20,28,28,38,38,38,44],"current_hp_per_floor":[59,59,57,57,57,57,56,30,30,27,39,39,39,39,57,33,53,32,33,33,33,33,33,31,31,31,38,38,38,38,34,52,37,54,52,52,48,48,48,48,26,28,28,28,46,27,27,0,0],"gold":87,"neow_bonus":"TRANSFORM_TWO_CARDS","is_daily":false,"chose_seed":false,"campfire_upgraded":4,"win_rate":0.0,"timestamp":1609123374,"path_taken":["M","?","M","M","?","R","M","E","T","?","E","?","R","M","R","BOSS","M","M","$","M","M","R","E","M","T","?","$","?","?","M","R","BOSS","M","?","M","$","M","R","E","?","T","?","R","E","?","E"],"items_purchased_type":["Card","Card","Potion","Relic","Card","Card","Card","Card","Card"],"build_version":"2020-12-22","purchased_purges":3,"victory":false,"max_hp_per_floor":[66,60,60,60,60,60,60,60,60,60,60,60,60,60,60,60,60,60,60,60,60,60,60,60,60,60,60,60,60,60,60,60,60,60,60,60,60,60,60,60,60,60,60,60,60,60,60,60,60],"relic_stats":{"Happy Flower":[20],"counters":[26,107],"Golden Idol":153,"Blue Candle":[8],"Tingsha":[491],"PreservedInsect":240,"Ginger":[1],"WarpedTongs":[32],"Sozu":4,"Pantograph":0,"obtain_stats":[{"Happy Flower":17,"Golden Idol":2,"Blue Candle":24,"Vajra":11,"Tingsha":8,"PreservedInsect":26,"Ginger":42,"WarpedTongs":30,"Calling Bell":17,"Sozu":34,"Pantograph":46,"Red Mask":27,"Membership Card":28,"Toxic Egg 2":17,"StrikeDummy":41,"Unceasing Top":17,"Ring of the Snake":0,"Meat on the Bone":9},{"Happy Flower":9,"Golden Idol":1,"Blue Candle":14,"Vajra":7,"Tingsha":5,"PreservedInsect":15,"Ginger":24,"WarpedTongs":16,"Calling Bell":9,"Sozu":18,"Pantograph":25,"Red Mask":16,"Membership Card":16,"Toxic Egg 2":9,"StrikeDummy":23,"Unceasing Top":9,"Ring of the Snake":0,"Meat on the Bone":5},{"Happy Flower":47,"Golden Idol":9,"Blue Candle":69,"Vajra":36,"Tingsha":28,"PreservedInsect":72,"Ginger":100,"WarpedTongs":75,"Calling Bell":47,"Sozu":84,"Pantograph":105,"Red Mask":75,"Membership Card":75,"Toxic Egg 2":47,"StrikeDummy":97,"Unceasing Top":47,"Ring of the Snake":0,"Meat on the Bone":28}],"Unceasing Top":[82],"Ring of the Snake":[52],"Meat on the Bone":108},"card_choices":[{"not_picked":["Accuracy","Dash"],"picked":"Acrobatics","floor":1.0},{"not_picked":["Outmaneuver","Flying Knee"],"picked":"Backstab","floor":3.0},{"not_picked":["Leg Sweep","Well Laid Plans"],"picked":"All Out Attack","floor":4.0},{"not_picked":["Dodge and Roll","Sucker Punch"],"picked":"Deflect","floor":7.0},{"not_picked":["Tactician","Slice"],"picked":"Reflex","floor":8.0},{"not_picked":["Infinite Blades","Crippling Poison"],"picked":"Eviscerate","floor":10.0},{"not_picked":["Quick Slash","Heel Hook"],"picked":"Burst","floor":11.0},{"not_picked":["Quick Slash","Deflect"],"picked":"Backstab","floor":14.0},{"not_picked":["Night Terror","Malaise"],"picked":"Phantasmal Killer","floor":16.0},{"not_picked":["Endless Agony","Reflex+1"],"picked":"Tactician+1","floor":18.0},{"not_picked":["Blade Dance+1","Poisoned Stab"],"picked":"Prepared+1","floor":19.0},{"not_picked":["Skewer","Dash"],"picked":"Slice","floor":21.0},{"not_picked":["Masterful Stab","Endless Agony+1"],"picked":"Prepared+1","floor":22.0},{"not_picked":["Setup+1","Quick Slash"],"picked":"Acrobatics+1","floor":24.0},{"not_picked":["Leg Sweep+1","Underhanded Strike"],"picked":"Slice+1","floor":25.0},{"not_picked":["Acrobatics+1","Dagger Throw"],"picked":"Escape Plan+1","floor":27.0},{"not_picked":["Prepared+1","Cloak And Dagger+1"],"picked":"Tools of the Trade","floor":31.0},{"not_picked":["Tools of the Trade","Doppelganger+1"],"picked":"A Thousand Cuts","floor":33.0},{"not_picked":["Sucker Punch","Leg Sweep+1","Heel Hook"],"picked":"SKIP","floor":35.0},{"not_picked":["Bouncing Flask+1","Poisoned Stab","Deadly Poison+1"],"picked":"SKIP","floor":36.0},{"not_picked":["Dagger Throw+1","Poisoned Stab+1","Crippling Poison+1"],"picked":"SKIP","floor":37.0},{"not_picked":["Poisoned Stab+1","Crippling Poison+1"],"picked":"Dagger Throw+1","floor":37.0},{"not_picked":["Bane","Dagger Throw"],"picked":"Endless Agony","floor":39.0},{"not_picked":["Doppelganger+1","Blade Dance+1"],"picked":"Underhanded Strike","floor":41.0},{"not_picked":["Masterful Stab","Leg Sweep+1"],"picked":"Distraction+1","floor":42.0},{"not_picked":["Eviscerate","Slice"],"picked":"PiercingWail+1","floor":46}],"player_experience":1371049,"relics_obtained":[{"floor":8.0,"key":"Tingsha"},{"floor":9.0,"key":"Meat on the Bone"},{"floor":11.0,"key":"Vajra"},{"floor":17.0,"key":"Happy Flower"},{"floor":17.0,"key":"Toxic Egg 2"},{"floor":17.0,"key":"Unceasing Top"},{"floor":24.0,"key":"Blue Candle"},{"floor":26.0,"key":"PreservedInsect"},{"floor":27.0,"key":"Red Mask"},{"floor":41.0,"key":"StrikeDummy"},{"floor":42.0,"key":"Ginger"},{"floor":46,"key":"Pantograph"}],"event_choices":[{"damage_healed":0.0,"max_hp_gain":0.0,"max_hp_loss":6.0,"gold_gain":0.0,"event_name":"Golden Idol","player_choice":"Lose Max HP","floor":2.0,"gold_loss":0.0,"damage_taken":0.0,"relics_obtained":["Golden Idol"]},{"cards_removed":["Strike_G"],"damage_healed":0.0,"max_hp_gain":0.0,"max_hp_loss":0.0,"gold_gain":0.0,"event_name":"Bonfire Elementals","player_choice":"Offered Basic","floor":12.0,"gold_loss":0.0,"damage_taken":0.0},{"damage_healed":0.0,"max_hp_gain":0.0,"max_hp_loss":0.0,"gold_gain":0.0,"event_name":"Masked Bandits","player_choice":"Fought Bandits","floor":27.0,"gold_loss":0.0,"damage_taken":0.0},{"damage_healed":0.0,"max_hp_gain":0.0,"max_hp_loss":0.0,"gold_gain":50.0,"event_name":"Nest","player_choice":"Stole From Cult","floor":29.0,"gold_loss":0.0,"damage_taken":0.0},{"damage_healed":0.0,"max_hp_gain":0.0,"max_hp_loss":0.0,"gold_gain":0.0,"event_name":"Accursed Blacksmith","player_choice":"Rummage","floor":30.0,"gold_loss":0.0,"damage_taken":0.0,"relics_obtained":["WarpedTongs"],"cards_obtained":["Pain"]},{"damage_healed":0.0,"max_hp_gain":0.0,"max_hp_loss":0.0,"gold_gain":0.0,"event_name":"Mysterious Sphere","player_choice":"Fight","floor":42.0,"gold_loss":0.0,"damage_taken":0.0},{"cards_removed":["Endless Agony"],"damage_healed":0,"gold_gain":0,"player_choice":"Removed Attack","damage_taken":0,"max_hp_gain":0,"max_hp_loss":0,"event_name":"Falling","floor":47,"gold_loss":0}],"is_beta":false,"boss_relics":[{"not_picked":["Black Star","Tiny House"],"picked":"Calling Bell"},{"not_picked":["WristBlade","Pandora\u0027s Box"],"picked":"Sozu"}],"items_purged_floors":[20,38,44],"is_endless":false,"potions_floor_spawned":[3,7,11,16,18,22,24,25,36,37,39,42],"killed_by":"Reptomancer","ascension_level":20}}