{"host":"o1eo6lsal1uhkpuk","time":1609130927,"event":{"mods":["AchievementEnabler","BaseMod","Block Reminder","Colored Map","Curses Come First","DeckTracker","Friendly Minions","Highlight Path","HololiveMod","Minty Spire (QoL Compilation)","Prisma Mod","Rare Cards Sparkle","StSLib","SuperFastMode","The Animator","Unceasing Turn Reminder","Yohane!"],"gold_per_floor":[133,152,199,47,62,109,109,142,142,142,142,173,173,184,184,285,285,321,26,26,45,45,45,72,72,72,106,18,38,65,84,84,185,185,199,213,41,41,0,30,44,44,67,101,121,135,146,157,157,157],"floor_reached":51,"playtime":3254,"items_purged":[],"score":853,"play_id":"36af5074-283e-4d28-b7ea-0f5164c5af39","local_time":"20201227204847","is_ascension_mode":true,"campfire_choices":[{"floor":7,"key":"REST"},{"data":"animator:MamiTomoe","floor":13,"key":"SMITH"},{"floor":15,"key":"REST"},{"data":"animator:HigakiRinne","floor":23,"key":"SMITH"},{"floor":25,"key":"REST"},{"floor":32,"key":"REST"},{"data":"animator:SayakaMiki","floor":42,"key":"SMITH"},{"floor":49,"key":"REST"}],"circlet_count":0,"master_deck":["animator:Defend_MadokaMagica","animator:Strike","animator:Strike","animator:Defend","animator:Defend","animator:Defend","animator:IrohaTamaki","animator:YuiTsuruno","animator:CowGirl","animator:KyokoSakura+1","animator:Tyuule+1","animator:MamiTomoe+1","animator:YachiyoNanami","animator:IzunaHatsuse","animator:Shinoa","animator:HomuraAkemi","animator:HigakiRinne+1","animator:MadokaKaname","animator:SuzuneAmano+1","animator:IzunaHatsuse","animator:SayakaMiki","animator:QuestionMark","animator:YuiTsuruno","animator:Kyubey","animator:Tyuule","animator:SayakaMiki+1","animator:Tyuule","animator:KyokoSakura","animator:Mitsuba","animator:Shuna+1"],"relics":["animator:LivingPicture","animator:TheMissingPiece","Strange Spoon","Charon\u0027s Ashes","Oddly Smooth Stone","Pear","Bottled Flame","animator:HolyGrailRelic","animator:AlchemistGlove","Regal Pillow","Anchor","Bronze Scales","animator:BattleDrones","Centennial Puzzle","Mark of Pain","Brimstone","Red Mask","Letter Opener","Lantern","animator:WornHelmet"],"acts_visited":["Exordium","TheCity","TheBeyond"],"potions_floor_usage":[33,33,41,41],"damage_taken":[{"damage":6,"enemies":"Small Slimes","floor":1,"turns":4},{"damage":3,"enemies":"2 Louse","floor":2,"turns":3},{"damage":7,"enemies":"Jaw Worm","floor":5,"turns":3},{"damage":21,"enemies":"3 Sentries","floor":6,"turns":7},{"damage":29,"enemies":"Gremlin Nob","floor":8,"turns":6},{"damage":0,"enemies":"Exordium Wildlife","floor":12,"turns":3},{"damage":4,"enemies":"Large Slime","floor":14,"turns":4},{"damage":17,"enemies":"Hexaghost","floor":16,"turns":10},{"damage":5,"enemies":"Spheric Guardian","floor":18,"turns":3},{"damage":26,"enemies":"Shell Parasite","floor":21,"turns":5},{"damage":35,"enemies":"Slavers","floor":24,"turns":5},{"damage":24,"enemies":"Book of Stabbing","floor":27,"turns":5},{"damage":11,"enemies":"3 Cultists","floor":29,"turns":4},{"damage":4,"enemies":"Snake Plant","floor":31,"turns":2},{"damage":43,"enemies":"Automaton","floor":33,"turns":8},{"damage":8,"enemies":"3 Darklings","floor":35,"turns":5},{"damage":5,"enemies":"3 Shapes","floor":36,"turns":3},{"damage":3,"enemies":"Giant Head","floor":40,"turns":6},{"damage":0,"enemies":"Transient","floor":41,"turns":6},{"damage":19,"enemies":"Nemesis","floor":44,"turns":6},{"damage":0,"enemies":"Spire Growth","floor":45,"turns":4},{"damage":0,"enemies":"3 Darklings","floor":46,"turns":3},{"damage":0,"enemies":"4 Shapes","floor":47,"turns":3},{"damage":20,"enemies":"Transient","floor":48,"turns":6},{"damage":51,"enemies":"Awakened One","floor":50,"turns":11}],"seed_played":"8254889890594639319","potions_obtained":[{"floor":1,"key":"SteroidPotion"},{"floor":5,"key":"PowerPotion"},{"floor":6,"key":"GamblersBrew"},{"floor":27,"key":"Swift Potion"},{"floor":33,"key":"LiquidBronze"},{"floor":35,"key":"AttackPotion"},{"floor":41,"key":"EssenceOfSteel"},{"floor":44,"key":"ColorlessPotion"}],"is_trial":false,"path_per_floor":["M","M","?","$","M","E","R","E","T","?","T","M","R","M","R","B",null,"M","$","?","M","?","R","E","R","T","E","$","M","T","M","R","B",null,"M","M","$","?","?","E","M","R","T","E","M","M","M","M","R","B",null],"character_chosen":"THE_ANIMATOR","items_purchased":["Strange Spoon","animator:AlchemistGlove","animator:QuestionMark","Brimstone","animator:Tyuule"],"campfire_rested":5,"item_purchase_floors":[4,19,28,37,37],"current_hp_per_floor":[60,57,57,57,51,30,50,21,31,16,16,20,20,21,44,27,86,83,83,83,61,61,61,26,67,67,48,48,37,37,35,77,34,87,79,82,82,82,82,83,86,86,86,69,71,73,75,57,96,51],"gold":157,"neow_bonus":"THREE_CARDS","is_daily":false,"chose_seed":false,"campfire_upgraded":3,"win_rate":0.0,"timestamp":1609130927,"path_taken":["M","M","?","$","M","E","R","E","T","?","?","?","R","M","R","BOSS","M","$","?","M","?","R","E","R","T","E","$","?","?","M","R","BOSS","M","M","$","?","?","E","M","R","T","E","M","M","M","?","R","BOSS"],"items_purchased_type":["Relic","Relic","Card","Relic","Card"],"build_version":"2020-12-22","purchased_purges":0,"victory":true,"max_hp_per_floor":[66,66,66,66,67,67,67,67,77,77,77,77,77,78,78,78,86,88,88,88,92,92,92,89,89,89,91,91,88,88,90,90,87,87,84,86,86,86,86,83,86,86,86,88,90,92,94,96,96,98],"card_choices":[{"not_picked":["animator:Benimaru","animator:Hakurou"],"picked":"animator:CowGirl","floor":0},{"not_picked":["animator:Witch","animator:Shuna"],"picked":"animator:KyokoSakura","floor":1},{"not_picked":["animator:Hakurou","animator:LizardPriest"],"picked":"animator:Tyuule","floor":2},{"not_picked":["animator:Yoichi","animator:DolaStephanie"],"picked":"animator:MamiTomoe","floor":5},{"not_picked":["animator:OrikoMikuni","animator:YuiTsuruno"],"picked":"animator:YachiyoNanami","floor":6},{"not_picked":["animator:MamiTomoe","animator:Hitei"],"picked":"animator:IzunaHatsuse","floor":8},{"not_picked":["animator:RoryMercury","animator:Konayuki"],"picked":"animator:Shinoa","floor":12},{"not_picked":["animator:Hakurou","animator:DolaCouronne"],"picked":"animator:HomuraAkemi","floor":14},{"not_picked":["animator:PinaCoLada","animator:HomuraAkemi"],"picked":"animator:HigakiRinne","floor":16},{"not_picked":["animator:SayakaMiki","animator:NagisaMomoe"],"picked":"animator:MadokaKaname","floor":18},{"not_picked":["animator:NagisaMomoe","animator:Togame+1"],"picked":"animator:SuzuneAmano+1","floor":21},{"not_picked":["animator:HiiragiShinya","animator:LizardPriest+1"],"picked":"animator:IzunaHatsuse","floor":24},{"not_picked":["animator:KrulTepes","animator:Shigure"],"picked":"animator:SayakaMiki","floor":27},{"not_picked":["animator:MamiTomoe","animator:SayakaMiki"],"picked":"animator:YuiTsuruno","floor":29},{"not_picked":["animator:LizardPriest","animator:Hakurou","animator:Arpeggio"],"picked":"SKIP","floor":31},{"not_picked":["animator:Rimuru","animator:HomuraAkemi"],"picked":"animator:Kyubey","floor":33},{"not_picked":["animator:Kaijin","animator:Bozes+1"],"picked":"animator:Tyuule","floor":35},{"not_picked":["animator:Spearman+1","animator:MamiTomoe+1"],"picked":"animator:SayakaMiki","floor":36},{"not_picked":["animator:YuiTsuruno","animator:IrohaTamaki"],"picked":"animator:KyokoSakura","floor":40},{"not_picked":["animator:Azekura","animator:Shinoa+1"],"picked":"animator:Mitsuba","floor":41},{"not_picked":["animator:Souei+1","animator:Yuuichirou+1","animator:Benimaru"],"picked":"SKIP","floor":44},{"not_picked":["animator:Hakurou+1","animator:ItamiYouji","animator:Azekura"],"picked":"SKIP","floor":45},{"not_picked":["animator:Emonzaemon","animator:SuzuneAmano"],"picked":"animator:Shuna+1","floor":47},{"not_picked":["animator:Witch+1","animator:Bozes","animator:Shion+1"],"picked":"SKIP","floor":48}],"player_experience":113481,"relics_obtained":[{"floor":6,"key":"Charon\u0027s Ashes"},{"floor":8,"key":"Oddly Smooth Stone"},{"floor":9,"key":"Pear"},{"floor":11,"key":"Bottled Flame"},{"floor":24,"key":"Anchor"},{"floor":26,"key":"Bronze Scales"},{"floor":27,"key":"animator:BattleDrones"},{"floor":30,"key":"Centennial Puzzle"},{"floor":40,"key":"Letter Opener"},{"floor":43,"key":"Lantern"},{"floor":44,"key":"animator:WornHelmet"}],"event_choices":[{"damage_healed":0,"gold_gain":0,"player_choice":"Entered Light","damage_taken":15,"max_hp_gain":0,"max_hp_loss":0,"event_name":"Shining Light","floor":10,"gold_loss":0,"cards_upgraded":["animator:Tyuule","animator:KyokoSakura"]},{"damage_healed":0,"gold_gain":0,"player_choice":"Ignored","damage_taken":0,"max_hp_gain":0,"max_hp_loss":0,"event_name":"Vampires","floor":20,"gold_loss":0},{"damage_healed":0,"gold_gain":0,"player_choice":"Gave Potion","damage_taken":0,"relics_obtained":["Regal Pillow"],"max_hp_gain":0,"max_hp_loss":0,"event_name":"WeMeetAgain","floor":22,"gold_loss":0},{"cards_removed":["animator:Strike"],"damage_healed":0,"gold_gain":0,"player_choice":"Removed Attack","damage_taken":0,"max_hp_gain":0,"max_hp_loss":0,"event_name":"Falling","floor":38,"gold_loss":0},{"damage_healed":0,"gold_gain":0,"player_choice":"Paid","damage_taken":0,"relics_obtained":["Red Mask"],"max_hp_gain":0,"max_hp_loss":0,"event_name":"Tomb of Lord Red Mask","floor":39,"gold_loss":41}],"is_beta":false,"boss_relics":[{"not_picked":["animator:RacePiece","Black Star"],"picked":"animator:HolyGrailRelic"},{"not_picked":["Tiny House","Philosopher\u0027s Stone"],"picked":"Mark of Pain"}],"items_purged_floors":[],"is_endless":false,"potions_floor_spawned":[1,5,6,12,18,27,31,33,35,41,44,48],"ascension_level":2}}