{"host":"ejlkif6fbtpy1quk","time":1609170170,"event":{"mods":["BaseMod","BetterRewards","Minty Spire (QoL Compilation)","StSLib"],"gold_per_floor":[113,124,143,154,174,205,218,71,71,71,71,97,116,130,130,227,227,242,37,114,125,125,125,158,69,120,120,148,148,167,180,180,278,278,291,69,80,99,117,117,65,65,65],"floor_reached":42,"playtime":3341,"items_purged":[],"score":502,"play_id":"f4f1abff-133b-4654-b547-0e0403f4a122","local_time":"20201228164250","is_ascension_mode":false,"campfire_choices":[{"floor":10,"key":"REST"},{"floor":15,"key":"REST"},{"floor":23,"key":"REST"},{"floor":27,"key":"REST"},{"floor":29,"key":"REST"},{"floor":32,"key":"REST"},{"floor":40,"key":"REST"}],"circlet_count":0,"master_deck":["Strike_R","Strike_R","Strike_R","Strike_R","Strike_R","Defend_R","Defend_R","Defend_R","Defend_R","Heavy Blade","Feed","Cleave","Sword Boomerang","Anger","Bandage Up","Cleave","Flex+1","Flex","Metallicize","Enlightenment+1","Inflame","Feed","Spot Weakness","Demon Form","Intimidate+1","Pummel","Sword Boomerang","Reaper","Parasite","Anger"],"relics":["Burning Blood","Ornamental Fan","Kunai","MealTicket","SlaversCollar","Regal Pillow","Question Card","Bag of Marbles","War Paint","Torii","Velvet Choker","Nunchaku"],"acts_visited":["Exordium","TheCity","TheBeyond"],"potions_floor_usage":[16,16,16,24,33,33,33,35,39],"damage_taken":[{"damage":7,"enemies":"2 Louse","floor":1,"turns":3},{"damage":10,"enemies":"Cultist","floor":2,"turns":4},{"damage":6,"enemies":"Jaw Worm","floor":3,"turns":4},{"damage":28,"enemies":"Lots of Slimes","floor":4,"turns":5},{"damage":6,"enemies":"2 Fungi Beasts","floor":5,"turns":4},{"damage":28,"enemies":"Gremlin Nob","floor":6,"turns":4},{"damage":3,"enemies":"Exordium Wildlife","floor":7,"turns":4},{"damage":47,"enemies":"Lagavulin","floor":12,"turns":8},{"damage":0,"enemies":"3 Louse","floor":13,"turns":1},{"damage":19,"enemies":"Gremlin Gang","floor":14,"turns":3},{"damage":44,"enemies":"The Guardian","floor":16,"turns":7},{"damage":49,"enemies":"Shell Parasite","floor":18,"turns":7},{"damage":36,"enemies":"Spheric Guardian","floor":21,"turns":6},{"damage":100,"enemies":"Book of Stabbing","floor":24,"turns":8},{"damage":58,"enemies":"Gremlin Leader","floor":28,"turns":11},{"damage":25,"enemies":"Shelled Parasite and Fungi","floor":30,"turns":7},{"damage":27,"enemies":"Snecko","floor":31,"turns":5},{"damage":73,"enemies":"Champ","floor":33,"turns":11},{"damage":18,"enemies":"3 Darklings","floor":35,"turns":2},{"damage":17,"enemies":"3 Shapes","floor":37,"turns":4},{"damage":74,"enemies":"Sphere and 2 Shapes","floor":38,"turns":5},{"damage":42,"enemies":"Writhing Mass","floor":39,"turns":7},{"damage":129,"enemies":"Giant Head","floor":42,"turns":9}],"seed_played":"-5704345273152688182","potions_obtained":[{"floor":4,"key":"Explosive Potion"},{"floor":5,"key":"Strength Potion"},{"floor":12,"key":"PowerPotion"},{"floor":13,"key":"Strength Potion"},{"floor":22,"key":"FairyPotion"},{"floor":22,"key":"SteroidPotion"},{"floor":22,"key":"Swift Potion"},{"floor":24,"key":"SteroidPotion"},{"floor":30,"key":"DuplicationPotion"},{"floor":31,"key":"Weak Potion"},{"floor":33,"key":"Fire Potion"},{"floor":37,"key":"Energy Potion"},{"floor":38,"key":"Strength Potion"}],"is_trial":false,"path_per_floor":["M","M","M","M","M","E","M","$","T","R","?","E","M","M","R","B",null,"M","$","T","M","?","R","E","$","T","R","E","R","M","M","R","B",null,"M","$","M","M","M","R","$","E"],"character_chosen":"IRONCLAD","items_purchased":["Anger","Bandage Up","Regal Pillow","Flex","Enlightenment","Nunchaku","Pummel","Anger"],"campfire_rested":7,"item_purchase_floors":[8,8,19,19,25,36,36,41],"current_hp_per_floor":[87,83,83,61,61,42,48,48,48,76,76,39,45,39,68,34,97,58,73,73,47,47,91,35,50,50,94,49,94,79,65,103,43,106,94,106,99,38,23,71,86,0,0],"gold":65,"neow_bonus":"TEN_PERCENT_HP_BONUS","is_daily":false,"chose_seed":false,"campfire_upgraded":0,"win_rate":0.0,"timestamp":1609170170,"path_taken":["M","M","M","M","M","E","M","$","T","R","?","E","M","M","R","BOSS","M","$","?","?","?","R","E","$","T","R","E","R","M","M","R","BOSS","M","$","M","M","M","R","$","E"],"items_purchased_type":["Card","Card","Relic","Card","Card","Relic","Card","Card"],"build_version":"2020-12-22","purchased_purges":0,"victory":false,"max_hp_per_floor":[88,88,88,88,88,91,94,94,94,94,94,94,94,97,97,97,97,97,97,97,97,97,97,97,97,97,97,100,100,100,103,103,106,106,106,106,106,109,112,112,112,112,112],"card_choices":[{"not_picked":["Warcry","Carnage"],"picked":"Heavy Blade","floor":1},{"not_picked":["Perfected Strike","Entrench","Armaments"],"picked":"SKIP","floor":2},{"not_picked":["Armaments","Headbutt","True Grit"],"picked":"SKIP","floor":3},{"not_picked":["Heavy Blade","Body Slam"],"picked":"Feed","floor":4},{"not_picked":["Ghostly Armor","Iron Wave"],"picked":"Cleave","floor":5},{"not_picked":["Berserk","Pommel Strike"],"picked":"Sword Boomerang","floor":6},{"not_picked":["Fire Breathing","Perfected Strike","Dropkick"],"picked":"SKIP","floor":7},{"not_picked":["Bludgeon","Disarm"],"picked":"Cleave","floor":12},{"not_picked":["Shrug It Off","Hemokinesis","Whirlwind"],"picked":"SKIP","floor":13},{"not_picked":["Dark Embrace","Wild Strike"],"picked":"Flex","floor":14},{"not_picked":["Havoc","Reckless Charge","Dark Embrace+1"],"picked":"SKIP","floor":18},{"not_picked":["Disarm","Twin Strike","Pummel"],"picked":"Metallicize","floor":21},{"not_picked":["Shrug It Off","Flame Barrier","Pommel Strike","Headbutt"],"picked":"SKIP","floor":24},{"not_picked":["Body Slam","Clothesline","Cleave"],"picked":"Inflame","floor":28},{"not_picked":["Hemokinesis","Second Wind","Thunderclap"],"picked":"Feed","floor":30},{"not_picked":["Intimidate","Evolve","Havoc"],"picked":"Spot Weakness","floor":31},{"not_picked":["Impervious","Exhume","Bludgeon"],"picked":"Demon Form","floor":33},{"not_picked":["Evolve+1","Dark Embrace+1","Iron Wave+1"],"picked":"Intimidate+1","floor":35},{"not_picked":["Sever Soul+1","Second Wind+1","Clothesline"],"picked":"Sword Boomerang","floor":37},{"not_picked":["Iron Wave+1","Clash","Armaments"],"picked":"Reaper","floor":38},{"not_picked":["Uppercut+1","Shrug It Off","Shockwave","Perfected Strike+1"],"picked":"SKIP","floor":39}],"player_experience":73646,"relics_obtained":[{"floor":6,"key":"Ornamental Fan"},{"floor":9,"key":"Kunai"},{"floor":12,"key":"MealTicket"},{"floor":20,"key":"Question Card"},{"floor":24,"key":"Bag of Marbles"},{"floor":26,"key":"War Paint"},{"floor":28,"key":"Torii"}],"event_choices":[{"cards_removed":["Bash"],"damage_healed":0,"gold_gain":0,"player_choice":"Purged","damage_taken":0,"max_hp_gain":0,"max_hp_loss":0,"event_name":"Purifier","floor":11,"gold_loss":0},{"damage_healed":0,"gold_gain":0,"player_choice":"Got Potions","damage_taken":0,"max_hp_gain":0,"max_hp_loss":0,"event_name":"Lab","floor":22,"gold_loss":0}],"is_beta":false,"boss_relics":[{"not_picked":["Cursed Key","SacredBark"],"picked":"SlaversCollar"},{"not_picked":["Runic Dome","Runic Pyramid"],"picked":"Velvet Choker"}],"items_purged_floors":[],"is_endless":false,"potions_floor_spawned":[4,5,12,13,24,30,31,33,37,38],"killed_by":"Giant Head","ascension_level":0}}