{"host":"kzpuingyul43kz0j","time":1609190512,"event":{"mods":["2.2 Compatiblity","BaseMod","Bestiary","Better Skull","BetterRewards","Colored Map","Colored Powertips","Curses Come First","Displayed Cursed Tome","Downfall","Gold Saver","Highlight Path","Keyboard Shortcuts","Minty Spire (QoL Compilation)","Relic Stats","Remove Card Discount Mod","StSLib","Uncapped"],"gold_per_floor":[754,754,223,223,223,223,247,247,300,300,324,340,1,41,41,167,167,190,39,59,59,77,115,130,130,155,155,171,171,186,202,202,299,299,314,326,20,38,48,48,76,89,89,443,353,366,366,143,143,143,143,143,143,177,177,177],"floor_reached":55,"playtime":3486,"items_purged":["Defend_R","Strike_R","Strike_R","Defend_R","Defend_R","Strike_R","Strike_R","Pummel","Shame","Metallicize","Strike_R+1","Armaments+1"],"score":744,"play_id":"965d806f-fb32-4868-9fa8-6446f24ba116","local_time":"20201228222152","is_ascension_mode":false,"campfire_choices":[{"data":"Armaments","floor":6,"key":"SMITH"},{"data":"Headbutt","floor":8,"key":"SMITH"},{"floor":10,"key":"RECALL"},{"data":"Iron Wave","floor":15,"key":"SMITH"},{"data":"Double Tap","floor":25,"key":"SMITH"},{"data":"Rampage","floor":32,"key":"SMITH"},{"data":"Limit Break","floor":40,"key":"SMITH"},{"data":"Demon Form","floor":47,"key":"SMITH"},{"data":"Ghostly Armor","floor":49,"key":"SMITH"},{"data":"Shrug It Off","floor":52,"key":"SMITH"}],"circlet_count":0,"master_deck":["Bash+1","Whirlwind","Headbutt+1","Flame Barrier+1","Ghostly Armor+1","Iron Wave+1","Pommel Strike+1","Rampage+1","Shrug It Off+1","Demon Form+1","Double Tap+1","Heavy Blade","Rage","Metallicize+1","Reaper+1","CurseOfTheBell","Limit Break+1","Spot Weakness"],"relics":["Burning Blood","Pocketwatch","Nunchaku","TheAbacus","Art of War","Bloody Idol","Strawberry","Lee\u0027s Waffle","Dream Catcher","Philosopher\u0027s Stone","Orrery","Incense Burner","Oddly Smooth Stone","Anchor","Calling Bell","Pen Nib","Question Card","Mango","Red Skull","Toolbox","Bronze Scales","Old Coin","Brimstone","Whetstone"],"acts_visited":["Exordium","TheCity","TheBeyond","TheEnding"],"potions_floor_usage":[16,16,20,24,35,35,36,41],"damage_taken":[{"damage":1,"enemies":"Cultist","floor":1,"turns":3},{"damage":6,"enemies":"Jaw Worm","floor":7,"turns":2},{"damage":0,"enemies":"Small Slimes","floor":11,"turns":4},{"damage":0,"enemies":"Blue Slaver","floor":12,"turns":4},{"damage":16,"enemies":"Gremlin Nob","floor":14,"turns":4},{"damage":23,"enemies":"Hexaghost","floor":16,"turns":8},{"damage":16,"enemies":"2 Thieves","floor":18,"turns":3},{"damage":17,"enemies":"3 Byrds","floor":20,"turns":4},{"damage":2,"enemies":"3 Cultists","floor":22,"turns":5},{"damage":29,"enemies":"Gremlin Leader","floor":23,"turns":8},{"damage":15,"enemies":"Snake Plant","floor":24,"turns":4},{"damage":0,"enemies":"Chosen and Byrds","floor":28,"turns":4},{"damage":0,"enemies":"3 Cultists","floor":30,"turns":4},{"damage":0,"enemies":"Snecko","floor":31,"turns":3},{"damage":11,"enemies":"Champ","floor":33,"turns":8},{"damage":40,"enemies":"3 Shapes","floor":35,"turns":5},{"damage":30,"enemies":"3 Darklings","floor":36,"turns":7},{"damage":77,"enemies":"Sphere and 2 Shapes","floor":38,"turns":6},{"damage":1,"enemies":"Writhing Mass","floor":39,"turns":7},{"damage":81,"enemies":"Nemesis","floor":41,"turns":7},{"damage":0,"enemies":"4 Shapes","floor":42,"turns":2},{"damage":22,"enemies":"2 Orb Walkers","floor":44,"turns":5},{"damage":9,"enemies":"Spire Growth","floor":46,"turns":4},{"damage":43,"enemies":"Time Eater","floor":50,"turns":5},{"damage":38,"enemies":"Shield and Spear","floor":54,"turns":6},{"damage":137,"enemies":"The Heart","floor":55,"turns":3}],"seed_played":"-8773932901709404009","potions_obtained":[{"floor":1,"key":"Weak Potion"},{"floor":14,"key":"champ:CounterPotion"},{"floor":16,"key":"SpeedPotion"},{"floor":20,"key":"HeartOfIron"},{"floor":24,"key":"GamblersBrew"},{"floor":28,"key":"Regen Potion"},{"floor":30,"key":"Weak Potion"},{"floor":31,"key":"BloodPotion"},{"floor":38,"key":"SmokeBomb"},{"floor":39,"key":"Ancient Potion"},{"floor":42,"key":"FairyPotion"}],"is_trial":false,"path_per_floor":["M","?","$","?","?","R","M","R","T","R","M","M","$","E","R","B",null,"M","$","M","?","M","E","M","R","T","?","M","?","M","M","R","B",null,"M","M","$","M","M","R","E","M","T","?","?","M","R","$","R","B",null,"R","$","E","B"],"character_chosen":"IRONCLAD","items_purchased":["Nunchaku","Armaments","TheAbacus","Art of War","Pummel","Lee\u0027s Waffle","Pommel Strike","Rampage","Shrug It Off","Orrery","Red Skull","Toolbox","Spot Weakness","Brimstone"],"campfire_rested":0,"item_purchase_floors":[3,3,3,3,3,13,13,13,13,19,37,37,48,48],"current_hp_per_floor":[80,62,62,42,26,26,26,26,33,33,39,45,94,84,84,67,94,84,84,73,73,77,54,45,45,45,45,56,47,58,69,69,69,108,105,99,99,57,93,93,23,34,34,42,42,72,72,72,72,58,105,105,105,96,0,0],"gold":177,"neow_bonus":"TRANSFORM_CARD","is_daily":false,"chose_seed":false,"campfire_upgraded":9,"win_rate":0.0,"timestamp":1609190512,"path_taken":["M","?","$","?","?","R","M","R","T","R","M","M","$","E","R","BOSS","M","$","M","?","M","E","M","R","T","?","M","?","M","?","R","BOSS","M","M","$","M","M","R","E","M","T","?","?","?","R","$","R","BOSS","R","$","E","BOSS"],"items_purchased_type":["Relic","Card","Relic","Relic","Card","Relic","Card","Card","Card","Relic","Relic","Relic","Card","Relic"],"build_version":"2020-12-22","purchased_purges":12,"victory":false,"max_hp_per_floor":[80,80,80,80,80,80,80,80,87,87,87,87,94,94,94,94,94,94,94,94,94,94,94,94,94,94,94,94,94,94,94,94,94,108,108,108,108,108,108,108,108,108,108,108,105,105,105,105,105,105,105,105,105,105,105,105],"relic_stats":{"Lee\u0027s Waffle":49,"counters":[26,125],"Pen Nib":[9],"Whetstone":["Reaper","Pommel Strike"],"Question Card":9,"Burning Blood":145,"Nunchaku":[23],"Dream Catcher":0,"TheAbacus":[246],"Bloody Idol":70,"Bronze Scales":[96],"Art of War":[16],"obtain_stats":[{"Mango":34,"Incense Burner":21,"Whetstone":54,"Burning Blood":0,"Old Coin":44,"Nunchaku":3,"Dream Catcher":14,"TheAbacus":3,"Strawberry":9,"Toolbox":37,"Philosopher\u0027s Stone":17,"Red Skull":37,"Lee\u0027s Waffle":13,"Golden Idol":4,"Oddly Smooth Stone":23,"Pen Nib":34,"Question Card":34,"Calling Bell":34,"Anchor":26,"Brimstone":48,"Bloody Idol":27,"Bronze Scales":41,"Orrery":19,"Art of War":3,"Pocketwatch":2},{"Mango":15,"Incense Burner":8,"Whetstone":25,"Burning Blood":0,"Old Coin":22,"Nunchaku":1,"Dream Catcher":5,"TheAbacus":1,"Strawberry":2,"Toolbox":17,"Philosopher\u0027s Stone":6,"Red Skull":17,"Lee\u0027s Waffle":4,"Golden Idol":1,"Oddly Smooth Stone":10,"Pen Nib":15,"Question Card":15,"Calling Bell":15,"Anchor":11,"Brimstone":23,"Bloody Idol":11,"Bronze Scales":20,"Orrery":7,"Art of War":1,"Pocketwatch":1},{"Mango":68,"Incense Burner":32,"Whetstone":122,"Burning Blood":0,"Old Coin":107,"Nunchaku":3,"Dream Catcher":17,"TheAbacus":3,"Strawberry":5,"Toolbox":80,"Philosopher\u0027s Stone":25,"Red Skull":80,"Lee\u0027s Waffle":13,"Golden Idol":3,"Oddly Smooth Stone":45,"Pen Nib":68,"Question Card":68,"Calling Bell":68,"Anchor":49,"Brimstone":111,"Bloody Idol":49,"Bronze Scales":100,"Orrery":28,"Art of War":3,"Pocketwatch":3}],"Pocketwatch":[138]},"card_choices":[{"not_picked":["Combust","Clash"],"picked":"Headbutt","floor":1},{"not_picked":["Intimidate","Reckless Charge"],"picked":"Flame Barrier","floor":7},{"not_picked":["Anger","Headbutt"],"picked":"Ghostly Armor","floor":11},{"not_picked":["Heavy Blade","Clash"],"picked":"Iron Wave","floor":12},{"not_picked":["Clothesline","Thunderclap"],"picked":"Demon Form","floor":14},{"not_picked":["Demon Form","Corruption"],"picked":"Double Tap","floor":16},{"not_picked":["Searing Blow+1","Whirlwind"],"picked":"Heavy Blade","floor":18},{"not_picked":["Shrug It Off","Thunderclap+1"],"picked":"Rage","floor":19},{"not_picked":["Combust+1","Clothesline+1"],"picked":"Metallicize","floor":19},{"not_picked":["Flex","Second Wind+1","Clothesline"],"picked":"SKIP","floor":20},{"not_picked":["Sever Soul+1","Warcry+1","Headbutt"],"picked":"SKIP","floor":22},{"not_picked":["Iron Wave+1","Dropkick","Offering"],"picked":"SKIP","floor":23},{"not_picked":["Dropkick","Thunderclap","Cleave+1"],"picked":"SKIP","floor":24},{"not_picked":["True Grit","Warcry","Sever Soul+1"],"picked":"SKIP","floor":28},{"not_picked":["Perfected Strike","Thunderclap"],"picked":"Metallicize+1","floor":30},{"not_picked":["Dual Wield","Heavy Blade+1","Clash"],"picked":"SKIP","floor":31},{"not_picked":["Juggernaut","Bludgeon"],"picked":"Reaper","floor":33},{"not_picked":["Rampage","Cleave+1","Clash+1","Body Slam+1"],"picked":"SKIP","floor":35},{"not_picked":["Pommel Strike","Body Slam","Dark Embrace"],"picked":"Limit Break","floor":36},{"not_picked":["Armaments","Clash+1","Reckless Charge","Battle Trance+1"],"picked":"SKIP","floor":38},{"not_picked":["Carnage+1","Body Slam","Anger","Cleave+1"],"picked":"SKIP","floor":39},{"not_picked":["Heavy Blade","Iron Wave+1","Second Wind+1","Sword Boomerang+1"],"picked":"SKIP","floor":41},{"not_picked":["Clash","Reckless Charge","True Grit+1","Clothesline+1"],"picked":"SKIP","floor":42},{"not_picked":["Heavy Blade","Clothesline","Clash+1","Armaments+1"],"picked":"SKIP","floor":46},{"not_picked":["Blood for Blood+1","Whirlwind","Perfected Strike+1","Shrug It Off"],"picked":"SKIP","floor":54}],"player_experience":72313,"relics_obtained":[{"floor":9,"key":"Strawberry"},{"floor":14,"key":"Dream Catcher"},{"floor":23,"key":"Oddly Smooth Stone"},{"floor":26,"key":"Anchor"},{"floor":34,"key":"Pen Nib"},{"floor":34,"key":"Question Card"},{"floor":34,"key":"Mango"},{"floor":41,"key":"Bronze Scales"},{"floor":44,"key":"Old Coin"},{"floor":54,"key":"Whetstone"}],"event_choices":[{"damage_healed":0,"gold_gain":0,"player_choice":"Success","damage_taken":18,"relics_obtained":["Pocketwatch"],"max_hp_gain":0,"max_hp_loss":0,"event_name":"Scrap Ooze","floor":2,"gold_loss":0},{"damage_healed":0,"gold_gain":0,"player_choice":"Take Damage","damage_taken":20,"relics_obtained":["Golden Idol"],"max_hp_gain":0,"max_hp_loss":0,"event_name":"Golden Idol","floor":4,"gold_loss":0},{"damage_healed":0,"gold_gain":0,"player_choice":"Entered Light","damage_taken":16,"max_hp_gain":0,"max_hp_loss":0,"event_name":"Shining Light","floor":5,"gold_loss":0,"cards_upgraded":["Strike_R","Bash"]},{"damage_healed":0,"gold_gain":0,"player_choice":"Stole Relic","damage_taken":0,"relics_obtained":["Incense Burner"],"max_hp_gain":0,"max_hp_loss":0,"event_name":"Addict","floor":21,"gold_loss":0,"cards_obtained":["Shame"]},{"damage_healed":0,"gold_gain":0,"player_choice":"Gave Idol","damage_taken":0,"relics_obtained":["Bloody Idol"],"max_hp_gain":0,"max_hp_loss":0,"event_name":"Forgotten Altar","floor":27,"relics_lost":["Golden Idol"],"gold_loss":0},{"damage_healed":0,"gold_gain":0,"player_choice":"Stopped","damage_taken":9,"max_hp_gain":0,"max_hp_loss":0,"event_name":"Cursed Tome","floor":29,"gold_loss":0},{"damage_healed":0,"gold_gain":0,"player_choice":"Fight","damage_taken":0,"max_hp_gain":0,"max_hp_loss":0,"event_name":"Mysterious Sphere","floor":44,"gold_loss":0},{"cards_removed":["Parasite"],"damage_healed":0,"gold_gain":0,"player_choice":"Upgrade and Remove","damage_taken":0,"max_hp_gain":0,"max_hp_loss":0,"event_name":"Designer","floor":45,"gold_loss":90,"cards_upgraded":["Flame Barrier"]}],"is_beta":false,"boss_relics":[{"not_picked":["SacredBark","Fusion Hammer"],"picked":"Philosopher\u0027s Stone"},{"not_picked":["Velvet Choker","Mark of Pain"],"picked":"Calling Bell"}],"items_purged_floors":[3,3,3,13,13,13,13,19,37,37,37,37],"is_endless":false,"potions_floor_spawned":[1,14,16,20,24,28,30,31,38,39,42],"killed_by":"The Heart","ascension_level":0}}