{"host":"cqsz3xitorlhbrhq","time":1609122688,"event":{"mods":["AchievementEnabler","BaseMod","Bestiary","Block Reminder","Minty Spire (QoL Compilation)","Relic Stats","egg"],"gold_per_floor":[164,181,181,200,213,213,31,47,47,47,47,57,82,99,99,199,199,212,225,125,125,137,137,12,27,27,47,75,75,75,109,109,213,213,229,76,88,88,105,133,133,133,133,133,0,31,31,43,43,43],"floor_reached":51,"playtime":3128,"items_purged":["Pain","Strike_G","Writhe"],"score":886,"play_id":"b7c53c6b-8bfb-45d8-af00-fab6aebf6a72","local_time":"20201227213128","is_ascension_mode":true,"campfire_choices":[{"data":"Bouncing Flask","floor":6,"key":"SMITH"},{"data":"Well Laid Plans","floor":11,"key":"SMITH"},{"data":"Leg Sweep","floor":15,"key":"SMITH"},{"floor":23,"key":"REST"},{"floor":30,"key":"REST"},{"floor":32,"key":"REST"},{"floor":41,"key":"REST"},{"floor":49,"key":"REST"}],"circlet_count":0,"master_deck":["Strike_G","Strike_G+1","Strike_G","Defend_G","Defend_G","Defend_G","Defend_G","Defend_G","Survivor","Neutralize","All Out Attack","Bouncing Flask+1","Poisoned Stab","Calculated Gamble","Well Laid Plans+1","Blur","Leg Sweep+1","Flash of Steel","Blur","Bane","Die Die Die","Caltrops+1","Leg Sweep","PiercingWail+1","Deadly Poison+1","Catalyst+1","Wraith Form v2","Master of Strategy","PiercingWail+1","Deadly Poison+1","Slice"],"relics":["Tiny House","WarpedTongs","Matryoshka","Happy Flower","Fusion Hammer","Prayer Wheel","Kunai","Bird Faced Urn","Bronze Scales","Bottled Tornado","Velvet Choker","Toy Ornithopter","Lantern","Pear","FossilizedHelix","Red Mask","Toxic Egg 2"],"acts_visited":["Exordium","TheCity","TheBeyond"],"potions_floor_usage":[5,14,16,22,25,39,40,50,50,50],"damage_taken":[{"damage":6,"enemies":"2 Louse","floor":1,"turns":3},{"damage":0,"enemies":"Cultist","floor":2,"turns":3},{"damage":8,"enemies":"Jaw Worm","floor":4,"turns":3},{"damage":2,"enemies":"Red Slaver","floor":5,"turns":5},{"damage":0,"enemies":"Large Slime","floor":8,"turns":7},{"damage":7,"enemies":"3 Louse","floor":12,"turns":4},{"damage":6,"enemies":"Lagavulin","floor":13,"turns":6},{"damage":5,"enemies":"Exordium Thugs","floor":14,"turns":5},{"damage":9,"enemies":"The Guardian","floor":16,"turns":9},{"damage":5,"enemies":"Chosen","floor":18,"turns":4},{"damage":11,"enemies":"3 Byrds","floor":19,"turns":5},{"damage":7,"enemies":"Shelled Parasite and Fungi","floor":22,"turns":6},{"damage":9,"enemies":"Centurion and Healer","floor":25,"turns":7},{"damage":16,"enemies":"Cultist and Chosen","floor":27,"turns":7},{"damage":10,"enemies":"Slavers","floor":28,"turns":6},{"damage":14,"enemies":"Book of Stabbing","floor":31,"turns":5},{"damage":42,"enemies":"Automaton","floor":33,"turns":8},{"damage":1,"enemies":"3 Shapes","floor":35,"turns":2},{"damage":6,"enemies":"Orb Walker","floor":37,"turns":2},{"damage":3,"enemies":"Jaw Worm Horde","floor":39,"turns":6},{"damage":45,"enemies":"Reptomancer","floor":40,"turns":6},{"damage":1,"enemies":"Giant Head","floor":46,"turns":8},{"damage":24,"enemies":"3 Darklings","floor":48,"turns":6},{"damage":25,"enemies":"Donu and Deca","floor":50,"turns":11}],"seed_played":"-4106655814817608187","potions_obtained":[{"floor":0,"key":"Swift Potion"},{"floor":4,"key":"SpeedPotion"},{"floor":5,"key":"Fruit Juice"},{"floor":13,"key":"CunningPotion"},{"floor":22,"key":"PowerPotion"},{"floor":25,"key":"Block Potion"},{"floor":31,"key":"SteroidPotion"},{"floor":33,"key":"Dexterity Potion"},{"floor":35,"key":"Explosive Potion"},{"floor":37,"key":"DuplicationPotion"},{"floor":39,"key":"FearPotion"},{"floor":40,"key":"BlessingOfTheForge"}],"is_trial":false,"path_per_floor":["M","M","?","M","M","R","$","M","T","?","R","M","E","M","R","B",null,"M","M","$","?","M","R","$","M","T","M","E","?","R","E","R","B",null,"M","$","M","?","M","E","R","?","T","$","?","E","?","M","R","B",null],"character_chosen":"THE_SILENT","items_purchased":["Well Laid Plans","Blur","Toy Ornithopter"],"campfire_rested":5,"item_purchase_floors":[7,7,36],"current_hp_per_floor":[69,69,69,61,59,59,59,59,59,59,59,52,46,41,41,37,80,75,64,64,64,57,80,80,71,71,59,51,51,75,63,80,38,80,79,79,73,73,79,39,63,63,73,73,73,78,78,60,87,77],"gold":43,"neow_bonus":"BOSS_RELIC","is_daily":false,"chose_seed":false,"campfire_upgraded":3,"win_rate":0.0,"timestamp":1609122688,"path_taken":["M","M","?","M","?","R","$","M","T","?","R","M","E","M","R","BOSS","M","M","$","?","M","R","$","M","T","M","E","?","R","E","R","BOSS","M","$","M","?","M","E","R","?","T","$","?","E","?","?","R","BOSS"],"items_purchased_type":["Card","Card","Relic"],"build_version":"2020-12-22","purchased_purges":3,"victory":true,"max_hp_per_floor":[75,75,75,75,75,75,75,75,75,75,75,75,75,75,75,80,80,80,80,80,80,80,80,80,80,80,80,80,80,80,80,80,80,80,80,80,80,80,80,80,80,80,90,90,90,90,90,90,90,90],"relic_stats":{"Happy Flower":[34],"counters":[24,134],"Bird Faced Urn":[31],"Bronze Scales":[203],"Prayer Wheel":7,"Kunai":[12],"obtain_stats":[{"Lantern":40,"Tiny House":0,"Pear":43,"Happy Flower":13,"Velvet Choker":34,"Bottled Tornado":31,"WarpedTongs":3,"Matryoshka":9,"Bird Faced Urn":26,"Bronze Scales":28,"Prayer Wheel":21,"Fusion Hammer":17,"Red Mask":45,"Kunai":26,"Toxic Egg 2":46,"Toy Ornithopter":36,"FossilizedHelix":43,"Ring of the Snake":0},{"Lantern":21,"Tiny House":0,"Pear":21,"Happy Flower":7,"Velvet Choker":17,"Bottled Tornado":16,"WarpedTongs":2,"Matryoshka":5,"Bird Faced Urn":13,"Bronze Scales":15,"Prayer Wheel":11,"Fusion Hammer":9,"Red Mask":21,"Kunai":13,"Toxic Egg 2":22,"Toy Ornithopter":18,"FossilizedHelix":21,"Ring of the Snake":0},{"Lantern":109,"Tiny House":0,"Pear":109,"Happy Flower":31,"Velvet Choker":93,"Bottled Tornado":85,"WarpedTongs":6,"Matryoshka":21,"Bird Faced Urn":67,"Bronze Scales":80,"Prayer Wheel":54,"Fusion Hammer":45,"Red Mask":109,"Kunai":67,"Toxic Egg 2":117,"Toy Ornithopter":95,"FossilizedHelix":109,"Ring of the Snake":0}],"Toy Ornithopter":18,"WarpedTongs":[127]},"card_choices":[{"not_picked":["Sucker Punch","Expertise"],"picked":"All Out Attack","floor":0},{"not_picked":["Dodge and Roll","Endless Agony"],"picked":"Bouncing Flask","floor":1},{"not_picked":["Deflect","Blur"],"picked":"Poisoned Stab","floor":2},{"not_picked":["Expertise","Endless Agony"],"picked":"Deflect","floor":4},{"not_picked":["Blade Dance","Distraction"],"picked":"Calculated Gamble","floor":5},{"not_picked":["Poisoned Stab","Sucker Punch"],"picked":"Leg Sweep","floor":8},{"not_picked":["Distraction","Cloak And Dagger"],"picked":"Blur","floor":12},{"not_picked":["Prepared","Phantasmal Killer","Deflect"],"picked":"SKIP","floor":13},{"not_picked":["Cloak And Dagger","Flechettes"],"picked":"Bane","floor":14},{"not_picked":["Bullet Time","Phantasmal Killer"],"picked":"Die Die Die","floor":16},{"not_picked":["Bane","Poisoned Stab","Slice"],"picked":"SKIP","floor":18},{"not_picked":["Bane","Reflex"],"picked":"Caltrops+1","floor":19},{"not_picked":["Outmaneuver+1","Eviscerate+1"],"picked":"Leg Sweep","floor":22},{"not_picked":["Backflip","Dagger Spray"],"picked":"PiercingWail+1","floor":22},{"not_picked":["PiercingWail","Prepared","Outmaneuver"],"picked":"SKIP","floor":25},{"not_picked":["Unload","Dagger Spray","Acrobatics"],"picked":"SKIP","floor":25},{"not_picked":["Outmaneuver","Riddle With Holes","Blade Dance"],"picked":"SKIP","floor":27},{"not_picked":["Underhanded Strike","Flying Knee","Masterful Stab"],"picked":"SKIP","floor":27},{"not_picked":["Finisher","Backstab"],"picked":"Deadly Poison+1","floor":28},{"not_picked":["Deflect+1","Deadly Poison"],"picked":"Catalyst+1","floor":31},{"not_picked":["Unload","After Image"],"picked":"Wraith Form v2","floor":33},{"not_picked":["Well Laid Plans","Slice","Blade Dance+1"],"picked":"SKIP","floor":35},{"not_picked":["Acrobatics+1","Cloak And Dagger+1","All Out Attack"],"picked":"SKIP","floor":35},{"not_picked":["Dagger Spray+1","Blur","Underhanded Strike"],"picked":"SKIP","floor":37},{"not_picked":["Prepared","Escape Plan+1","PiercingWail+1"],"picked":"SKIP","floor":37},{"not_picked":["Purity","Mind Blast"],"picked":"Master of Strategy","floor":38},{"not_picked":["Infinite Blades+1","Bane"],"picked":"PiercingWail+1","floor":39},{"not_picked":["Bane+1","Outmaneuver+1","Escape Plan"],"picked":"SKIP","floor":39},{"not_picked":["Calculated Gamble+1","Poisoned Stab","Backflip+1"],"picked":"SKIP","floor":40},{"not_picked":["Dagger Spray+1","Cloak And Dagger+1"],"picked":"Deadly Poison+1","floor":46},{"not_picked":["Blade Dance+1","Prepared+1","Terror+1"],"picked":"SKIP","floor":48},{"not_picked":["PiercingWail+1","Dagger Spray+1","Masterful Stab+1"],"picked":"SKIP","floor":48}],"player_experience":78736,"relics_obtained":[{"floor":9,"key":"Matryoshka"},{"floor":13,"key":"Happy Flower"},{"floor":26,"key":"Kunai"},{"floor":26,"key":"Bird Faced Urn"},{"floor":28,"key":"Bronze Scales"},{"floor":31,"key":"Bottled Tornado"},{"floor":40,"key":"Lantern"},{"floor":43,"key":"Pear"},{"floor":43,"key":"FossilizedHelix"},{"floor":46,"key":"Toxic Egg 2"}],"event_choices":[{"damage_healed":0,"gold_gain":0,"player_choice":"Rummage","damage_taken":0,"relics_obtained":["WarpedTongs"],"max_hp_gain":0,"max_hp_loss":0,"event_name":"Accursed Blacksmith","floor":3,"gold_loss":0,"cards_obtained":["Pain"]},{"damage_healed":0,"gold_gain":0,"player_choice":"1 cards matched","damage_taken":0,"max_hp_gain":0,"max_hp_loss":0,"event_name":"Match and Keep!","floor":10,"gold_loss":0,"cards_obtained":["Flash of Steel"]},{"damage_healed":0,"gold_gain":0,"player_choice":"Opened","damage_taken":0,"relics_obtained":["Prayer Wheel"],"max_hp_gain":0,"max_hp_loss":0,"event_name":"The Mausoleum","floor":21,"gold_loss":0,"cards_obtained":["Writhe"]},{"damage_healed":0,"gold_gain":0,"player_choice":"Ignored","damage_taken":0,"max_hp_gain":0,"max_hp_loss":0,"event_name":"Vampires","floor":29,"gold_loss":0},{"damage_healed":0,"gold_gain":0,"player_choice":"Memory 1","damage_taken":0,"max_hp_gain":0,"max_hp_loss":0,"event_name":"SensoryStone","floor":38,"gold_loss":0},{"cards_removed":["Deflect"],"damage_healed":0,"gold_gain":0,"player_choice":"Removed Skill","damage_taken":0,"max_hp_gain":0,"max_hp_loss":0,"event_name":"Falling","floor":42,"gold_loss":0},{"damage_healed":0,"gold_gain":0,"player_choice":"Paid","damage_taken":0,"relics_obtained":["Red Mask"],"max_hp_gain":0,"max_hp_loss":0,"event_name":"Tomb of Lord Red Mask","floor":45,"gold_loss":133},{"damage_healed":0,"gold_gain":0,"cards_transformed":["Strike_G"],"player_choice":"Transformed","damage_taken":0,"max_hp_gain":0,"max_hp_loss":0,"event_name":"Transmorgrifier","floor":47,"gold_loss":0,"cards_obtained":["Slice"]}],"is_beta":false,"boss_relics":[{"not_picked":["WristBlade","Sozu"],"picked":"Fusion Hammer"},{"not_picked":["Astrolabe","Black Star"],"picked":"Velvet Choker"}],"items_purged_floors":[7,20,24],"is_endless":false,"potions_floor_spawned":[4,5,13,22,25,31,33,35,37,39,40],"ascension_level":4}}