{"host":"znvnxllcillb3rtw","time":1609166952,"event":{"mods":["BaseMod","DeckTracker","Minty Spire (QoL Compilation)","Relic Stats","StSLib","SuperFastMode","everything is the same but u backflip on backflip"],"gold_per_floor":[116,10,85,98,109,109,142,142,169,194,31,48,48,48],"floor_reached":13,"playtime":329,"items_purged":[],"score":186,"play_id":"940d507e-534a-45bd-849c-f868f0b0bfbb","local_time":"20201228234912","is_ascension_mode":true,"campfire_choices":[{"data":"Rip and Tear","floor":6,"key":"SMITH"},{"floor":8,"key":"REST"}],"circlet_count":0,"master_deck":["AscendersBane","Strike_B","Strike_B","Strike_B","Strike_B","Defend_B","Defend_B","Defend_B","Defend_B","Zap","Dualcast","Barrage","Gash","Steam","Rip and Tear+1","Sweeping Beam","Sweeping Beam","Doubt","Hello World","Cold Snap","Hello World","Stack","Hologram"],"relics":["Cursed Key","Vajra","Bag of Preparation","Bag of Marbles"],"acts_visited":["Exordium"],"potions_floor_usage":[7,10,13],"damage_taken":[{"damage":0,"enemies":"Cultist","floor":1,"turns":3},{"damage":9,"enemies":"Jaw Worm","floor":4,"turns":4},{"damage":5,"enemies":"Small Slimes","floor":5,"turns":4},{"damage":32,"enemies":"Gremlin Nob","floor":7,"turns":4},{"damage":19,"enemies":"3 Sentries","floor":10,"turns":4},{"damage":0,"enemies":"3 Louse","floor":12,"turns":2},{"damage":15,"enemies":"Lagavulin","floor":13,"turns":4}],"seed_played":"-1860303809800828564","potions_obtained":[{"floor":1,"key":"AttackPotion"},{"floor":7,"key":"Strength Potion"},{"floor":10,"key":"Fruit Juice"}],"is_trial":false,"path_per_floor":["M","$","?","M","M","R","E","R","T","E","$","M","E"],"character_chosen":"DEFECT","items_purchased":["Gash","Steam","Cold Snap","Hello World","Stack"],"campfire_rested":1,"item_purchase_floors":[2,2,11,11,11],"current_hp_per_floor":[64,64,53,44,39,39,7,28,28,9,9,9,0,0],"gold":48,"neow_bonus":"BOSS_RELIC","is_daily":false,"chose_seed":false,"campfire_upgraded":1,"win_rate":0.0,"timestamp":1609166952,"path_taken":["M","?","?","M","M","R","E","R","T","E","?","M","E"],"items_purchased_type":["Card","Card","Card","Card","Card"],"build_version":"2020-12-22","purchased_purges":0,"victory":false,"max_hp_per_floor":[71,71,71,71,71,71,71,71,71,71,71,71,76,76],"relic_stats":{"counters":[7,25],"Bag of Preparation":[6],"Cursed Key":1,"obtain_stats":[{"Vajra":7,"Bag of Preparation":9,"Bag of Marbles":10,"Cracked Core":0,"Cursed Key":0},{"Vajra":4,"Bag of Preparation":4,"Bag of Marbles":5,"Cracked Core":0,"Cursed Key":0},{"Vajra":15,"Bag of Preparation":15,"Bag of Marbles":19,"Cracked Core":0,"Cursed Key":0}]},"card_choices":[{"not_picked":["Steam Power","Capacitor"],"picked":"Barrage","floor":1},{"not_picked":["Coolheaded","Melter"],"picked":"Rip and Tear","floor":4},{"not_picked":["Redo","Conserve Battery"],"picked":"Sweeping Beam","floor":5},{"not_picked":["Redo","Hologram"],"picked":"Sweeping Beam","floor":7},{"not_picked":["Hologram","Steam"],"picked":"Hello World","floor":10},{"not_picked":["Rebound","Coolheaded"],"picked":"Hologram","floor":12}],"player_experience":2876743,"relics_obtained":[{"floor":7,"key":"Vajra"},{"floor":9,"key":"Bag of Preparation"},{"floor":10,"key":"Bag of Marbles"}],"event_choices":[{"damage_healed":0,"gold_gain":75,"player_choice":"Gather Gold","damage_taken":11,"max_hp_gain":0,"max_hp_loss":0,"event_name":"World of Goop","floor":3,"gold_loss":0}],"is_beta":false,"boss_relics":[],"items_purged_floors":[],"is_endless":false,"potions_floor_spawned":[1,7,10],"killed_by":"Lagavulin","ascension_level":20}}