{"host":"4qt77pm52ljaz00q","time":1609164460,"event":{"mods":["2.2 Compatiblity","BaseMod","BetterRewards","Colored Map","Downfall","Minty Spire (QoL Compilation)","Permanent Neow","Relic Sorter","Shop Mod","StSLib","Unknown Chances"],"gold_per_floor":[99,116,391,407,424,456,510,522,522,522,522],"floor_reached":9,"playtime":264,"items_purged":[],"score":69,"play_id":"049d5467-2744-4b8a-b0ca-37c9f574173c","local_time":"20201228090740","is_ascension_mode":true,"campfire_choices":[{"data":"champ:Taunt","floor":1,"key":"SMITH"}],"circlet_count":0,"master_deck":["champ:Strike","champ:Strike","champ:Strike","champ:Strike","champ:Defend","champ:Defend","champ:Defend","champ:Defend","champ:Execute","champ:Taunt+1","champ:ViciousMockery","Regret","champ:Duel","champ:ViciousMockery","champ:ShieldSigil","champ:Duel"],"relics":["Black Star","Oddly Smooth Stone","Darkstone Periapt"],"acts_visited":["Exordium"],"potions_floor_usage":[9],"damage_taken":[{"damage":11,"enemies":"Jaw Worm","floor":2,"turns":5},{"damage":12,"enemies":"Cultist","floor":4,"turns":4},{"damage":8,"enemies":"Small Slimes","floor":5,"turns":3},{"damage":61,"enemies":"Gremlin Nob","floor":6,"turns":7},{"damage":5,"enemies":"Blue Slaver","floor":8,"turns":3},{"damage":15,"enemies":"3 Sentries","floor":9,"turns":2}],"seed_played":"-4703894124837846873","potions_obtained":[{"floor":2,"key":"champ:TechniquePotion"},{"floor":5,"key":"EssenceOfSteel"}],"is_trial":false,"path_per_floor":["R","M","?","M","M","E","T","M","E"],"character_chosen":"THE_CHAMP","items_purchased":[],"campfire_rested":0,"item_purchase_floors":[],"current_hp_per_floor":[90,84,84,77,74,18,18,13,0,0,0],"gold":522,"neow_bonus":"BOSS_RELIC","is_daily":false,"chose_seed":false,"campfire_upgraded":1,"win_rate":0.0,"timestamp":1609164460,"path_taken":["R","M","?","?","M","E","T","M","E"],"items_purchased_type":[],"build_version":"2020-12-22","purchased_purges":0,"victory":false,"max_hp_per_floor":[90,90,90,90,90,90,90,90,90,90,90],"card_choices":[{"not_picked":["champ:BladeFlurry","champ:CrookedStrike"],"picked":"champ:ViciousMockery","floor":2},{"not_picked":["champ:Haymaker","champ:Control"],"picked":"champ:Duel","floor":4},{"not_picked":["champ:BladeFlurry","champ:GladiatorsShout"],"picked":"champ:ViciousMockery","floor":5},{"not_picked":["champ:FlashCut","champ:CrownThrow"],"picked":"champ:ShieldSigil","floor":6},{"not_picked":["champ:BladeFlurry","champ:ShieldSigil"],"picked":"champ:Duel","floor":8}],"player_experience":184968,"relics_obtained":[{"floor":6,"key":"Oddly Smooth Stone"},{"floor":6,"key":"Darkstone Periapt"}],"event_choices":[],"is_beta":false,"boss_relics":[],"items_purged_floors":[],"is_endless":false,"potions_floor_spawned":[2,5],"killed_by":"3 Sentries","ascension_level":2}}