{"host":"4w8ocelhatf0iefc","time":1609153536,"event":{"mods":["AchievementEnabler","Act Like it!","Aspiration","BaseMod","Colored Map","Colored Powertips","Downfall","GifTheSpireLib","Hubris","Minty Spire (QoL Compilation)","Replay The Spire","StSLib","The Mystic","vexMod"],"gold_per_floor":[99,99,114,114,0,300,325,339,350,368,368,385,405,434,446,446,446,446],"floor_reached":16,"playtime":619,"items_purged":["Injury"],"score":104,"play_id":"3a68c685-cce4-4d55-9a85-19838663b9f4","local_time":"20201228190536","is_ascension_mode":false,"campfire_choices":[{"data":"champ:Execute","floor":1.0,"key":"SMITH"},{"data":"champ:StanceDance","floor":11,"key":"SMITH"}],"circlet_count":0,"master_deck":["champ:Strike","champ:Strike","champ:Strike","champ:Strike","champ:Defend","champ:Defend","champ:Defend","champ:Defend","champ:Execute+1","champ:Taunt","champ:Haymaker+1","champ:RecklessLeap+1","champ:StanceDance+1","champ:GutPunch+1","champ:ArenaPreparation","champ:TornadoPunch+1","champ:GutPunch+1","champ:DancingMaster","champ:ShieldWall","champ:Circumvent"],"relics":["champ:ChampionCrown","Molten Egg 2","hubris:Towel","Old Coin","Vajra","Guardian:PocketSentry"],"acts_visited":[],"potions_floor_usage":[14,15,16],"damage_taken":[{"damage":14.0,"enemies":"Jaw Worm","floor":3.0,"turns":4.0},{"damage":5.0,"enemies":"downfall:FleeingMerchant","floor":5.0,"turns":4.0},{"damage":3.0,"enemies":"Small Slimes","floor":8.0,"turns":2.0},{"damage":20.0,"enemies":"2 Louse","floor":9.0,"turns":2.0},{"damage":23,"enemies":"Blue Slaver","floor":10,"turns":3},{"damage":18,"enemies":"2 Fungi Beasts","floor":12,"turns":3},{"damage":31,"enemies":"Large Slime","floor":13,"turns":5},{"damage":49,"enemies":"Gremlin Nob","floor":14,"turns":5},{"damage":30,"enemies":"Lots of Slimes","floor":15,"turns":3},{"damage":34,"enemies":"downfall:Defect","floor":16,"turns":2}],"seed_played":"2170181756313906815","potions_obtained":[{"floor":8.0,"key":"Fire Potion"},{"floor":10,"key":"Flashbang"},{"floor":14,"key":"Languid Potion"},{"floor":15,"key":"Elixir"}],"is_trial":false,"path_per_floor":["R","?","M","?","$","T","T","M","M","M","R","M","M","E","M","B"],"character_chosen":"THE_CHAMP","items_purchased":["champ:StanceDance"],"campfire_rested":0,"item_purchase_floors":[5],"current_hp_per_floor":[99,99,90,90,90,90,90,87,87,85,85,77,63,35,32,0,0,0],"gold":446,"neow_bonus":"TEN_PERCENT_HP_BONUS","is_daily":false,"chose_seed":false,"campfire_upgraded":2,"win_rate":0.0,"timestamp":1609153536,"path_taken":["R","?","M","?","?","?","T","M","M","M","R","M","?","E","M","BOSS"],"items_purchased_type":["Card"],"build_version":"2020-12-22","purchased_purges":1,"victory":false,"max_hp_per_floor":[99,99,99,99,99,99,99,99,99,99,99,99,99,99,99,99,99,99],"card_choices":[{"not_picked":["champ:BladeFlurry+1","champ:AdrenalArmor"],"picked":"champ:Haymaker+1","floor":3.0},{"not_picked":["champ:Backstep","champ:FocusedGladiator"],"picked":"champ:RecklessLeap+1","floor":5.0},{"not_picked":["champ:FlashCut+1","champ:FaceSlap+1"],"picked":"champ:GutPunch+1","floor":8.0},{"not_picked":["champ:FlashCut+1","champ:FightOn"],"picked":"champ:ArenaPreparation","floor":9.0},{"not_picked":["champ:FalseCounter","champ:RisingSlash+1"],"picked":"champ:TornadoPunch+1","floor":10},{"not_picked":["champ:Riposte","champ:RecklessLeap+1"],"picked":"champ:GutPunch+1","floor":12},{"not_picked":["champ:BringItOn","champ:DefensiveShout"],"picked":"champ:DancingMaster","floor":13},{"not_picked":["champ:TornadoPunch+1","champ:BerserkersShout"],"picked":"champ:ShieldWall","floor":14},{"not_picked":["champ:Lariat","champ:FocusedDefense"],"picked":"champ:Circumvent","floor":15}],"player_experience":450055,"relics_obtained":[{"floor":6.0,"key":"Old Coin"},{"floor":7.0,"key":"Vajra"},{"floor":14,"key":"Guardian:PocketSentry"}],"event_choices":[],"is_beta":false,"boss_relics":[],"items_purged_floors":[5],"is_endless":false,"potions_floor_spawned":[8,10,14,15],"killed_by":"downfall:Defect","ascension_level":0}}