{"host":"51f0ad793vly1w6u","time":1609147768,"event":{"mods":["BaseMod","Colored Map","DeckTracker","Minty Spire (QoL Compilation)","StSLib","SuperFastMode"],"gold_per_floor":[16,36,36,49,49,79,79,110,135,155,155,182,182,195,195,269,269,280,47,60,60,71,71,121,121,121,134,234,134,149,199,199,274,274,293,368,388,398,398,398,116,148,148,164,164,181,26,42,42,42,42],"floor_reached":52,"playtime":1117,"items_purged":["Strike_B","Strike_B","Strike_B"],"score":1984,"play_id":"698c16d4-c057-4c37-830f-16e2c9c0290f","local_time":"20201228182928","is_ascension_mode":true,"campfire_choices":[{"data":"Barrage","floor":7.0,"key":"SMITH"},{"floor":11.0,"key":"REST"},{"floor":15.0,"key":"REST"},{"floor":23.0,"key":"REST"},{"data":"Creative AI","floor":25.0,"key":"SMITH"},{"data":"Biased Cognition","floor":32.0,"key":"SMITH"},{"data":"Creative AI","floor":40.0,"key":"SMITH"},{"data":"Apotheosis","floor":49,"key":"SMITH"}],"circlet_count":0,"master_deck":["AscendersBane","Defend_B","Defend_B","Defend_B","Zap+1","Dualcast","Ball Lightning","Barrage+1","Reinforced Body","FTL","Hologram","Leap","Ball Lightning","Coolheaded","Biased Cognition+1","Coolheaded","Biased Cognition","Creative AI+1","Chill","Cold Snap+1","Go for the Eyes+1","Creative AI+1","Parasite","Glacier","Amplify","Biased Cognition+1","Storm","Capacitor","Capacitor","Shame","Defragment+1","Heatsinks+1","Apotheosis+1","Defragment+1","Self Repair+1"],"relics":["Cracked Core","Ancient Tea Set","DataDisk","Akabeko","Odd Mushroom","Matryoshka","Sozu","DollysMirror","Molten Egg 2","Meat on the Bone","Calipers","HornCleat","Cursed Key","Boot","The Courier","Membership Card","Gremlin Horn","Frozen Egg 2"],"acts_visited":["Exordium","TheCity","TheBeyond"],"potions_floor_usage":[],"damage_taken":[{"damage":4.0,"enemies":"Jaw Worm","floor":1.0,"turns":3.0},{"damage":9.0,"enemies":"2 Louse","floor":2.0,"turns":2.0},{"damage":0.0,"enemies":"Small Slimes","floor":4.0,"turns":2.0},{"damage":20.0,"enemies":"Lagavulin","floor":6.0,"turns":5.0},{"damage":26.0,"enemies":"3 Sentries","floor":8.0,"turns":5.0},{"damage":0.0,"enemies":"3 Louse","floor":10.0,"turns":3.0},{"damage":3.0,"enemies":"The Mushroom Lair","floor":12.0,"turns":3.0},{"damage":10.0,"enemies":"Gremlin Gang","floor":14.0,"turns":3.0},{"damage":22.0,"enemies":"The Guardian","floor":16.0,"turns":8.0},{"damage":17.0,"enemies":"Shell Parasite","floor":18.0,"turns":3.0},{"damage":27.0,"enemies":"3 Byrds","floor":20.0,"turns":4.0},{"damage":17.0,"enemies":"Centurion and Healer","floor":22.0,"turns":6.0},{"damage":8.0,"enemies":"Snake Plant","floor":27.0,"turns":3.0},{"damage":6.0,"enemies":"Colosseum Slavers","floor":28.0,"turns":4.0},{"damage":9.0,"enemies":"Colosseum Nobs","floor":28.0,"turns":5.0},{"damage":8.0,"enemies":"Shelled Parasite and Fungi","floor":30.0,"turns":4.0},{"damage":26.0,"enemies":"Champ","floor":33.0,"turns":11.0},{"damage":9.0,"enemies":"Orb Walker","floor":35.0,"turns":3.0},{"damage":6.0,"enemies":"3 Shapes","floor":37.0,"turns":5.0},{"damage":0.0,"enemies":"Maw","floor":38.0,"turns":6.0},{"damage":6.0,"enemies":"Giant Head","floor":42.0,"turns":6.0},{"damage":0.0,"enemies":"Writhing Mass","floor":44.0,"turns":6.0},{"damage":3.0,"enemies":"Sphere and 2 Shapes","floor":46.0,"turns":4.0},{"damage":5,"enemies":"Maw","floor":48,"turns":5},{"damage":0,"enemies":"Donu and Deca","floor":50,"turns":9},{"damage":0,"enemies":"Time Eater","floor":51,"turns":5}],"seed_played":"-1279378339196027863","potions_obtained":[{"floor":2.0,"key":"GamblersBrew"},{"floor":4.0,"key":"AttackPotion"},{"floor":10.0,"key":"LiquidBronze"}],"is_trial":false,"path_per_floor":["M","M","?","M","?","E","R","E","T","M","R","?","?","M","R","B",null,"M","$","M","?","M","R","?","R","T","M","?","$","M","?","R","B",null,"M","T","M","M","?","R","$","E","T","M","$","M","$","M","R","B","B",null],"character_chosen":"DEFECT","items_purchased":["DollysMirror","Membership Card","Storm","Capacitor","Capacitor","Heatsinks+1","Apotheosis","Defragment+1","Self Repair+1"],"campfire_rested":3,"item_purchase_floors":[19,41,41,41,41,47,47,47,47],"current_hp_per_floor":[60,51,56,56,56,36,36,10,10,10,32,29,29,19,41,19,62,45,45,18,18,1,23,23,23,23,27,36,36,40,40,40,26,64,55,55,49,49,49,49,49,43,43,43,43,40,40,67,67,76,76],"gold":42,"neow_bonus":"REMOVE_TWO","is_daily":false,"chose_seed":false,"campfire_upgraded":5,"win_rate":0.0,"timestamp":1609147768,"path_taken":["M","M","?","M","?","E","R","E","T","M","R","?","?","M","R","BOSS","M","$","?","?","M","R","?","R","T","M","?","$","M","?","R","BOSS","M","?","?","M","?","R","$","E","T","?","?","M","$","?","R","BOSS","BOSS"],"items_purchased_type":["Relic","Relic","Card","Card","Card","Card","Card","Card","Card"],"build_version":"2020-12-22","purchased_purges":3,"victory":true,"max_hp_per_floor":[71,71,76,76,76,76,76,76,76,76,76,76,76,76,76,76,76,76,76,76,76,76,76,76,76,76,76,76,76,76,76,76,76,76,76,76,76,76,76,76,76,76,76,76,76,76,76,76,76,76,76],"card_choices":[{"not_picked":["Leap","Heatsinks"],"picked":"Ball Lightning","floor":1.0},{"not_picked":["Hologram","Gash"],"picked":"Barrage","floor":2.0},{"not_picked":["Turbo","Stack"],"picked":"Reinforced Body","floor":4.0},{"not_picked":["Meteor Strike","Reinforced Body"],"picked":"FTL","floor":6.0},{"not_picked":["Stack","Beam Cell"],"picked":"Hologram","floor":8.0},{"not_picked":["Double Energy","Rebound"],"picked":"Leap","floor":10.0},{"not_picked":["Sweeping Beam","Darkness"],"picked":"Ball Lightning","floor":12.0},{"not_picked":["Gash","Seek"],"picked":"Coolheaded","floor":14.0},{"not_picked":["Meteor Strike","Buffer"],"picked":"Biased Cognition","floor":16.0},{"not_picked":["Sweeping Beam","Barrage"],"picked":"Coolheaded","floor":18.0},{"not_picked":["Sweeping Beam","Stack+1","Darkness"],"picked":"SKIP","floor":20.0},{"not_picked":["Turbo","Sunder"],"picked":"Creative AI","floor":22.0},{"not_picked":["Steam Power","Compile Driver+1"],"picked":"Chill","floor":27.0},{"not_picked":["Barrage+1","Sweeping Beam+1"],"picked":"Cold Snap+1","floor":28.0},{"not_picked":["Compile Driver+1","Stack"],"picked":"Go for the Eyes+1","floor":30.0},{"not_picked":["Fission","Amplify"],"picked":"Creative AI","floor":33.0},{"not_picked":["Gash+1","Consume","Ball Lightning+1"],"picked":"SKIP","floor":35.0},{"not_picked":["Ball Lightning+1","Hello World+1"],"picked":"Glacier","floor":37.0},{"not_picked":["Gash+1","Stack"],"picked":"Amplify","floor":38.0},{"not_picked":["Compile Driver+1","Go for the Eyes+1","Barrage+1"],"picked":"SKIP","floor":42.0},{"not_picked":["Hello World+1","Darkness","Force Field"],"picked":"SKIP","floor":44.0},{"not_picked":["Recycle","Leap"],"picked":"Defragment+1","floor":46.0},{"not_picked":["Lockon+1","Sweeping Beam+1","Streamline+1"],"picked":"SKIP","floor":48}],"player_experience":1377693,"relics_obtained":[{"floor":6.0,"key":"Ancient Tea Set"},{"floor":8.0,"key":"DataDisk"},{"floor":9.0,"key":"Akabeko"},{"floor":12.0,"key":"Odd Mushroom"},{"floor":26.0,"key":"Molten Egg 2"},{"floor":26.0,"key":"Meat on the Bone"},{"floor":28.0,"key":"Calipers"},{"floor":28.0,"key":"HornCleat"},{"floor":36.0,"key":"Boot"},{"floor":36.0,"key":"The Courier"},{"floor":42.0,"key":"Gremlin Horn"},{"floor":43.0,"key":"Frozen Egg 2"}],"event_choices":[{"damage_healed":0.0,"max_hp_gain":5.0,"max_hp_loss":0.0,"gold_gain":0.0,"event_name":"Big Fish","player_choice":"Donut","floor":3.0,"gold_loss":0.0,"damage_taken":0.0},{"damage_healed":0.0,"max_hp_gain":0.0,"max_hp_loss":0.0,"gold_gain":0.0,"event_name":"Living Wall","player_choice":"Grow","floor":5.0,"gold_loss":0.0,"damage_taken":0.0,"cards_upgraded":["Zap"]},{"damage_healed":0.0,"max_hp_gain":0.0,"max_hp_loss":0.0,"gold_gain":0.0,"event_name":"Mushrooms","player_choice":"Fought Mushrooms","floor":12.0,"gold_loss":0.0,"damage_taken":0.0},{"damage_healed":0.0,"max_hp_gain":0.0,"max_hp_loss":0.0,"gold_gain":0.0,"event_name":"WeMeetAgain","player_choice":"Gave Potion","floor":13.0,"gold_loss":0.0,"damage_taken":0.0,"relics_obtained":["Matryoshka"]},{"damage_healed":0.0,"max_hp_gain":0.0,"max_hp_loss":0.0,"gold_gain":0.0,"event_name":"Vampires","player_choice":"Ignored","floor":21.0,"gold_loss":0.0,"damage_taken":0.0},{"damage_healed":0.0,"max_hp_gain":0.0,"max_hp_loss":0.0,"gold_gain":50.0,"event_name":"Nest","player_choice":"Stole From Cult","floor":24.0,"gold_loss":0.0,"damage_taken":0.0},{"damage_healed":0.0,"max_hp_gain":0.0,"max_hp_loss":0.0,"gold_gain":0.0,"event_name":"Colosseum","player_choice":"Fight","floor":28.0,"gold_loss":0.0,"damage_taken":0.0},{"damage_healed":0.0,"max_hp_gain":0.0,"max_hp_loss":0.0,"gold_gain":0.0,"event_name":"Colosseum","player_choice":"Fought Nobs","floor":28.0,"gold_loss":0.0,"damage_taken":0.0},{"damage_healed":0.0,"max_hp_gain":0.0,"max_hp_loss":0.0,"gold_gain":100.0,"event_name":"The Joust","player_choice":"Bet on Murderer","floor":31.0,"gold_loss":50.0,"damage_taken":0.0},{"damage_healed":0.0,"max_hp_gain":0.0,"max_hp_loss":0.0,"gold_gain":0.0,"event_name":"Duplicator","player_choice":"Copied","floor":39.0,"gold_loss":0.0,"damage_taken":0.0,"cards_obtained":["Biased Cognition"]}],"is_beta":false,"boss_relics":[{"not_picked":["SacredBark","Snecko Eye"],"picked":"Sozu"},{"not_picked":["Philosopher\u0027s Stone","Coffee Dripper"],"picked":"Cursed Key"}],"items_purged_floors":[19,29,41],"is_endless":false,"potions_floor_spawned":[2,4,10,22,27,30,33,35,42,48],"ascension_level":20}}