{"host":"9d83omykrosjn1d3","time":1609149791,"event":{"mods":["AchievementEnabler","BaseMod","BetterRewards","Card Forge","Downfall","Hubris","Minty Spire (QoL Compilation)","Permanent Neow","Shop Mod","StSLib","SuperFastMode","The Construct"],"gold_per_floor":[118,118,136,136,411,411,445,461,513,529,560,255,285,301,301,398,398,408,507,507,85,97,97,128,128,181,208,44,44,70,83,83,181,181,197,211,211,228,246,279,279,307,359,359,385,398,427,462,462,462,462,462,573,606,606],"floor_reached":56,"playtime":4705,"items_purged":[],"score":2302,"play_id":"8b8f6d77-8284-4cc8-b8e1-610cf6dbebd6","local_time":"20201228190311","is_ascension_mode":true,"campfire_choices":[{"floor":6,"key":"RECALL"},{"floor":15,"key":"REST"},{"floor":23,"key":"REST"},{"data":"construct:ClockworkEgg+3","floor":29,"key":"SMITH"},{"floor":32,"key":"REST"},{"floor":41,"key":"REST"},{"floor":49,"key":"REST"},{"floor":52,"key":"REST"}],"circlet_count":0,"master_deck":["construct:Hazardproof+2","Creative AI+1","Consume+1","Glacier+1","Recycle+1","hubris:PowerSurge+1","Capacitor+1","Gash+1","Seek+1","hubris:PowerSurge+1","construct:ClockworkEgg+4","Master of Strategy+1","Storm+1"],"relics":["Hammer of Thor","Seething Fire","Anvil of the Gods","Inserter","construct:ClockworkPhoenix","Lizard Tail","Toy Ornithopter","hubris:SlimyHat","MerchantsRug","Chemical X","construct:FoamFinger","Runic Pyramid","TheAbacus","HornCleat","Ancient Tea Set","hubris:Metronome","Lantern","Unceasing Top","PrismaticShard","Bottled Flame","Gremlin Horn","Mummified Hand","WingedGreaves","Smiling Mask","SlaversCollar","hubris:BallOfYels","hubris:RGBLights","Mercury Hourglass","hubris:TinFlute","hubris:PeanutButter","War Paint","Blood Vial","CaptainsWheel","Dream Catcher","Akabeko","Bottled Lightning","hubris:GlazedTorus","hubris:64BitClover","Strawberry","Blue Candle","hubris:BottledRain","InkBottle"],"acts_visited":["Exordium","TheCity","TheBeyond","TheEnding"],"potions_floor_usage":[55,55],"damage_taken":[{"damage":0,"enemies":"2 Louse","floor":1,"turns":6},{"damage":1,"enemies":"Cultist","floor":3,"turns":8},{"damage":5,"enemies":"Gremlin Nob","floor":7,"turns":10},{"damage":2,"enemies":"Small Slimes","floor":8,"turns":6},{"damage":0,"enemies":"3 Louse","floor":10,"turns":8},{"damage":0,"enemies":"Lagavulin","floor":11,"turns":17},{"damage":23,"enemies":"3 Sentries","floor":13,"turns":14},{"damage":0,"enemies":"Exordium Thugs","floor":14,"turns":8},{"damage":16,"enemies":"The Guardian","floor":16,"turns":9},{"damage":0,"enemies":"Spheric Guardian","floor":18,"turns":8},{"damage":0,"enemies":"Chosen","floor":22,"turns":9},{"damage":23,"enemies":"Gremlin Leader","floor":24,"turns":7},{"damage":0,"enemies":"Book of Stabbing","floor":27,"turns":8},{"damage":5,"enemies":"Gremlin Leader","floor":30,"turns":7},{"damage":0,"enemies":"Sentry and Sphere","floor":31,"turns":8},{"damage":31,"enemies":"hubris:MusketHawk","floor":33,"turns":8},{"damage":0,"enemies":"3 Darklings","floor":35,"turns":8},{"damage":0,"enemies":"Orb Walker","floor":36,"turns":8},{"damage":0,"enemies":"Maw","floor":38,"turns":10},{"damage":0,"enemies":"Jaw Worm Horde","floor":39,"turns":5},{"damage":0,"enemies":"Reptomancer","floor":40,"turns":7},{"damage":0,"enemies":"Giant Head","floor":42,"turns":11},{"damage":0,"enemies":"Nemesis","floor":45,"turns":9},{"damage":0,"enemies":"Spire Growth","floor":46,"turns":7},{"damage":0,"enemies":"Reptomancer","floor":47,"turns":5},{"damage":0,"enemies":"Nemesis","floor":48,"turns":5},{"damage":0,"enemies":"Awakened One","floor":50,"turns":11},{"damage":0,"enemies":"Shield and Spear","floor":54,"turns":5},{"damage":0,"enemies":"The Heart","floor":55,"turns":7}],"seed_played":"8703883657204370179","potions_obtained":[{"floor":1,"key":"FocusPotion"},{"floor":8,"key":"Slimebound:ThreeZeroPotion"},{"floor":11,"key":"SkillPotion"},{"floor":13,"key":"AttackPotion"},{"floor":22,"key":"Regen Potion"},{"floor":24,"key":"Strength Potion"},{"floor":33,"key":"PotionOfCapacity"},{"floor":36,"key":"Strength Potion"},{"floor":45,"key":"FocusPotion"},{"floor":47,"key":"LiquidMemories"}],"is_trial":false,"path_per_floor":["M","?","M","?","?","R","E","M","T","M","E","$","E","M","R","B",null,"M","?","?","$","M","R","E","?","T","E","$","R","E","M","R","B",null,"M","M","?","M","M","E","R","E","T","?","E","M","E","E","R","B",null,"R","$","E","B",null],"character_chosen":"DEFECT","items_purchased":["Capacitor+1","hubris:SlimyHat","MerchantsRug","Gash+1","Chemical X","TheAbacus","hubris:PowerSurge+1","HornCleat","Ancient Tea Set","PrismaticShard","Bottled Flame","Storm+1"],"campfire_rested":6,"item_purchase_floors":[12,12,12,12,12,21,21,21,21,28,28,53],"current_hp_per_floor":[68,68,67,67,67,67,62,60,60,60,60,60,37,37,59,43,67,67,67,67,67,67,75,52,52,52,52,52,52,47,47,69,38,66,66,66,56,56,56,56,75,75,75,75,75,75,82,82,82,82,82,82,82,82,82],"gold":606,"neow_bonus":"BOSS_RELIC","is_daily":false,"chose_seed":false,"campfire_upgraded":1,"win_rate":0.0,"timestamp":1609149791,"path_taken":["M","?","?","?","?","R","E","M","T","M","E","$","E","M","R","BOSS","M","?","?","$","M","R","E","?","T","E","$","R","E","M","R","BOSS","M","M","?","M","M","E","R","E","T","?","E","M","E","E","R","BOSS","R","$","E","BOSS"],"items_purchased_type":["Card","Relic","Relic","Card","Relic","Relic","Card","Relic","Relic","Relic","Relic","Card"],"build_version":"2020-12-22","purchased_purges":0,"victory":true,"max_hp_per_floor":[75,75,75,75,75,75,75,75,75,75,75,75,75,75,75,75,75,75,75,75,75,75,75,75,75,75,75,75,75,75,75,75,75,75,75,75,75,75,75,75,75,75,75,75,75,75,82,82,82,82,82,82,82,82,82],"card_choices":[{"not_picked":["hubris:Ukulele+1","Consume+1","Go for the Eyes+1"],"picked":"SKIP","floor":1},{"not_picked":["Hello World+1","Barrage+1"],"picked":"hubris:PowerSurge+1","floor":3},{"not_picked":["Stack+1","Consume+1","Leap+1"],"picked":"SKIP","floor":7},{"not_picked":["Auto Shields+1","Ball Lightning+1","Beam Cell+1"],"picked":"SKIP","floor":8},{"not_picked":["Sunder+1","Cold Snap+1","Chaos+1"],"picked":"SKIP","floor":10},{"not_picked":["Coolheaded+1","Darkness+1","Chill+1"],"picked":"SKIP","floor":11},{"not_picked":["Leap+1","Meteor Strike+1","Barrage+1"],"picked":"SKIP","floor":13},{"not_picked":["Rebound+1","Conserve Battery+1","Coolheaded+1"],"picked":"SKIP","floor":14},{"not_picked":["All For One+1","Hyperbeam+1"],"picked":"Seek+1","floor":16},{"not_picked":["Rip and Tear+1","Cold Snap+1","Coolheaded+1"],"picked":"SKIP","floor":18},{"not_picked":["Coolheaded+1","Leap+1","Sweeping Beam+1"],"picked":"SKIP","floor":22},{"not_picked":["Turbo+1","Hello World+1","Redo+1"],"picked":"SKIP","floor":24},{"not_picked":["Steam+1","Beam Cell+1","Hyperbeam+1"],"picked":"SKIP","floor":27},{"not_picked":["construct:FocusedBeam+1","Guardian:BronzeArmor+1","construct:MemoryTap+1"],"picked":"SKIP","floor":30},{"not_picked":["Terror+1","construct:UnbalancingBlast+1","Heel Hook+1"],"picked":"SKIP","floor":31},{"not_picked":["Slice+1","WreathOfFlame+1","Guardian:BronzeOrb+1"],"picked":"SKIP","floor":35},{"not_picked":["Perfected Strike+1","Fasting2+1","Terror+1"],"picked":"SKIP","floor":36},{"not_picked":["hubris:EnhanceAbility+1","expansioncontent:PolyBeam+1"],"picked":"Master of Strategy+1","floor":37},{"not_picked":["construct:FierceBash+1","Searing Blow+1","Shrug It Off+1"],"picked":"SKIP","floor":38},{"not_picked":["Leap+1","Perseverance+1","Guardian:Incinerate+1"],"picked":"SKIP","floor":39},{"not_picked":["Hello World+1","expansioncontent:FaceSlap+1","champ:FanOfKnives+1"],"picked":"SKIP","floor":40},{"not_picked":["Thunderclap+1","sneckomod:UnknownBlock+1","Dagger Spray+1"],"picked":"SKIP","floor":42},{"not_picked":["hexamod:FifthSeal","sneckomod:UnknownWeak+1","Gash+1"],"picked":"SKIP","floor":45},{"not_picked":["hexamod:ExtraCrispy+1","FollowUp+1","InnerPeace+1"],"picked":"SKIP","floor":46},{"not_picked":["construct:FocusedBeam+1","sneckomod:SerpentIdol+1","hexamod:ThermalTransfer+1"],"picked":"SKIP","floor":47},{"not_picked":["Evaluate+1","Underhanded Strike+1","Slimebound:HauntingLick+1"],"picked":"SKIP","floor":48},{"not_picked":["Slimebound:ForwardTackle+1","Guardian:ShieldCharger+1","champ:CrookedStrike"],"picked":"SKIP","floor":54}],"player_experience":680848,"relics_obtained":[{"floor":7,"key":"Lizard Tail"},{"floor":11,"key":"Toy Ornithopter"},{"floor":13,"key":"construct:FoamFinger"},{"floor":24,"key":"hubris:Metronome"},{"floor":26,"key":"Lantern"},{"floor":27,"key":"Unceasing Top"},{"floor":30,"key":"Gremlin Horn"},{"floor":30,"key":"Mummified Hand"},{"floor":31,"key":"WingedGreaves"},{"floor":33,"key":"Smiling Mask"},{"floor":35,"key":"hubris:BallOfYels"},{"floor":36,"key":"hubris:RGBLights"},{"floor":38,"key":"Mercury Hourglass"},{"floor":39,"key":"hubris:TinFlute"},{"floor":40,"key":"hubris:PeanutButter"},{"floor":40,"key":"War Paint"},{"floor":42,"key":"Blood Vial"},{"floor":42,"key":"CaptainsWheel"},{"floor":43,"key":"Dream Catcher"},{"floor":45,"key":"Akabeko"},{"floor":45,"key":"Bottled Lightning"},{"floor":46,"key":"hubris:GlazedTorus"},{"floor":47,"key":"hubris:64BitClover"},{"floor":47,"key":"Strawberry"},{"floor":48,"key":"Blue Candle"},{"floor":48,"key":"hubris:BottledRain"},{"floor":54,"key":"InkBottle"}],"event_choices":[{"damage_healed":0,"gold_gain":0,"player_choice":"2 cards matched","damage_taken":0,"max_hp_gain":0,"max_hp_loss":0,"event_name":"Match and Keep!","floor":2,"gold_loss":0,"cards_obtained":["hubris:Ukulele","Zap"]},{"damage_healed":0,"gold_gain":0,"player_choice":"Ignored","damage_taken":0,"max_hp_gain":0,"max_hp_loss":0,"event_name":"Golden Wing","floor":4,"gold_loss":0},{"damage_healed":0,"gold_gain":275,"player_choice":"Desecrate","damage_taken":0,"max_hp_gain":0,"max_hp_loss":0,"event_name":"Golden Shrine","floor":5,"gold_loss":0,"cards_obtained":["Regret"]},{"damage_healed":0,"gold_gain":99,"player_choice":"Stole From Cult","damage_taken":0,"max_hp_gain":0,"max_hp_loss":0,"event_name":"Nest","floor":19,"gold_loss":0},{"damage_healed":0,"gold_gain":0,"player_choice":"Ignored","damage_taken":0,"max_hp_gain":0,"max_hp_loss":0,"event_name":"Beggar","floor":25,"gold_loss":0},{"damage_healed":0,"gold_gain":0,"player_choice":"Memory 3","damage_taken":10,"max_hp_gain":0,"max_hp_loss":0,"event_name":"SensoryStone","floor":37,"gold_loss":0},{"damage_healed":0,"gold_gain":0,"player_choice":"1 cards matched","damage_taken":0,"max_hp_gain":0,"max_hp_loss":0,"event_name":"Match and Keep!","floor":44,"gold_loss":0,"cards_obtained":["Barrage"]}],"is_beta":false,"boss_relics":[{"not_picked":["hubris:RunicObelisk","hubris:CrackedHourglass"],"picked":"Runic Pyramid"},{"not_picked":["Pandora\u0027s Box","hubris:TerracottaHorce"],"picked":"SlaversCollar"}],"items_purged_floors":[],"is_endless":false,"potions_floor_spawned":[1,8,11,13,22,24,33,36,45,46,47,54],"ascension_level":7}}