{"host":"qj91dvco5uhu9oti","time":1609157279,"event":{"mods":["BaseMod","Colored Map","Keyboard Shortcuts","Minty Spire (QoL Compilation)","Permanent Neow","Quick Restart","Relic Stats","StSLib","SuperFastMode","everything is the same but u backflip on backflip"],"gold_per_floor":[111,186,156,166,166,166,197,207,207,7,39,55,55,55,55,141,141,70,70,91,120,35,35,35,35],"floor_reached":24,"playtime":535,"items_purged":["Defend_R"],"score":404,"play_id":"ef37a5f8-0db7-4c75-8c2a-48a9dd1cee4b","local_time":"20201228210759","is_ascension_mode":true,"campfire_choices":[{"data":"Flame Barrier","floor":6.0,"key":"SMITH"},{"data":"Evolve","floor":13,"key":"SMITH"},{"data":"Uppercut","floor":15,"key":"SMITH"},{"floor":23,"key":"REST"}],"circlet_count":0,"master_deck":["AscendersBane","Strike_R","Strike_R","Strike_R","Defend_R","Defend_R","Defend_R","Bash","Exhume","Reckless Charge+1","Ghostly Armor","Flame Barrier+1","Seeing Red","Evolve+1","Power Through","Uppercut+1","Warcry","Juggernaut","Entrench","Shrug It Off","Shockwave"],"relics":["Burning Blood","Du-Vu Doll","Bottled Tornado","Red Skull","CeramicFish","Cursed Key","Matryoshka"],"acts_visited":["Exordium","TheCity"],"potions_floor_usage":[8,21],"damage_taken":[{"damage":19.0,"enemies":"Jaw Worm","floor":1.0,"turns":5.0},{"damage":3.0,"enemies":"2 Louse","floor":4.0,"turns":3.0},{"damage":26.0,"enemies":"Gremlin Nob","floor":7.0,"turns":4.0},{"damage":0.0,"enemies":"Cultist","floor":8.0,"turns":4.0},{"damage":20,"enemies":"3 Sentries","floor":11,"turns":10},{"damage":1,"enemies":"Blue Slaver","floor":12,"turns":4},{"damage":17,"enemies":"Slime Boss","floor":16,"turns":9},{"damage":6,"enemies":"2 Thieves","floor":18,"turns":4},{"damage":34,"enemies":"Spheric Guardian","floor":20,"turns":6},{"damage":20,"enemies":"Snake Plant","floor":21,"turns":5},{"damage":43,"enemies":"Gremlin Leader","floor":24,"turns":3}],"seed_played":"1565126637002076224","potions_obtained":[{"floor":3.0,"key":"FearPotion"},{"floor":3.0,"key":"Fruit Juice"},{"floor":7.0,"key":"Block Potion"},{"floor":8,"key":"DistilledChaos"},{"floor":21,"key":"DuplicationPotion"}],"is_trial":false,"path_per_floor":["M","?","?","M","?","R","E","M","T","$","E","M","R","?","R","B",null,"M","$","M","M","?","R","E"],"character_chosen":"IRONCLAD","items_purchased":["Power Through","Uppercut"],"campfire_rested":1,"item_purchase_floors":[10,10],"current_hp_per_floor":[55,44,44,47,47,47,27,38,38,38,24,29,29,24,24,13,58,58,58,30,16,16,37,0,0],"gold":35,"neow_bonus":"TRANSFORM_TWO_CARDS","is_daily":false,"chose_seed":false,"campfire_upgraded":3,"win_rate":0.0,"timestamp":1609157279,"path_taken":["M","?","?","?","?","R","E","?","T","$","E","M","R","?","R","BOSS","M","$","M","M","?","R","E"],"items_purchased_type":["Card","Card"],"build_version":"2020-12-22","purchased_purges":1,"victory":false,"max_hp_per_floor":[68,68,68,68,68,68,68,73,73,73,73,73,73,73,73,73,73,73,73,73,73,73,73,73,73],"relic_stats":{"counters":[11,57],"CeramicFish":36,"Cursed Key":0,"obtain_stats":[{"Du-Vu Doll":7,"Matryoshka":22,"CeramicFish":14,"Bottled Tornado":9,"Cursed Key":17,"Burning Blood":0,"Red Skull":11},{"Du-Vu Doll":3,"Matryoshka":10,"CeramicFish":6,"Bottled Tornado":4,"Cursed Key":7,"Burning Blood":0,"Red Skull":5},{"Du-Vu Doll":12,"Matryoshka":54,"CeramicFish":30,"Bottled Tornado":16,"Cursed Key":39,"Burning Blood":0,"Red Skull":26}],"Burning Blood":60},"card_choices":[{"not_picked":["Cleave","Sword Boomerang"],"picked":"Ghostly Armor","floor":1.0},{"not_picked":["Infernal Blade","Havoc"],"picked":"Flame Barrier","floor":4.0},{"not_picked":["Flame Barrier","Perfected Strike"],"picked":"Seeing Red","floor":7.0},{"not_picked":["Bloodletting","Power Through"],"picked":"Evolve","floor":8},{"not_picked":["Warcry","Perfected Strike","Sever Soul"],"picked":"SKIP","floor":11},{"not_picked":["Metallicize","Sever Soul"],"picked":"Warcry","floor":12},{"not_picked":["Bludgeon","Berserk"],"picked":"Juggernaut","floor":16},{"not_picked":["Rupture","Infernal Blade"],"picked":"Entrench","floor":18},{"not_picked":["Dropkick+1","Spot Weakness"],"picked":"Shrug It Off","floor":20},{"not_picked":["Pommel Strike","Entrench"],"picked":"Shockwave","floor":21}],"player_experience":317911,"relics_obtained":[{"floor":7.0,"key":"Du-Vu Doll"},{"floor":9,"key":"Bottled Tornado"},{"floor":11,"key":"Red Skull"}],"event_choices":[{"damage_healed":0.0,"max_hp_gain":0.0,"max_hp_loss":0.0,"gold_gain":75.0,"event_name":"World of Goop","player_choice":"Gather Gold","floor":2.0,"gold_loss":0.0,"damage_taken":11.0},{"damage_healed":0.0,"max_hp_gain":0.0,"max_hp_loss":0.0,"gold_gain":0.0,"event_name":"The Woman in Blue","player_choice":"Bought 2 Potions","floor":3.0,"gold_loss":0.0,"damage_taken":0.0},{"damage_healed":0.0,"max_hp_gain":0.0,"max_hp_loss":0.0,"gold_gain":0.0,"event_name":"Upgrade Shrine","player_choice":"Upgraded","floor":5.0,"gold_loss":0.0,"damage_taken":0.0,"cards_upgraded":["Reckless Charge"]},{"damage_healed":0,"gold_gain":0,"player_choice":"Success","damage_taken":5,"relics_obtained":["CeramicFish"],"max_hp_gain":0,"max_hp_loss":0,"event_name":"Scrap Ooze","floor":14,"gold_loss":0},{"damage_healed":0,"gold_gain":0,"player_choice":"Obtained Relic","damage_taken":0,"relics_obtained":["Matryoshka"],"max_hp_gain":0,"max_hp_loss":0,"event_name":"Addict","floor":22,"gold_loss":85}],"is_beta":false,"boss_relics":[{"not_picked":["SacredBark","Sozu"],"picked":"Cursed Key"}],"items_purged_floors":[10],"is_endless":false,"potions_floor_spawned":[4,7,8,11,20,21],"killed_by":"Gremlin Leader","ascension_level":20}}