{"host":"98zq812qbocdqs0d","time":1609174702,"event":{"mods":["BaseMod","GifTheSpireLib","Minty Spire (QoL Compilation)","Replay The Spire","StSLib","The Cursed","The Hierophant"],"gold_per_floor":[115,115,134,134,209,242,242,279,303,105,105,105,105,124,124,245,245,281,281,281,321,321,321,363,416,416,416,158,158,193,292,292,413,413,448,481,481,517,549,549,590,590,643,643,678,712,225,247,247,271],"floor_reached":51,"playtime":4184,"items_purged":["Self Repair+1"],"score":968,"play_id":"6de794c8-db45-4060-864d-44507bc0628f","local_time":"20201228175822","is_ascension_mode":true,"campfire_choices":[{"data":"Bash","floor":7,"key":"SMITH"},{"data":"Beam Cell","floor":12,"key":"SMITH"},{"floor":15,"key":"REST"},{"data":"Anger","floor":23,"key":"SMITH"},{"floor":27,"key":"REST"},{"data":"Perfected Strike","floor":29,"key":"SMITH"},{"data":"Pommel Strike","floor":32,"key":"SMITH"},{"floor":40,"key":"REST"},{"data":"Bludgeon","floor":42,"key":"SMITH"},{"data":"Impervious","floor":44,"key":"SMITH"},{"data":"Perfected Strike","floor":49,"key":"SMITH"}],"circlet_count":0,"master_deck":["Strike_R","Strike_R","Strike_R","Strike_R","Strike_R","Defend_R+1","Defend_R","Defend_R+1","Defend_R+1","Bash+1","Headbutt","Twin Strike+1","Beam Cell+1","Anger+1","Impervious+1","Havoc+1","Wild Strike+1","Pommel Strike+1","Pommel Strike","Perfected Strike+1","Bludgeon+1","Pommel Strike+1","Perfected Strike+1","Twin Strike","Perfected Strike+1","Offering","Twin Strike"],"relics":["NeowsBlessing","Iron Core","Replay:Bandana","Pantograph","Regal Pillow","War Paint","Garlic","Runic Cube","Tiny Chest","Happy Flower","Singing Bowl","Brimstone","Painkiller Herb","Quantum Egg","Red Skull","ReplayTheSpireMod:TigerMarble"],"acts_visited":["Exordium","TheCity","TheBeyond"],"potions_floor_usage":[8,8,18,25,35,35,45,50,50],"damage_taken":[{"damage":0,"enemies":"Cultist","floor":1,"turns":1},{"damage":0,"enemies":"Jaw Worm","floor":3,"turns":1},{"damage":0,"enemies":"Lagavulin","floor":6,"turns":1},{"damage":9,"enemies":"Gremlin Nob","floor":8,"turns":4},{"damage":0,"enemies":"2 Louse","floor":14,"turns":2},{"damage":47,"enemies":"The Guardian","floor":16,"turns":11},{"damage":12,"enemies":"2 Thieves","floor":18,"turns":5},{"damage":16,"enemies":"Shell Parasite","floor":21,"turns":5},{"damage":1,"enemies":"3 Cultists","floor":24,"turns":6},{"damage":38,"enemies":"Gremlin Leader","floor":25,"turns":6},{"damage":8,"enemies":"Cultist and Chosen","floor":30,"turns":3},{"damage":77,"enemies":"Automaton","floor":33,"turns":8},{"damage":23,"enemies":"3 Darklings","floor":35,"turns":3},{"damage":4,"enemies":"Orb Walker","floor":36,"turns":3},{"damage":20,"enemies":"Spire Growth","floor":38,"turns":4},{"damage":18,"enemies":"Jaw Worm Horde","floor":39,"turns":3},{"damage":0,"enemies":"Transient","floor":41,"turns":5},{"damage":4,"enemies":"4 Shapes","floor":45,"turns":3},{"damage":18,"enemies":"Spire Growth","floor":46,"turns":3},{"damage":0,"enemies":"Sphere and 2 Shapes","floor":48,"turns":3},{"damage":106,"enemies":"Donu and Deca","floor":50,"turns":7}],"seed_played":"-9133157481028393764","potions_obtained":[{"floor":1,"key":"Weak Potion"},{"floor":3,"key":"HeartOfIron"},{"floor":14,"key":"EssenceOfSteel"},{"floor":18,"key":"EssenceOfSteel"},{"floor":24,"key":"Fire Potion"},{"floor":25,"key":"ElixirPotion"},{"floor":39,"key":"BloodPotion"},{"floor":41,"key":"EssenceOfSteel"},{"floor":45,"key":"Reflective Coating"},{"floor":46,"key":"BloodPotion"}],"is_trial":false,"path_per_floor":["M","$","M","?","?","E","R","E","T","$","?","R","?","M","R","B",null,"M","?","$","M","?","R","M","E","T","R","$","R","M","?","R","B",null,"?","?","T","?","?","T","?","T","T","T","?","?","T","?","T","B",null],"character_chosen":"IRONCLAD","items_purchased":["War Paint","Anger","Perfected Strike","Brimstone","Fire Potion","ReplayTheSpireMod:TigerMarble","Perfected Strike","Elixir","Offering","Twin Strike"],"campfire_rested":3,"item_purchase_floors":[10,10,28,28,28,47,47,47,47,47],"current_hp_per_floor":[78,78,80,80,69,69,69,70,70,70,58,58,42,42,80,43,71,69,69,69,63,63,63,72,44,44,80,80,80,82,82,82,15,65,54,60,60,50,44,84,88,88,88,88,86,78,78,80,80,22],"gold":271,"neow_bonus":"THREE_ENEMY_KILL","is_daily":false,"chose_seed":false,"campfire_upgraded":8,"win_rate":0.0,"timestamp":1609174702,"path_taken":["M","$","M","?","?","E","R","E","T","$","?","R","?","M","R","BOSS","M","?","$","?","?","R","M","E","T","R","$","R","M","?","R","BOSS","?","?","?","?","?","T","?","T","T","T","?","?","T","?","T","BOSS"],"items_purchased_type":["Relic","Card","Card","Relic","Potion","Relic","Card","Potion","Card","Card"],"build_version":"2020-12-22","purchased_purges":1,"victory":true,"max_hp_per_floor":[80,80,80,80,80,80,80,80,80,80,80,80,80,80,80,80,80,80,80,80,80,80,80,80,80,80,80,80,80,82,82,82,82,82,84,84,84,84,86,86,88,88,88,88,90,90,90,92,92,92],"card_choices":[{"not_picked":["ReplayTheSpireMod:Muscle Training","Sentinel"],"picked":"Headbutt","floor":1},{"not_picked":["True Grit","Sentinel","Iron Wave"],"picked":"SKIP","floor":3},{"not_picked":["True Grit","ReplayTheSpireMod:Corrosion Curse"],"picked":"Twin Strike","floor":6},{"not_picked":["Headbutt","Flex"],"picked":"Beam Cell","floor":8},{"not_picked":["Havoc","Sword Boomerang","Defy Death"],"picked":"SKIP","floor":14},{"not_picked":["ReplayTheSpireMod:Omega Cannon","Firewall"],"picked":"Impervious","floor":16},{"not_picked":["ReplayTheSpireMod:Limb From Limb","Flex"],"picked":"Havoc+1","floor":18},{"not_picked":["Replay:Undeath\u0027s Touch+1","Abandon+1"],"picked":"Wild Strike+1","floor":21},{"not_picked":["Cleave","Heavy Blade"],"picked":"Pommel Strike","floor":24},{"not_picked":["Inflame","Iron Wave"],"picked":"Pommel Strike","floor":25},{"not_picked":["ReplayTheSpireMod:Stacked","Replay:Undeath\u0027s Touch+1","Clash+1"],"picked":"Singing Bowl","floor":30},{"not_picked":["Brutality","Berserk"],"picked":"Bludgeon","floor":33},{"not_picked":["Iron Wave","Carnage","Cleave"],"picked":"Singing Bowl","floor":35},{"not_picked":["Defy Death","Body Slam"],"picked":"Pommel Strike+1","floor":36},{"not_picked":["Run Through","Clash"],"picked":"Perfected Strike+1","floor":38},{"not_picked":["Inflame+1","Shockwave","Dropkick"],"picked":"Singing Bowl","floor":39},{"not_picked":["Hemokinesis","Thunderclap+1","Armaments+1"],"picked":"Singing Bowl","floor":41},{"not_picked":["Anger","Abandon","Sever Soul"],"picked":"Singing Bowl","floor":45},{"not_picked":["True Grit","Iron Wave"],"picked":"Twin Strike","floor":46},{"not_picked":["Searing Blow+1","Armaments+1","Entrench"],"picked":"Singing Bowl","floor":48}],"player_experience":868869,"relics_obtained":[{"floor":6,"key":"Replay:Bandana"},{"floor":8,"key":"Pantograph"},{"floor":9,"key":"Regal Pillow"},{"floor":25,"key":"Happy Flower"},{"floor":26,"key":"Singing Bowl"},{"floor":37,"key":"Quantum Egg"},{"floor":43,"key":"Red Skull"}],"event_choices":[{"damage_healed":0,"gold_gain":75,"player_choice":"Gather Gold","damage_taken":11,"max_hp_gain":0,"max_hp_loss":0,"event_name":"World of Goop","floor":5,"gold_loss":0},{"damage_healed":0,"gold_gain":0,"player_choice":"Success","damage_taken":12,"relics_obtained":["Garlic"],"max_hp_gain":0,"max_hp_loss":0,"event_name":"Scrap Ooze","floor":11,"gold_loss":0},{"damage_healed":0,"gold_gain":0,"player_choice":"Entered Light","damage_taken":16,"max_hp_gain":0,"max_hp_loss":0,"event_name":"Shining Light","floor":13,"gold_loss":0,"cards_upgraded":["Twin Strike","Defend_R"]},{"damage_healed":0,"gold_gain":0,"player_choice":"Ignored","damage_taken":0,"max_hp_gain":0,"max_hp_loss":0,"event_name":"Beggar","floor":22,"gold_loss":0},{"damage_healed":0,"gold_gain":99,"player_choice":"Stole From Cult","damage_taken":0,"max_hp_gain":0,"max_hp_loss":0,"event_name":"Nest","floor":31,"gold_loss":0}],"is_beta":false,"boss_relics":[{"not_picked":["Fusion Hammer","Replay:Grab Bag"],"picked":"Runic Cube"},{"not_picked":["Astrolabe","Snecko Eye"],"picked":"Painkiller Herb"}],"items_purged_floors":[47],"is_endless":false,"potions_floor_spawned":[1,3,14,18,24,25,39,41,45,46],"ascension_level":9}}