{"host":"l66odvkqh04jpxx0","time":1609137538,"event":{"mods":["BaseMod","Colored Powertips","Conspire","Hermit","Luminous","Minty Spire (QoL Compilation)","Quick Restart","Replay The Spire","StSLib","The Construct","The Cursed","The Mystic","The Servant 0.9.4"],"gold_per_floor":[112,125,141,141,91,91,119,119,119,119,142,142,165,189,189,189,189],"floor_reached":16,"playtime":1298,"items_purged":[],"score":107,"play_id":"4e92b273-0598-4c3f-8b8c-5bdd01160611","local_time":"20201228143858","is_ascension_mode":true,"campfire_choices":[{"data":"Phantasmal Killer","floor":6,"key":"SMITH"},{"data":"Finisher","floor":8,"key":"SMITH"},{"floor":15,"key":"DIG"}],"circlet_count":0,"master_deck":["Strike_G","Strike_G","Strike_G","Strike_G","Defend_G","Defend_G","Defend_G","Defend_G","Survivor","Neutralize","Phantasmal Killer+1","Finisher+1","Dagger Throw","Dagger Throw","After Image"],"relics":["Ring of the Snake","Gremlin Horn","conspire:DecoderRing","Golden Idol","Pen Nib"],"acts_visited":["Exordium"],"potions_floor_usage":[16,16,16],"damage_taken":[{"damage":6,"enemies":"2 Louse","floor":1,"turns":5},{"damage":1,"enemies":"Jaw Worm","floor":2,"turns":2},{"damage":0,"enemies":"Small Slimes","floor":3,"turns":3},{"damage":14,"enemies":"3 Sentries","floor":7,"turns":5},{"damage":1,"enemies":"conspire:2 RoseBushes","floor":11,"turns":4},{"damage":0,"enemies":"Looter","floor":13,"turns":3},{"damage":0,"enemies":"Large Slime","floor":14,"turns":4},{"damage":41,"enemies":"Hexaghost","floor":16,"turns":12}],"seed_played":"5854063105317258149","potions_obtained":[{"floor":1,"key":"SteroidPotion"},{"floor":7,"key":"LiquidMemories"},{"floor":11,"key":"GamblersBrew"},{"floor":13,"key":"Dexterity Potion"}],"is_trial":false,"path_per_floor":["M","M","M","?","?","R","E","R","T","?","M","?","M","M","R","B"],"character_chosen":"THE_SILENT","items_purchased":[],"campfire_rested":0,"item_purchase_floors":[],"current_hp_per_floor":[57,56,56,61,61,61,47,47,47,47,46,39,39,39,39,0,0],"gold":189,"neow_bonus":"THREE_RARE_CARDS","is_daily":false,"chose_seed":false,"campfire_upgraded":2,"win_rate":0.0,"timestamp":1609137538,"path_taken":["M","M","M","?","?","R","E","R","T","?","M","?","M","?","R","BOSS"],"items_purchased_type":[],"build_version":"2020-12-22","purchased_purges":0,"victory":false,"max_hp_per_floor":[63,63,63,68,68,68,68,68,68,63,63,63,63,63,63,63,63],"card_choices":[{"not_picked":["Die Die Die","Unload"],"picked":"Phantasmal Killer","floor":0},{"not_picked":["Skewer","Bane"],"picked":"Finisher","floor":1},{"not_picked":["Backflip","Sucker Punch"],"picked":"Dagger Throw","floor":2},{"not_picked":["Crippling Poison","Toxin Wave"],"picked":"Dagger Throw","floor":3},{"not_picked":["Outmaneuver","Replay:Poison Smokescreen","Expertise"],"picked":"SKIP","floor":7},{"not_picked":["Dodge and Roll","Deadly Poison","Quick Slash"],"picked":"SKIP","floor":11},{"not_picked":["Well Laid Plans","Hidden Blade","Outmaneuver"],"picked":"SKIP","floor":13},{"not_picked":["Noxious Fumes","Leg Sweep"],"picked":"After Image","floor":14}],"player_experience":77002,"relics_obtained":[{"floor":7,"key":"Gremlin Horn"},{"floor":9,"key":"conspire:DecoderRing"},{"floor":15,"key":"Pen Nib"}],"event_choices":[{"damage_healed":0,"gold_gain":0,"player_choice":"Donut","damage_taken":0,"max_hp_gain":5,"max_hp_loss":0,"event_name":"Big Fish","floor":4,"gold_loss":0},{"cards_removed":["Defend_G"],"damage_healed":0,"gold_gain":0,"player_choice":"Card Removal","damage_taken":0,"max_hp_gain":0,"max_hp_loss":0,"event_name":"The Cleric","floor":5,"gold_loss":50},{"damage_healed":0,"gold_gain":0,"player_choice":"Lose Max HP","damage_taken":0,"relics_obtained":["Golden Idol"],"max_hp_gain":0,"max_hp_loss":5,"event_name":"Golden Idol","floor":10,"gold_loss":0},{"cards_removed":["Strike_G"],"damage_healed":0,"gold_gain":0,"player_choice":"Card Removal","damage_taken":7,"max_hp_gain":0,"max_hp_loss":0,"event_name":"Golden Wing","floor":12,"gold_loss":0}],"is_beta":false,"boss_relics":[],"items_purged_floors":[],"is_endless":false,"potions_floor_spawned":[1,7,11,13],"killed_by":"Hexaghost","ascension_level":1}}