{"host":"ql9d3hodw6ja2r3y","time":1609163473,"event":{"mods":["2.2 Compatiblity","A Magickal Journey","AchievementEnabler","Act Like it!","BaseMod","Beaked The Cultist","Better Altar","Better Match","Better Note","Better Sensory Stone","Better Skull","Better Third Choice","Better Vampires","BetterRewards","CCEM","Challenge The Spire","Colored Powertips","Curses Come First","Displayed Cursed Tome","Downfall","Friendly Minions","GifTheSpireLib","Infinite Spire","Marked Mod","Mimic Mod","Minty Spire (QoL Compilation)","Permanent Neow","Quick Restart","Random Character Button","Rare Cards Sparkle","Relic Sorter","Shade Mod","Somnambulant","Spicy Shops","StSLib","Synergy Search","The Blue Laboratory","The Bug Knight","The Construct","The Cursed","The Disciple","The Forsaken","The Hierophant","The Marked","The Runesmith","The Showman","The Spell Scribe"],"gold_per_floor":[212,212,4,20,32,32,49,19,55,55,55],"floor_reached":10,"playtime":1025,"items_purged":[],"score":58,"play_id":"149c797b-ee09-4ebc-9631-1c8facdf7489","local_time":"20201228145113","is_ascension_mode":false,"campfire_choices":[{"data":"somnambulantmod: LightSleeper","floor":6,"key":"SMITH"}],"circlet_count":0,"master_deck":["somnambulantmod: SomnambulantStrike","somnambulantmod: SomnambulantStrike","somnambulantmod: SomnambulantStrike","somnambulantmod: SomnambulantStrike","somnambulantmod: SomnambulantStrike","somnambulantmod: Defend_Somnambulant","somnambulantmod: Defend_Somnambulant","somnambulantmod: Defend_Somnambulant","somnambulantmod: Defend_Somnambulant","somnambulantmod: Defend_Somnambulant","somnambulantmod: QuickNap+1","somnambulantmod: PrimingPunch","somnambulantmod: SickeningSwathe","somnambulantmod: Relive","somnambulantmod: Unknow","somnambulantmod: LightSleeper+1","somnambulantmod: Pinch","somnambulantmod: Unmake","somnambulantmod: Sleepyhead","somnambulantmod: InLimbo","somnambulantmod: BadIdea"],"relics":["somnambulantmod: DreamJournal"],"acts_visited":["Exordium"],"potions_floor_usage":[7],"damage_taken":[{"damage":1,"enemies":"Jaw Worm","floor":1,"turns":5},{"damage":0,"enemies":"Small Slimes","floor":4,"turns":4},{"damage":0,"enemies":"2 Louse","floor":5,"turns":4},{"damage":15,"enemies":"Red Slaver","floor":7,"turns":5},{"damage":0,"enemies":"Looter","floor":8,"turns":4},{"damage":1,"enemies":"Exordium Thugs","floor":9,"turns":8},{"damage":74,"enemies":"Gremlin Nob","floor":10,"turns":5}],"seed_played":"-4493005985845364099","potions_obtained":[{"floor":4,"key":"Slimebound:ThreeZeroPotion"},{"floor":7,"key":"SpeedPotion"}],"is_trial":false,"path_per_floor":["M","?","$","M","M","R","M","M","MIM","E"],"character_chosen":"THE_SOMNAMBULANT","items_purchased":["somnambulantmod: Relive","somnambulantmod: Unknow","somnambulantmod: LightSleeper"],"campfire_rested":0,"item_purchase_floors":[3,3,3],"current_hp_per_floor":[69,69,69,69,69,69,54,54,53,0,0],"gold":55,"neow_bonus":"HUNDRED_GOLD","is_daily":false,"chose_seed":false,"campfire_upgraded":1,"win_rate":0.0,"timestamp":1609163473,"path_taken":["M","?","$","M","M","R","M","M","MIM","E"],"items_purchased_type":["Card","Card","Card"],"build_version":"2020-12-22","purchased_purges":0,"victory":false,"max_hp_per_floor":[70,70,70,70,70,70,70,70,70,70,70],"card_choices":[{"not_picked":["somnambulantmod: Wake","somnambulantmod: DeeperSleep"],"picked":"somnambulantmod: SickeningSwathe","floor":1},{"not_picked":["somnambulantmod: TrepanningBlow","somnambulantmod: HeadSmack"],"picked":"somnambulantmod: Pinch","floor":4},{"not_picked":["somnambulantmod: OpeningUp","somnambulantmod: Cower"],"picked":"somnambulantmod: Unmake","floor":5},{"not_picked":["somnambulantmod: Harden","somnambulantmod: Cower"],"picked":"somnambulantmod: Sleepyhead","floor":7},{"not_picked":["somnambulantmod: ImpenetrableMind","somnambulantmod: Extract"],"picked":"somnambulantmod: InLimbo","floor":8},{"not_picked":["somnambulantmod: HeavyLids","somnambulantmod: LeechFears"],"picked":"somnambulantmod: BadIdea","floor":9}],"player_experience":1899,"relics_obtained":[],"event_choices":[{"damage_healed":0,"gold_gain":0,"player_choice":"Grow","damage_taken":0,"max_hp_gain":0,"max_hp_loss":0,"event_name":"Living Wall","floor":2,"gold_loss":0,"cards_upgraded":["somnambulantmod: QuickNap"]}],"is_beta":false,"boss_relics":[],"items_purged_floors":[],"is_endless":false,"potions_floor_spawned":[4,7],"killed_by":"Gremlin Nob","ascension_level":0}}