{"host":"hfvpa4llnnjpeawn","time":1609128933,"event":{"mods":["2.2 Compatiblity","AchievementEnabler","Act Like it!","Aspiration","Bard","BaseMod","Beaked The Cultist","Better Sensory Stone","Better Skull","Better Third Choice","BetterRewards","CapriCore","Conspire","Downfall","Elementarium","Energized Spire","Hubris","Infinite Spire","Jorbs\u0027s Wanderer Trilogy","Minty Spire (QoL Compilation)","Replay The Spire","Shade Mod","Spicy Shops","StSLib","The Bladedancer","The Factory","The Gatherer","The Jungle","Waifu the Spire","Wandering Minibosses"],"gold_per_floor":[118,118,137,155,155,155,181,181,181,13,13,13,32,46,46,120,120,137,137,137,163,175,175,203,203,203,214,227,227,237,252,252,331,331,351,351,351,365,26,26,60,60,60,60,60,73,73,92,92,92],"floor_reached":51,"playtime":3414,"items_purged":["Strike_G"],"score":1311,"play_id":"baf91f4a-05c1-4d0d-bb62-3bcc3f429b6c","local_time":"20201227231533","is_ascension_mode":true,"campfire_choices":[{"data":"Venomology","floor":6,"key":"SMITH"},{"data":"Blade Dance","floor":8,"key":"SMITH"},{"data":"Blade Dance","floor":15,"key":"SMITH"},{"data":"A Thousand Cuts","floor":23,"key":"SMITH"},{"data":"infinitespire:Menacing","floor":25,"key":"SMITH"},{"data":"stsjorbsmod:MirrorImage","floor":32,"key":"SMITH"},{"data":"Caltrops","floor":40,"key":"SMITH"},{"data":"Choke","floor":42,"key":"SMITH"},{"data":"Adrenaline","floor":44,"key":"SMITH"},{"data":"ReplayTheSpireMod:Necrosis","floor":49,"key":"SMITH"}],"circlet_count":0,"master_deck":["AscendersBane","Strike_G","Strike_G","Strike_G","Strike_G","Defend_G","Defend_G","Defend_G","Defend_G","Defend_G","Survivor","Neutralize","Poisoned Stab","Poisoned Stab","Blade Dance+1","Backstab","Catalyst+1","Venomology+1","Backflip","Accuracy+1","Blade Dance+1","A Thousand Cuts+1","Clumsy","infinitespire:Menacing+1","ReplayTheSpireMod:Shiv Toss","Dagger Spray+1","Choke+1","stsjorbsmod:MirrorImage+1","ReplayTheSpireMod:Necrosis+1","Adrenaline+1","Calculated Gamble+1","Hallucinations","Caltrops+1"],"relics":["aspiration:ChemicalBlood","Potion Belt","Dead Branch","Sizzling Blood","Durian","Kunai","energizedSpire:HighHeels","hubris:64BitClover","ReplayTheSpireMod:Lightbulb","hubris:Metronome","hubris:HerbalPaste","beaked:SacredDeck","hubris:Backtick","Charon\u0027s Ashes","aspiration:Lifesprig","ReplayTheSpireMod:Ring of Addiction","Ring of Fury","White Beast Statue","Toy Ornithopter","infinitespire:Lucky Rock","Gambling Chip"],"acts_visited":["Exordium","TheCity","TheBeyond"],"potions_floor_usage":[7,14,16,16,22,24,24,28,30,30,33,35,38,41,41,48,48],"damage_taken":[{"damage":11,"enemies":"Small Slimes","floor":1,"turns":4},{"damage":0,"enemies":"conspire:RoseBush","floor":3,"turns":3},{"damage":0,"enemies":"2 Louse","floor":4,"turns":2},{"damage":14,"enemies":"Gremlin Nob","floor":7,"turns":4},{"damage":8,"enemies":"Looter","floor":13,"turns":2},{"damage":0,"enemies":"Exordium Wildlife","floor":14,"turns":2},{"damage":21,"enemies":"Hexaghost","floor":16,"turns":4},{"damage":0,"enemies":"3 Byrds","floor":18,"turns":2},{"damage":13,"enemies":"Spheric Guardian","floor":22,"turns":4},{"damage":2,"enemies":"conspire:SneckoGhost","floor":24,"turns":7},{"damage":0,"enemies":"Snake Plant","floor":27,"turns":2},{"damage":0,"enemies":"Cultist and Chosen","floor":28,"turns":2},{"damage":7,"enemies":"Shelled Parasite and Fungi","floor":30,"turns":2},{"damage":0,"enemies":"3 Cultists","floor":31,"turns":3},{"damage":0,"enemies":"conspire:MysteriousRune","floor":33,"turns":7},{"damage":0,"enemies":"Orb Walker","floor":35,"turns":3},{"damage":0,"enemies":"3 Darklings","floor":38,"turns":3},{"damage":9,"enemies":"Reptomancer","floor":41,"turns":2},{"damage":0,"enemies":"Maw","floor":46,"turns":2},{"damage":47,"enemies":"4 Shapes","floor":48,"turns":4},{"damage":0,"enemies":"hubris:GrandSnecko","floor":50,"turns":1}],"seed_played":"3742570374841055890","potions_obtained":[{"floor":3,"key":"DuplicationPotion"},{"floor":7,"key":"Energy Potion"},{"floor":27,"key":"Adrenaline Potion"},{"floor":28,"key":"Strength Potion"},{"floor":31,"key":"BlessingOfTheForge"},{"floor":35,"key":"Venom Potion"},{"floor":37,"key":"EntropicBrew"},{"floor":37,"key":"FearPotion"},{"floor":38,"key":"Regen Potion"},{"floor":41,"key":"SkillPotion"},{"floor":48,"key":"Regen Potion"}],"is_trial":false,"path_per_floor":["M","?","M","M","?","R","E","R","T","$","?","?","M","M","R","B",null,"M","?","?","?","M","R","E","R","T","M","M","AVR","M","M","R","B",null,"M","?","?","M","$","R","E","R","T","R","?","M","$","M","R","B",null],"character_chosen":"THE_SILENT","items_purchased":["aspiration:ChemicalBlood","Potion Belt","Poisoned Stab","Blade Dance","Accuracy","Finisher","Caltrops"],"campfire_rested":0,"item_purchase_floors":[0,0,0,0,10,10,39],"current_hp_per_floor":[27,31,35,39,62,62,57,57,57,57,57,57,53,57,57,52,69,73,73,56,56,47,47,49,49,49,53,57,57,59,68,68,75,75,75,75,75,75,75,75,75,75,75,75,69,73,73,69,69,71],"gold":92,"neow_bonus":"","is_daily":false,"chose_seed":false,"campfire_upgraded":10,"win_rate":0.0,"timestamp":1609128933,"path_taken":["M","?","M","M","?","R","E","R","T","$","?","?","M","?","R","BOSS","M","?","?","?","?","R","E","R","T","M","M","AVR","M","M","R","BOSS","M","?","?","M","?","R","E","R","T","R","?","M","$","M","R","BOSS"],"items_purchased_type":["Relic","Relic","Card","Card","Card","Card","Card"],"build_version":"2020-12-22","purchased_purges":1,"victory":true,"max_hp_per_floor":[66,70,70,70,70,70,75,75,75,75,75,75,75,75,75,75,75,75,75,75,75,75,75,75,75,75,75,75,75,75,75,75,75,75,75,75,75,75,75,75,75,75,75,75,73,73,73,71,71,71],"card_choices":[{"not_picked":["Dodge and Roll","Blade Dance"],"picked":"Backstab","floor":1},{"not_picked":["Flying Knee","hubris:TrickCloak"],"picked":"Catalyst","floor":3},{"not_picked":["Bane","Finisher"],"picked":"Venomology","floor":4},{"not_picked":["Prepared","Slice"],"picked":"Backflip","floor":7},{"not_picked":["Acrobatics","ReplayTheSpireMod:Tripwire"],"picked":"Blade Dance","floor":13},{"not_picked":["Cloak And Dagger","Dagger Throw","Endless Agony"],"picked":"SKIP","floor":14},{"not_picked":["Cloak And Dagger","Dagger Throw","Endless Agony"],"picked":"SKIP","floor":14},{"not_picked":["Poison Darts","Grand Finale"],"picked":"A Thousand Cuts","floor":16},{"not_picked":["Prepared","Outmaneuver","Well Laid Plans"],"picked":"SKIP","floor":18},{"not_picked":["hubris:Rewind","ReplayTheSpireMod:Echoes of Time"],"picked":"infinitespire:Menacing","floor":20},{"not_picked":["Predator","Expertise"],"picked":"ReplayTheSpireMod:Shiv Toss","floor":22},{"not_picked":["Heel Hook","Blade Dance"],"picked":"Dagger Spray+1","floor":24},{"not_picked":["Eviscerate","Well Laid Plans+1","Backstab"],"picked":"SKIP","floor":27},{"not_picked":["Underhanded Strike","Caltrops"],"picked":"Choke","floor":28},{"not_picked":["PiercingWail","Bane","Flying Knee"],"picked":"SKIP","floor":30},{"not_picked":["Acrobatics","Flying Knee"],"picked":"ReplayTheSpireMod:Necrosis","floor":31},{"not_picked":["Venomology","Unload"],"picked":"Adrenaline","floor":33},{"not_picked":["All Out Attack+1","Dagger Throw"],"picked":"Calculated Gamble+1","floor":35},{"not_picked":["Bane+1","Finisher","ReplayTheSpireMod:Exploit Weakness"],"picked":"SKIP","floor":38},{"not_picked":["All Out Attack+1","Choke","Accuracy"],"picked":"SKIP","floor":41},{"not_picked":["Acrobatics","Expertise","Underhanded Strike"],"picked":"SKIP","floor":46},{"not_picked":["Dodge and Roll","Poison Darts","hubris:TrickCloak+1"],"picked":"SKIP","floor":48}],"player_experience":366344,"relics_obtained":[{"floor":7,"key":"Durian"},{"floor":9,"key":"Kunai"},{"floor":21,"key":"hubris:64BitClover"},{"floor":24,"key":"ReplayTheSpireMod:Lightbulb"},{"floor":26,"key":"hubris:Metronome"},{"floor":35,"key":"aspiration:Lifesprig"},{"floor":37,"key":"ReplayTheSpireMod:Ring of Addiction"},{"floor":37,"key":"Ring of Fury"},{"floor":37,"key":"White Beast Statue"},{"floor":37,"key":"Toy Ornithopter"},{"floor":41,"key":"infinitespire:Lucky Rock"},{"floor":43,"key":"Gambling Chip"}],"event_choices":[{"damage_healed":23,"gold_gain":0,"player_choice":"Banana","damage_taken":0,"max_hp_gain":0,"max_hp_loss":0,"event_name":"Big Fish","floor":5,"gold_loss":0},{"damage_healed":0,"gold_gain":0,"player_choice":"Grow","damage_taken":0,"max_hp_gain":0,"max_hp_loss":0,"event_name":"Living Wall","floor":11,"gold_loss":0,"cards_upgraded":["Accuracy"]},{"damage_healed":0,"gold_gain":0,"player_choice":"Ignored","damage_taken":0,"max_hp_gain":0,"max_hp_loss":0,"event_name":"The Mausoleum","floor":19,"gold_loss":0},{"cards_removed":["Finisher"],"damage_healed":0,"gold_gain":0,"player_choice":"Removed Attack","damage_taken":0,"max_hp_gain":0,"max_hp_loss":0,"event_name":"Falling","floor":36,"gold_loss":0},{"damage_healed":0,"gold_gain":0,"player_choice":"Leave","damage_taken":0,"max_hp_gain":0,"max_hp_loss":0,"event_name":"conspire:Investor","floor":45,"gold_loss":0}],"is_beta":false,"boss_relics":[{"not_picked":["energizedSpire:HugeHouse","HoveringKite"],"picked":"energizedSpire:HighHeels"},{"not_picked":["hubris:RunicObelisk","Replay:Grab Bag"],"picked":"hubris:Backtick"}],"items_purged_floors":[39],"is_endless":false,"potions_floor_spawned":[3,7,27,28,31,35,38,41,46,48],"ascension_level":17}}