{"host":"ttx8tv95o5vka1nm","time":1609125623,"event":{"mods":["BaseMod","Colored Map","Downfall","Infinite Spire","Minty Spire (QoL Compilation)","Replay The Spire","Shop Mod","StSLib","The Jungle"],"gold_per_floor":[112,36,51,82,97,97,125,135,159,192,206,240,258,288,300,415,427,450,462,486,498,119,131,131,131],"floor_reached":24,"playtime":4032,"items_purged":["Strike_R"],"score":299,"play_id":"5e777524-1b93-442b-81b7-c5c4a529b0aa","local_time":"20201228132023","is_ascension_mode":true,"campfire_choices":[{"data":"Body Slam","floor":6,"key":"SMITH"},{"data":"Entrench","floor":15,"key":"SMITH"}],"circlet_count":0,"master_deck":["Strike_R","Strike_R","Strike_R","Defend_R","Defend_R","Defend_R","Defend_R","Bash","ReplayTheSpireMod:Stacked","Rampage","Cleave","Body Slam+1","Inflame","Intimidate","Shrug It Off","Impervious","True Grit","Entrench+1","Shrug It Off","ReplayTheSpireMod:Strike From Hell","Barricade","Iron Wave","Sentinel","Ghostly Armor"],"relics":["Burning Blood","Counterbalance","Toy Ornithopter","Tiny Chest","ReplayTheSpireMod:TigerMarble","Black Star","theJungle:BirthdayCakeSlice","MerchantsRug","Divine Protection"],"acts_visited":["Exordium","Exordium"],"potions_floor_usage":[7,7,14,16,20,24],"damage_taken":[{"damage":8,"enemies":"Jaw Worm","floor":1,"turns":6},{"damage":16,"enemies":"infinitespire:Voidling","floor":3,"turns":5},{"damage":11,"enemies":"Small Slimes","floor":5,"turns":4},{"damage":25,"enemies":"3 Sentries","floor":7,"turns":6},{"damage":6,"enemies":"Looter","floor":8,"turns":4},{"damage":37,"enemies":"Lagavulin","floor":10,"turns":7},{"damage":4,"enemies":"Large Slime","floor":11,"turns":8},{"damage":19,"enemies":"Replay:BlueRogue","floor":12,"turns":6},{"damage":0,"enemies":"Exordium Thugs","floor":13,"turns":3},{"damage":6,"enemies":"Lagavulin","floor":14,"turns":8},{"damage":35,"enemies":"Slime Boss","floor":16,"turns":12},{"damage":10,"enemies":"theJungle:MUSHROOMGANG","floor":18,"turns":7},{"damage":8,"enemies":"theJungle:Flameango_and_Byrd","floor":20,"turns":9},{"damage":31,"enemies":"theJungle:SlimyTreeVines","floor":23,"turns":17},{"damage":92,"enemies":"Nightmare","floor":24,"turns":10}],"seed_played":"7649113237990820558","potions_obtained":[{"floor":1,"key":"Doom Potion"},{"floor":5,"key":"LiquidBronze"},{"floor":10,"key":"Explosive Potion"},{"floor":11,"key":"Adrenaline Potion"},{"floor":16,"key":"Reflective Coating"},{"floor":23,"key":"Fire Potion"}],"is_trial":false,"path_per_floor":["M","$","M","?","M","R","E","M","T","E","M","E","M","E","R","B",null,"M","?","M","?","$","M","NM"],"character_chosen":"IRONCLAD","items_purchased":["Rampage","MerchantsRug","Divine Protection"],"campfire_rested":0,"item_purchase_floors":[2,22,22],"current_hp_per_floor":[78,78,80,80,75,75,56,56,56,32,34,21,35,40,40,16,87,83,78,81,86,86,67,0,0],"gold":131,"neow_bonus":"TRANSFORM_CARD","is_daily":false,"chose_seed":false,"campfire_upgraded":2,"win_rate":0.0,"timestamp":1609125623,"path_taken":["M","$","M","?","M","R","E","?","T","E","M","E","M","E","R","BOSS","M","?","M","?","$","M","NM"],"items_purchased_type":["Card","Relic","Relic"],"build_version":"2020-12-22","purchased_purges":1,"victory":false,"max_hp_per_floor":[80,80,80,80,80,80,80,80,80,87,87,87,87,87,87,87,87,87,92,92,97,97,97,97,97],"card_choices":[{"not_picked":["Perfected Strike","Burning Pact","Dual Wield"],"picked":"SKIP","floor":1},{"not_picked":["Life Link","ReplayTheSpireMod:Strike From Hell"],"picked":"Cleave","floor":3},{"not_picked":["Spot Weakness","Seeing Red"],"picked":"Body Slam","floor":4},{"not_picked":["Disarm","Cleave"],"picked":"Inflame","floor":5},{"not_picked":["Flex","Fiend Fire"],"picked":"Intimidate","floor":7},{"not_picked":["Evolve","Replay:Undeath\u0027s Touch"],"picked":"Shrug It Off","floor":8},{"not_picked":["Headbutt","ReplayTheSpireMod:LeadingStrike"],"picked":"Impervious","floor":10},{"not_picked":["ReplayTheSpireMod:Limb From Limb","Cleave"],"picked":"True Grit","floor":11},{"not_picked":["Second Wind","ReplayTheSpireMod:LeadingStrike"],"picked":"Entrench","floor":12},{"not_picked":["Whirlwind","ReplayTheSpireMod:Strike From Hell"],"picked":"Shrug It Off","floor":13},{"not_picked":["Carnage","Eclipse"],"picked":"ReplayTheSpireMod:Strike From Hell","floor":14},{"not_picked":["Demonic Infusion","Eclipse"],"picked":"Barricade","floor":16},{"not_picked":["Reckless Charge","Wild Strike"],"picked":"Iron Wave","floor":18},{"not_picked":["Heavy Blade","Run Through"],"picked":"Sentinel","floor":20},{"not_picked":["Rupture","ReplayTheSpireMod:Limb From Limb"],"picked":"Ghostly Armor","floor":23}],"player_experience":474854,"relics_obtained":[{"floor":4,"key":"Counterbalance"},{"floor":7,"key":"Toy Ornithopter"},{"floor":9,"key":"Tiny Chest"},{"floor":10,"key":"Strawberry"},{"floor":12,"key":"ReplayTheSpireMod:TigerMarble"},{"floor":14,"key":"MawBank"}],"event_choices":[],"is_beta":false,"boss_relics":[{"not_picked":["Abe\u0027s Treasure","Replay:Fungal Core"],"picked":"Black Star"}],"items_purged_floors":[22],"is_endless":false,"potions_floor_spawned":[1,5,10,11,16,23],"killed_by":"Nightmare","ascension_level":4}}