{"host":"f4n39520dv0p5qms","time":1609160959,"event":{"mods":["AchievementEnabler","BaseMod","Colored Powertips","DeckTracker","Downfall","Infinite Spire","Minty Spire (QoL Compilation)","Replay The Spire","Shop Mod","StSLib","The Bug Knight","The Servant 0.9.4"],"gold_per_floor":[17,17,17,32,47,75,75,93,118,136,136,136,146,111,111,111,111],"floor_reached":16,"playtime":570,"items_purged":[],"score":102,"play_id":"f6c89504-36a7-41e0-b717-8461482d73ea","local_time":"20201228160919","is_ascension_mode":false,"campfire_choices":[{"data":"HollowMod:ChannelNail","floor":7,"key":"SMITH"},{"data":"HollowMod:Weaversong","floor":12,"key":"SMITH"},{"floor":15,"key":"REST"}],"circlet_count":0,"master_deck":["HollowMod:NailStrikeStart","HollowMod:NailStrikeStart","HollowMod:NailStrikeStart","HollowMod:NailStrikeStart","HollowMod:QuickDashStart","HollowMod:QuickDashStart","HollowMod:QuickDashStart","HollowMod:QuickDashStart","HollowMod:FocusHealStart","HollowMod:PogoStrike","HollowMod:Weaversong+1","HollowMod:SiblingsShadow","infinitespire:Collect","HollowMod:ChannelNail+1","HollowMod:VengefulVoid","HollowMod:SoulStrike","HollowMod:SoulMaster","HollowMod:SoulSplash","HollowMod:VengefulVoid"],"relics":["HollowMod:VesselMask","Oddly Smooth Stone","Boot"],"acts_visited":["Exordium"],"potions_floor_usage":[6,16],"damage_taken":[{"damage":2,"enemies":"Small Slimes","floor":1,"turns":5},{"damage":11,"enemies":"Jaw Worm","floor":4,"turns":3},{"damage":8,"enemies":"2 Louse","floor":5,"turns":2},{"damage":8,"enemies":"Lagavulin","floor":6,"turns":6},{"damage":6,"enemies":"Exordium Thugs","floor":8,"turns":5},{"damage":8,"enemies":"Large Slime","floor":10,"turns":4},{"damage":13,"enemies":"3 Louse","floor":13,"turns":2},{"damage":70,"enemies":"HollowMod:FalseKnight","floor":16,"turns":10}],"seed_played":"-7014357600259944767","potions_obtained":[{"floor":1,"key":"Dexterity Potion"},{"floor":6,"key":"Strength Potion"},{"floor":13,"key":"SneckoOil"}],"is_trial":false,"path_per_floor":["M","?","?","M","M","E","R","M","T","M","?","R","M","?","R","B"],"character_chosen":"THE_BUGKNIGHT","items_purchased":[],"campfire_rested":1,"item_purchase_floors":[],"current_hp_per_floor":[73,73,55,50,42,34,34,34,34,26,26,26,13,31,53,0,0],"gold":111,"neow_bonus":"THREE_RARE_CARDS","is_daily":false,"chose_seed":false,"campfire_upgraded":2,"win_rate":0.0,"timestamp":1609160959,"path_taken":["M","?","?","M","M","E","R","M","T","M","?","R","?","?","R","BOSS"],"items_purchased_type":[],"build_version":"2020-12-22","purchased_purges":0,"victory":false,"max_hp_per_floor":[75,75,75,75,75,75,75,75,75,75,75,75,75,75,75,75,75],"card_choices":[{"not_picked":["HollowMod:SlysStrikes","HollowMod:AwokenDreamNail"],"picked":"HollowMod:Weaversong","floor":0},{"not_picked":["HollowMod:AbyssShriek","HollowMod:NewLittleFool"],"picked":"HollowMod:SiblingsShadow","floor":1},{"not_picked":["infinitespire:Oblivion","ReplayTheSpireMod:Book of Names"],"picked":"infinitespire:Collect","floor":3},{"not_picked":["HollowMod:DungDefenderAura","HollowMod:CornifersMapStart"],"picked":"HollowMod:ChannelNail","floor":4},{"not_picked":["HollowMod:DreamGate","HollowMod:NewJinnsSoul"],"picked":"HollowMod:VengefulVoid","floor":5},{"not_picked":["HollowMod:ZotesMagnificence","HollowMod:FastStrike"],"picked":"HollowMod:SoulStrike","floor":6},{"not_picked":["HollowMod:DescendingDark","HollowMod:CloakDash"],"picked":"HollowMod:SoulMaster","floor":8},{"not_picked":["HollowMod:InfectedAttack","HollowMod:InfectedCysts"],"picked":"HollowMod:CornifersMapStart","floor":10},{"not_picked":["HollowMod:InfectedAttack","HollowMod:TaintedHusks"],"picked":"HollowMod:VengefulVoid","floor":13}],"player_experience":135551,"relics_obtained":[{"floor":6,"key":"Oddly Smooth Stone"},{"floor":9,"key":"Boot"}],"event_choices":[{"damage_healed":0,"gold_gain":0,"cards_transformed":["HollowMod:CornifersMapStart"],"player_choice":"Transformed","damage_taken":0,"max_hp_gain":0,"max_hp_loss":0,"event_name":"Transmorgrifier","floor":11,"gold_loss":0,"cards_obtained":["HollowMod:SoulSplash"]},{"damage_healed":18,"gold_gain":0,"player_choice":"Healed","damage_taken":0,"max_hp_gain":0,"max_hp_loss":0,"event_name":"The Cleric","floor":14,"gold_loss":35}],"is_beta":false,"boss_relics":[],"items_purged_floors":[],"is_endless":false,"potions_floor_spawned":[1,6,13],"killed_by":"HollowMod:FalseKnight","ascension_level":0}}