{"host":"fne7yx97fnz7kq05","time":1609129070,"event":{"mods":["BaseMod","Colored Map","Colored Powertips","Downfall","Highlight Path","Minty Spire (QoL Compilation)","Relic Stats","StSLib"],"gold_per_floor":[99,113,130,142,47,75,75,103,103,28,70,98,132,132,156,259,259,109,131,131,131,131,131,131,124,124,151,87,111,111,154,180,180,180,180],"floor_reached":33,"playtime":3656,"items_purged":[],"score":327,"play_id":"d6fb755a-de10-4eb5-bd88-31ac071bc0f7","local_time":"20201227221750","is_ascension_mode":false,"campfire_choices":[{"floor":1,"key":"RECALL"},{"data":"hexamod:Float","floor":10,"key":"SMITH"},{"data":"hexamod:EmpoweringStance","floor":18,"key":"SMITH"},{"data":"hexamod:PhantomCloak","floor":26,"key":"SMITH"},{"floor":30,"key":"REST"}],"circlet_count":0,"master_deck":["hexamod:Strike","hexamod:Strike","hexamod:Strike","hexamod:Strike","hexamod:Defend","hexamod:Defend","hexamod:Defend","hexamod:Defend","hexamod:Sear+1","hexamod:Float+1","hexamod:GhostOfSpirePast","hexamod:HeatMetal","hexamod:EmpoweringStance+1","hexamod:SecondSeal","hexamod:EmpoweredFlame","hexamod:Again","hexamod:SearingWound","hexamod:HeatCrush","hexamod:RadiantFlame","hexamod:ThirdSeal","hexamod:ExtraCrispy","hexamod:WildfireWeapon","hexamod:VolcanoVisage","hexamod:HeatShield","hexamod:FastForward+1","hexamod:AdvancingGuard+1","hexamod:PhantomCloak+1","hexamod:SixthSeal","hexamod:FourthSeal","hexamod:BurningTouch+1","hexamod:DynamicBlow+1","hexamod:SearingWound","hexamod:Hexaguard","hexamod:Hexaguard+1"],"relics":["hexamod:SpiritBrand","HornCleat","downfall:HeartBlessingRed","Tiny Chest","Cursed Key","downfall:HeartBlessingBlue","downfall:HeartBlessingGreen","downfall:RedIOU","TungstenRod"],"acts_visited":["Exordium","TheCity"],"potions_floor_usage":[13,16,19,29,31,31],"damage_taken":[{"damage":0,"enemies":"Cultist","floor":2,"turns":4},{"damage":2,"enemies":"2 Louse","floor":3,"turns":4},{"damage":0,"enemies":"Jaw Worm","floor":4,"turns":4},{"damage":5,"enemies":"downfall:FleeingMerchant","floor":5,"turns":4},{"damage":14,"enemies":"Exordium Thugs","floor":6,"turns":6},{"damage":5,"enemies":"Lots of Slimes","floor":8,"turns":5},{"damage":4,"enemies":"Lagavulin","floor":11,"turns":7},{"damage":11,"enemies":"Large Slime","floor":12,"turns":8},{"damage":0,"enemies":"Gremlin Nob","floor":13,"turns":4},{"damage":0,"enemies":"Blue Slaver","floor":15,"turns":4},{"damage":22,"enemies":"downfall:Ironclad","floor":16,"turns":9},{"damage":11,"enemies":"3 Byrds","floor":19,"turns":6},{"damage":0,"enemies":"downfall:FleeingMerchant","floor":25,"turns":4},{"damage":0,"enemies":"Shell Parasite","floor":27,"turns":4},{"damage":0,"enemies":"downfall:FleeingMerchant","floor":28,"turns":4},{"damage":18,"enemies":"Snake Plant","floor":29,"turns":6},{"damage":46,"enemies":"Slavers","floor":31,"turns":9},{"damage":24,"enemies":"Shelled Parasite and Fungi","floor":32,"turns":7},{"damage":15,"enemies":"downfall:Silent","floor":33,"turns":4}],"seed_played":"7728015424011540970","potions_obtained":[{"floor":3,"key":"hexamod:DoubleChargePotion"},{"floor":4,"key":"SpeedPotion"},{"floor":6,"key":"SkillPotion"},{"floor":13,"key":"champ:CounterPotion"},{"floor":16,"key":"Fire Potion"},{"floor":27,"key":"SkillPotion"},{"floor":29,"key":"Energy Potion"},{"floor":31,"key":"CultistPotion"},{"floor":32,"key":"Strength Potion"}],"is_trial":false,"path_per_floor":["R","M","M","M","$","M","T","M","?","R","E","M","E","?","M","B",null,"R","M","?","T","T","?","T","$","R","M","$","M","R","E","M","B"],"character_chosen":"THE_SPIRIT","items_purchased":["hexamod:SecondSeal","hexamod:BurningTouch"],"campfire_rested":1,"item_purchase_floors":[5,28],"current_hp_per_floor":[77,77,75,75,70,56,56,51,48,48,44,33,33,33,33,11,77,87,76,76,76,76,76,76,76,76,76,76,58,84,38,14,0,0,0],"gold":180,"neow_bonus":"TEN_PERCENT_HP_BONUS","is_daily":false,"chose_seed":false,"campfire_upgraded":3,"win_rate":0.0,"timestamp":1609129070,"path_taken":["R","M","M","M","$","M","T","M","?","R","E","M","E","?","M","BOSS","R","M","?","?","?","?","T","$","R","?","$","M","R","E","M","BOSS"],"items_purchased_type":["Card","Card"],"build_version":"2020-12-22","purchased_purges":0,"victory":false,"max_hp_per_floor":[77,77,77,77,77,77,77,77,77,77,77,77,77,77,77,77,77,87,87,87,87,87,87,87,87,87,87,87,87,87,87,87,87,87,87],"relic_stats":{"counters":[19,103],"Tiny Chest":1,"Cursed Key":0,"obtain_stats":[{"HornCleat":9,"downfall:HeartBlessingRed":10,"downfall:HeartBlessingBlue":18,"Tiny Chest":11,"MealTicket":13,"downfall:HeartBlessingGreen":18,"downfall:RedIOU":23,"Cursed Key":17,"hexamod:SpiritBrand":0,"TungstenRod":31},{"HornCleat":6,"downfall:HeartBlessingRed":6,"downfall:HeartBlessingBlue":11,"Tiny Chest":7,"MealTicket":9,"downfall:HeartBlessingGreen":11,"downfall:RedIOU":12,"Cursed Key":11,"hexamod:SpiritBrand":0,"TungstenRod":17},{"HornCleat":27,"downfall:HeartBlessingRed":27,"downfall:HeartBlessingBlue":59,"Tiny Chest":34,"MealTicket":46,"downfall:HeartBlessingGreen":59,"downfall:RedIOU":65,"Cursed Key":59,"hexamod:SpiritBrand":0,"TungstenRod":92}],"TungstenRod":8},"card_choices":[{"not_picked":["hexamod:SwordOfDarkness","hexamod:Rewind"],"picked":"hexamod:BurningTouch","floor":2},{"not_picked":["hexamod:RainOfEmbers","hexamod:Haunt"],"picked":"hexamod:GhostOfSpirePast","floor":3},{"not_picked":["hexamod:FastForward","hexamod:GhostLash"],"picked":"hexamod:HeatMetal","floor":4},{"not_picked":["hexamod:RainOfEmbers","hexamod:GhostShield"],"picked":"hexamod:EmpoweringStance","floor":5},{"not_picked":["hexamod:ThermalTransfer","hexamod:Hexaguard"],"picked":"hexamod:EmpoweredFlame","floor":6},{"not_picked":["hexamod:SkipABeat","hexamod:SwordOfDarkness"],"picked":"hexamod:Again","floor":8},{"not_picked":["hexamod:EmpoweredFlame","hexamod:Hexaguard"],"picked":"hexamod:SearingWound","floor":11},{"not_picked":["hexamod:GhostShield","hexamod:GhostLash"],"picked":"hexamod:HeatCrush","floor":12},{"not_picked":["hexamod:BacktrackSmack","hexamod:SecondSeal"],"picked":"hexamod:RadiantFlame","floor":13},{"not_picked":["hexamod:GhostLash","hexamod:AdvancingGuard"],"picked":"hexamod:ExtraCrispy","floor":15},{"not_picked":["hexamod:SpectralAdrenaline","hexamod:NightmareStrike","hexamod:SecondSeal"],"picked":"SKIP","floor":15},{"not_picked":["hexamod:CrushingStance","hexamod:SearingWound"],"picked":"hexamod:WildfireWeapon","floor":16},{"not_picked":["hexamod:TurnItUp","hexamod:TimeWarp"],"picked":"hexamod:VolcanoVisage","floor":16},{"not_picked":["hexamod:SpectersWail","hexamod:NightmareGuise"],"picked":"hexamod:HeatShield","floor":19},{"not_picked":["hexamod:ShieldOfDarkness","hexamod:GhostLash+1"],"picked":"hexamod:FastForward+1","floor":19},{"not_picked":["hexamod:Again","hexamod:Hexaguard"],"picked":"hexamod:AdvancingGuard+1","floor":25},{"not_picked":["hexamod:RecurringNightmare+1","hexamod:GhostOfSpirePast"],"picked":"hexamod:PhantomCloak","floor":25},{"not_picked":["hexamod:ExtraCrispy+1","hexamod:RainOfEmbers","hexamod:ThermalTransfer"],"picked":"SKIP","floor":27},{"not_picked":["hexamod:Hexaguard","hexamod:FastForward"],"picked":"hexamod:SixthSeal","floor":28},{"not_picked":["hexamod:ExtraCrispy","hexamod:GhostOfSpirePresent"],"picked":"hexamod:FourthSeal","floor":28},{"not_picked":["hexamod:RainOfEmbers+1","hexamod:HeatMetal"],"picked":"hexamod:DynamicBlow","floor":29},{"not_picked":["hexamod:SkipABeat","hexamod:HeatShield","hexamod:SwordOfDarkness"],"picked":"SKIP","floor":29},{"not_picked":["hexamod:Incineration","hexamod:HeatCrush"],"picked":"hexamod:SearingWound","floor":31},{"not_picked":["hexamod:RainOfEmbers+1","hexamod:Firestarter","hexamod:FourthSeal"],"picked":"SKIP","floor":31},{"not_picked":["hexamod:NightmareStrike","hexamod:BacktrackSmack"],"picked":"hexamod:Hexaguard","floor":32},{"not_picked":["hexamod:DynamicBlow","hexamod:InspiringFlames"],"picked":"hexamod:Hexaguard+1","floor":32}],"player_experience":267231,"relics_obtained":[{"floor":11,"key":"Tiny Chest"},{"floor":13,"key":"MealTicket"},{"floor":31,"key":"TungstenRod"}],"event_choices":[{"damage_healed":0,"gold_gain":0,"player_choice":"Success","damage_taken":3,"relics_obtained":["HornCleat"],"max_hp_gain":0,"max_hp_loss":0,"event_name":"Scrap Ooze","floor":9,"gold_loss":0},{"damage_healed":0,"gold_gain":0,"player_choice":"Ignored","damage_taken":0,"max_hp_gain":0,"max_hp_loss":0,"event_name":"Vampires","floor":20,"gold_loss":0}],"is_beta":false,"boss_relics":[{"not_picked":["Philosopher\u0027s Stone","Empty Cage"],"picked":"Cursed Key"}],"items_purged_floors":[],"is_endless":false,"potions_floor_spawned":[3,4,6,13,16,27,29,32],"killed_by":"downfall:Silent","ascension_level":0}}