{"host":"31s8hzukbhz1k6i6","time":1609183584,"event":{"mods":["BaseMod","Colored Map","Minty Spire (QoL Compilation)","Relic Stats","UnlockEverythingMod"],"gold_per_floor":[414,432,210,223,78,78,90,90,90],"floor_reached":8,"playtime":381,"items_purged":[],"score":72,"play_id":"7ba25edb-a9a7-40ce-91ef-f338c8c0a0a5","local_time":"20201228112624","is_ascension_mode":true,"campfire_choices":[{"data":"Deadly Poison","floor":6,"key":"SMITH"}],"circlet_count":0,"master_deck":["AscendersBane","Strike_G","Strike_G","Strike_G","Strike_G","Strike_G","Defend_G","Defend_G","Defend_G","Defend_G","Defend_G","Survivor","Neutralize","Catalyst","Backstab","Leg Sweep","Predator","Deadly Poison+1","Acrobatics"],"relics":["Ring of the Snake","Old Coin","Oddly Smooth Stone","Orrery"],"acts_visited":["Exordium"],"potions_floor_usage":[8,8],"damage_taken":[{"damage":1,"enemies":"Small Slimes","floor":1,"turns":4},{"damage":3,"enemies":"Cultist","floor":2,"turns":5},{"damage":0,"enemies":"2 Louse","floor":4,"turns":2},{"damage":0,"enemies":"Exordium Wildlife","floor":7,"turns":4},{"damage":76,"enemies":"Gremlin Nob","floor":8,"turns":6}],"seed_played":"5566805806075305236","potions_obtained":[{"floor":2,"key":"SpeedPotion"},{"floor":4,"key":"DistilledChaos"}],"is_trial":false,"path_per_floor":["M","M","$","M","$","R","M","E"],"character_chosen":"THE_SILENT","items_purchased":["Leg Sweep","Oddly Smooth Stone","Orrery"],"campfire_rested":0,"item_purchase_floors":[3,3,5],"current_hp_per_floor":[44,41,41,41,41,41,41,0,0],"gold":90,"neow_bonus":"ONE_RARE_RELIC","is_daily":false,"chose_seed":false,"campfire_upgraded":1,"win_rate":0.0,"timestamp":1609183584,"path_taken":["M","M","$","M","$","R","M","E"],"items_purchased_type":["Card","Relic","Relic"],"build_version":"2020-12-22","purchased_purges":0,"victory":false,"max_hp_per_floor":[70,70,70,70,70,70,70,70,70],"relic_stats":{"counters":[5,21],"obtain_stats":[{"Oddly Smooth Stone":3,"Orrery":5,"Ring of the Snake":0,"Old Coin":0},{"Oddly Smooth Stone":2,"Orrery":3,"Ring of the Snake":0,"Old Coin":0},{"Oddly Smooth Stone":9,"Orrery":11,"Ring of the Snake":0,"Old Coin":0}],"Ring of the Snake":[10]},"card_choices":[{"not_picked":["Backflip","Concentrate"],"picked":"Catalyst","floor":1},{"not_picked":["Backflip","Blade Dance"],"picked":"Backstab","floor":2},{"not_picked":["Flying Knee","Dagger Spray"],"picked":"Predator","floor":4},{"not_picked":["Dagger Spray","Tactician"],"picked":"Deadly Poison","floor":5},{"not_picked":["Catalyst","Dagger Throw"],"picked":"Acrobatics","floor":5},{"not_picked":["Dagger Spray","Prepared","Underhanded Strike"],"picked":"SKIP","floor":7}],"player_experience":50887,"relics_obtained":[],"event_choices":[],"is_beta":false,"boss_relics":[],"items_purged_floors":[],"is_endless":false,"potions_floor_spawned":[2,4],"killed_by":"Gremlin Nob","ascension_level":10}}