{"host":"00yob6u0fiu7ehgs","time":1609193325,"event":{"mods":["Act Like it!","Arknights The Spire","Art Attack!","BaseMod","Chen","Colored Powertips","Elementarium","Gensokyo","GifTheSpireLib","Infinite Spire","Jorbs\u0027s Wanderer Trilogy","Koishi","Marisa????????","Minty Spire (QoL Compilation)","Rare Cards Sparkle","Reimu??????","Remilia??????","Replay The Spire","StSLib","The Alterego","The Animator","The Cursed","The Forsaken","The Servant 0.9.4","Wandering Minibosses"],"gold_per_floor":[114,44,59,79,99,99,111,111,161,186,186,198,218,233,233,334,334,354,354,366,380,5,5,5,5,5,5,75,86,121,121,121],"floor_reached":31,"playtime":1612,"items_purged":["ats:Strike C"],"score":259,"play_id":"8b5270ff-0667-43ae-a506-0fc331d72a46","local_time":"20201228150845","is_ascension_mode":false,"campfire_choices":[{"data":"ats:Part Time Job","floor":6,"key":"SMITH"},{"floor":8,"key":"REST"},{"floor":11,"key":"REST"},{"floor":15,"key":"REST"},{"data":"ats:Ambush","floor":23,"key":"SMITH"}],"circlet_count":0,"master_deck":["ats:Strike G","ats:Strike S+1","ats:Strike V","ats:Armor Crushing Shot","ats:Defend","ats:Defend","ats:Defend","ats:True Silver Slash+1","ats:Powerful Strike","ats:Cat Scratch","ats:Part Time Job","ats:Part Time Job+1","ats:Support Order","ats:Ambush+1","ats:Poison Spread","ats:Powerful Strike","ats:Assault Order","ats:Curse Doll","Gensokyo:ManorOfTheDishes","ats:Powerful Strike","ats:Blood Oath","ats:Spore Proliferation+1","ats:Echo Reverb","ats:Revitalization","ats:Directed Diagnosis+1"],"relics":["ats:Sanity","ats:Originium","infinitespire:FocusingShard","Pantograph","Gensokyo:DayTheSeaSplit","Ornamental Fan","ReplayTheSpireMod:Ninjato","ats:Originium","Replay:Wax Seal"],"acts_visited":["Exordium","Gensokyo:Gensokyo"],"potions_floor_usage":[16,16,29,30],"damage_taken":[{"damage":12,"enemies":"Gensokyo:Gryphon","floor":1,"turns":3},{"damage":3,"enemies":"Gensokyo:2_Kodama","floor":3,"turns":2},{"damage":0,"enemies":"Gensokyo:3_Fairies","floor":4,"turns":4},{"damage":24,"enemies":"Gensokyo:Kitsune","floor":5,"turns":3},{"damage":13,"enemies":"Gensokyo:2_Rabbits","floor":7,"turns":3},{"damage":55,"enemies":"Gensokyo:Aya","floor":10,"turns":11},{"damage":0,"enemies":"Gensokyo:LivingMonolith","floor":12,"turns":6},{"damage":23,"enemies":"Gensokyo:Gryphon_and_Rabbit","floor":13,"turns":5},{"damage":21,"enemies":"Gensokyo:3_Kodama","floor":14,"turns":5},{"damage":8,"enemies":"Gensokyo:Reimu","floor":16,"turns":8},{"damage":15,"enemies":"Gensokyo:Chomper","floor":18,"turns":5},{"damage":19,"enemies":"Gensokyo:AngelMirror","floor":20,"turns":4},{"damage":34,"enemies":"Gensokyo:Monolith_and_Dog","floor":21,"turns":6},{"damage":21,"enemies":"Gensokyo:Wraith","floor":29,"turns":8},{"damage":44,"enemies":"Gensokyo:Reisen","floor":30,"turns":8},{"damage":9,"enemies":"Gensokyo:Chomper_and_Gloop","floor":31,"turns":2}],"seed_played":"2870377136080468002","potions_obtained":[{"floor":7,"key":"GrandPatriotsElixir:ReiMu"},{"floor":14,"key":"Venom Potion"},{"floor":16,"key":"Swift Potion"},{"floor":20,"key":"SpeedPotion"},{"floor":29,"key":"Ancient Potion"}],"is_trial":false,"path_per_floor":["M","?","M","M","M","R","M","R","T","E","R","M","M","M","R","B",null,"M","?","M","M","$","R","COS","?","T","?","T","M","E","M"],"character_chosen":"DOCTOR_CLASS","items_purchased":["Pantograph","ats:Spore Proliferation+1"],"campfire_rested":3,"item_purchase_floors":[22,22],"current_hp_per_floor":[60,60,57,57,38,38,30,51,51,18,39,57,44,37,58,58,72,63,63,52,24,24,24,24,24,24,24,24,28,5,0,0],"gold":121,"neow_bonus":"TRANSFORM_CARD","is_daily":false,"chose_seed":false,"campfire_upgraded":2,"win_rate":0.0,"timestamp":1609193325,"path_taken":["M","?","M","?","M","R","M","R","T","E","R","M","M","M","R","BOSS","M","?","M","?","?","R","COS","?","T","?","?","M","E","M"],"items_purchased_type":["Relic","Card"],"build_version":"2020-12-22","purchased_purges":1,"victory":false,"max_hp_per_floor":[72,72,72,72,72,72,72,72,72,72,72,72,72,72,72,72,72,72,65,65,65,65,65,65,65,65,65,65,65,65,65,65],"card_choices":[{"not_picked":["ats:Steam Pump","ats:Consecutive Shot Auto"],"picked":"ats:Powerful Strike","floor":1},{"not_picked":["ats:Apocalypse","ats:Ignite"],"picked":"ats:Cat Scratch","floor":3},{"not_picked":["ats:Apocalypse","ats:Explosion Area Strengthen"],"picked":"ats:Part Time Job","floor":4},{"not_picked":["ats:Composite Medical Shells","ats:Shell Defense"],"picked":"ats:Part Time Job","floor":5},{"not_picked":["ats:Apocalypse","ats:LN2 Cannon"],"picked":"ats:Support Order","floor":7},{"not_picked":["ats:Neurotoxin","ats:Rapid Magazine"],"picked":"ats:Ambush","floor":10},{"not_picked":["ats:Hook Shot","ats:LN2 Cannon"],"picked":"ats:Poison Spread","floor":12},{"not_picked":["ats:Revitalization","ats:Cat Scratch"],"picked":"ats:Powerful Strike","floor":13},{"not_picked":["ats:Soul Rend","ats:Overload"],"picked":"ats:Assault Order","floor":14},{"not_picked":["ats:Closed Bolt Burst Fire","ats:Powerful Strike"],"picked":"ats:Curse Doll","floor":18},{"not_picked":["Gensokyo:LochNessMonster","Gensokyo:MonkeysPaw"],"picked":"Gensokyo:ManorOfTheDishes","floor":19},{"not_picked":["ats:Shell Defense","ats:Apocalypse"],"picked":"ats:Powerful Strike","floor":20},{"not_picked":["ats:Hammer On","ats:Guardian Obelisk"],"picked":"ats:Blood Oath","floor":21},{"not_picked":["ats:Sunburst","ats:Counter Healing Mode+1"],"picked":"ats:Revitalization","floor":29},{"not_picked":["ats:Nebulous Foxfire","ats:Sword Rain"],"picked":"ats:Directed Diagnosis+1","floor":30}],"player_experience":338618,"relics_obtained":[{"floor":10,"key":"ats:Originium"},{"floor":10,"key":"infinitespire:FocusingShard"},{"floor":26,"key":"Ornamental Fan"},{"floor":28,"key":"ReplayTheSpireMod:Ninjato"},{"floor":30,"key":"ats:Originium"},{"floor":30,"key":"Replay:Wax Seal"}],"event_choices":[],"is_beta":false,"boss_relics":[{"not_picked":["Honey Jar","Philosopher\u0027s Stone","Runic Dome"]}],"items_purged_floors":[22],"is_endless":false,"potions_floor_spawned":[7,14,16,20,29],"killed_by":"Gensokyo:Chomper_and_Gloop","ascension_level":0}}