{"host":"htqwg582tjjtn9p7","time":1609191717,"event":{"mods":["2.2 Compatiblity","AchievementEnabler","Act Like it!","Aspiration","BaseMod","Better Third Choice","Colored Map","Conspire","Curses Come First","Displayed Cursed Tome","Energized Spire","Force Act Four","GifTheSpireLib","Hermit","Highlight Path","JesterMod","Mad Scientist","Minty Spire (QoL Compilation)","Pale of the Ancients","Permanent Neow","Random Character Button","Relic Stats","Replay The Spire","Robot Space Explorer","Somnambulant","Spicy Shops","Spikes Relics","StSLib","Stuff the Spire","The Blue Laboratory","The Disciple","The Dragon Tamer","The Forsaken","The Gatherer","The Judge","The Jungle","The Marked","The Runesmith","The Servant 0.9.4"],"gold_per_floor":[110,110,110,110,120,120,153,153,153,179,189,189,203,203,203,280,280,294,294,306,317,0,0,0,32,56,56,79,115,115,64,64,151,151,172,194,9,9,34,34,65,65,65,65,15,49,49,114,114,114,114,138,147,216,216,254,254,34,34,34,34],"floor_reached":60,"playtime":2674,"items_purged":["Barricade+1","conspire:Purge+1","Strike_R+1","Defend_R+1"],"score":1757,"play_id":"5ceec5b4-e8e3-46c5-94bc-c197fd9ab6ae","local_time":"20201228224157","is_ascension_mode":true,"campfire_choices":[{"data":"Bash","floor":6,"key":"SMITH"},{"data":"Defend_R","floor":8,"key":"SMITH"},{"data":"Defend_R","floor":12,"key":"SMITH"},{"floor":15,"key":"REST"},{"data":"Pummel","floor":23,"key":"SMITH"},{"data":"Strike_R","floor":27,"key":"SMITH"},{"floor":32,"key":"REST"},{"floor":40,"key":"REST"},{"floor":44,"key":"REST"},{"floor":49,"key":"REST"},{"data":"StuffTheSpire:Innocence","floor":55,"key":"SMITH"},{"floor":57,"key":"RECALL"}],"circlet_count":0,"master_deck":["Defend_R+1","Bash+1","Pummel+1","Ball Lightning+1","Ball Lightning+1","Coolheaded+1","Conserve Battery+1","Skim+1","Shrug It Off+1","Coolheaded+1","Inflame+1","Dark Embrace+1","True Grit+1","Shrug It Off+1","Steam+1","Shrug It Off+1","True Grit+1","Reprogram+1","Pot Of Greed+1","Pot Of Greed+1","True Grit+1","StuffTheSpire:Innocence+1","Skim+1","Pot Of Greed+1","Double Energy+1"],"relics":["aspiration:DefectSkillbook","Omamori","Toxic Egg 2","Red Skull","Frozen Egg 2","StuffTheSpire:Kangaroo","Lee\u0027s Waffle","conspire:Flyswatter","CeramicFish","WordoMod:GasMask","Replay:Fungal Core","Membership Card","Whetstone","Unceasing Top","Bronze Scales","Grinning Jar","paleoftheancients:Timepiece","Gremlin Horn","CultistMask","paleoftheancients:SoulOfTheShapes","aspiration:HummingbirdHeart"],"acts_visited":["Exordium","TheCity","TheBeyond","TheBeyond"],"potions_floor_usage":[7,16,21,33,46,56,60],"damage_taken":[{"damage":7,"enemies":"Small Slimes","floor":1,"turns":3},{"damage":4,"enemies":"Jaw Worm","floor":5,"turns":3},{"damage":0,"enemies":"3 Sentries","floor":7,"turns":11},{"damage":16,"enemies":"Lagavulin","floor":10,"turns":6},{"damage":0,"enemies":"2 Louse","floor":11,"turns":2},{"damage":0,"enemies":"2 Fungi Beasts","floor":13,"turns":3},{"damage":0,"enemies":"The Guardian","floor":16,"turns":12},{"damage":18,"enemies":"Spheric Guardian","floor":18,"turns":4},{"damage":5,"enemies":"3 Byrds","floor":20,"turns":8},{"damage":9,"enemies":"3 Cultists","floor":21,"turns":8},{"damage":0,"enemies":"Book of Stabbing","floor":25,"turns":4},{"damage":15,"enemies":"Centurion and Healer","floor":28,"turns":8},{"damage":44,"enemies":"Gremlin Leader","floor":29,"turns":8},{"damage":5,"enemies":"conspire:MysteriousRune","floor":33,"turns":12},{"damage":8,"enemies":"Orb Walker","floor":35,"turns":5},{"damage":13,"enemies":"3 Darklings","floor":36,"turns":14},{"damage":16,"enemies":"4 Shapes","floor":39,"turns":9},{"damage":17,"enemies":"Giant Head","floor":41,"turns":10},{"damage":15,"enemies":"Reptomancer","floor":46,"turns":8},{"damage":7,"enemies":"Donu and Deca","floor":50,"turns":12},{"damage":85,"enemies":"Donu and Deca","floor":51,"turns":6},{"damage":21,"enemies":"Donu and Deca","floor":52,"turns":15},{"damage":0,"enemies":"Donu and Deca","floor":56,"turns":9},{"damage":86,"enemies":"paleoftheancients:N","floor":60,"turns":14}],"seed_played":"6730451456454117940","potions_obtained":[{"floor":5,"key":"blueLaboratory:FrostheartPotion"},{"floor":7,"key":"blueLaboratory:StoneskinPotion"},{"floor":10,"key":"Elixir"},{"floor":18,"key":"Block Potion"},{"floor":33,"key":"blueLaboratory:NullPotion"},{"floor":39,"key":"Swift Potion"},{"floor":52,"key":"blueLaboratory:NullPotion"}],"is_trial":false,"path_per_floor":["M","?","T","?","M","R","E","R","T","E","M","R","M","?","R","B",null,"M","?","M","M","$","R","$","E","T","R","M","E","?","$","R","B",null,"M","M","$","?","M","R","E","?","T","R","$","E","?","T","R","B","M","M","?","T","R","M","R","$","?","B"],"character_chosen":"IRONCLAD","items_purchased":["Dark Embrace+1","True Grit+1","Lee\u0027s Waffle","blueLaboratory:FrostheartPotion","Membership Card","Double Energy+1"],"campfire_rested":5,"item_purchase_floors":[22,22,22,31,37,58],"current_hp_per_floor":[61,38,38,63,59,59,59,59,59,43,43,43,43,43,65,65,73,55,55,50,41,82,82,82,82,82,82,67,23,23,23,47,42,72,64,51,51,51,35,59,42,42,42,66,66,51,51,51,75,80,82,72,72,72,72,82,82,82,82,0,0],"gold":34,"neow_bonus":"BOSS_RELIC","is_daily":false,"chose_seed":false,"campfire_upgraded":6,"win_rate":0.0,"timestamp":1609191717,"path_taken":["M","?","?","?","M","R","E","R","T","E","M","R","M","?","R","BOSS","M","?","?","M","$","R","?","E","T","R","M","E","?","$","R","BOSS","M","M","$","?","?","R","E","?","T","R","?","E","?","?","R","BOSS","M","M","?","T","R","M","R","$","?","BOSS"],"items_purchased_type":["Card","Card","Relic","Potion","Relic","Card"],"build_version":"2020-12-22","purchased_purges":4,"victory":false,"max_hp_per_floor":[75,75,75,75,75,75,75,75,75,75,75,75,75,75,75,75,75,75,75,75,75,82,82,82,82,82,82,82,82,82,82,82,82,82,82,82,82,82,82,82,82,82,82,82,82,82,82,82,82,82,82,82,82,82,82,82,82,82,82,82,82],"relic_stats":{"Lee\u0027s Waffle":41,"Gremlin Horn":[12,16],"counters":[24,194],"CeramicFish":117,"Bronze Scales":[138],"Whetstone":["Ball Lightning","Ball Lightning"],"obtain_stats":[{"WordoMod:GasMask":29,"Lee\u0027s Waffle":22,"Replay:Fungal Core":34,"Gremlin Horn":50,"CeramicFish":26,"Omamori":3,"aspiration:HummingbirdHeart":54,"Whetstone":41,"Frozen Egg 2":14,"Burning Blood":0,"paleoftheancients:SoulOfTheShapes":52,"paleoftheancients:Timepiece":50,"Replay:Baseball":7,"aspiration:DefectSkillbook":0,"Bronze Scales":46,"CultistMask":50,"StuffTheSpire:Kangaroo":17,"Membership Card":37,"Toxic Egg 2":9,"Grinning Jar":48,"Red Skull":10,"Unceasing Top":43,"conspire:Flyswatter":25},{"WordoMod:GasMask":13,"Lee\u0027s Waffle":10,"Replay:Fungal Core":14,"Gremlin Horn":20,"CeramicFish":11,"Omamori":1,"aspiration:HummingbirdHeart":22,"Whetstone":18,"Frozen Egg 2":6,"Burning Blood":0,"paleoftheancients:SoulOfTheShapes":22,"paleoftheancients:Timepiece":20,"Replay:Baseball":3,"aspiration:DefectSkillbook":0,"Bronze Scales":19,"CultistMask":20,"StuffTheSpire:Kangaroo":7,"Membership Card":16,"Toxic Egg 2":3,"Grinning Jar":19,"Red Skull":4,"Unceasing Top":18,"conspire:Flyswatter":11},{"WordoMod:GasMask":80,"Lee\u0027s Waffle":60,"Replay:Fungal Core":92,"Gremlin Horn":150,"CeramicFish":64,"Omamori":3,"aspiration:HummingbirdHeart":171,"Whetstone":130,"Frozen Egg 2":28,"Burning Blood":0,"paleoftheancients:SoulOfTheShapes":171,"paleoftheancients:Timepiece":150,"Replay:Baseball":17,"aspiration:DefectSkillbook":0,"Bronze Scales":138,"CultistMask":150,"StuffTheSpire:Kangaroo":40,"Membership Card":111,"Toxic Egg 2":17,"Grinning Jar":138,"Red Skull":23,"Unceasing Top":130,"conspire:Flyswatter":64}],"Unceasing Top":[11]},"card_choices":[{"not_picked":["Leap","Panic Button","Clash"],"picked":"Pummel","floor":1},{"not_picked":["Uppercut","ReplayTheSpireMod:Strike From Hell","ReplayReversal"],"picked":"Ball Lightning","floor":5},{"not_picked":["Rebound","conspire:Rain","Run Through"],"picked":"Ball Lightning","floor":7},{"not_picked":["StuffTheSpire:NuclearReactor+1","Go for the Eyes","Leap+1"],"picked":"Coolheaded+1","floor":10},{"not_picked":["StuffTheSpire:LoadUp+1","Warcry+1","Whirlwind"],"picked":"Conserve Battery+1","floor":11},{"not_picked":["Demonic Infusion+1","Body Slam","Go for the Eyes"],"picked":"Skim+1","floor":13},{"not_picked":["ReplayTheSpireMod:Omega Cannon","Meteor Strike","Bludgeon"],"picked":"conspire:Purge+1","floor":16},{"not_picked":["Flex+1","StuffTheSpire:RockThrow","BasicCrystalCard+1"],"picked":"Shrug It Off+1","floor":18},{"not_picked":["Panic Button+1","Replay:Undeath\u0027s Touch","Warcry+1"],"picked":"Coolheaded+1","floor":20},{"not_picked":["FTL","StuffTheSpire:LaunchingStrike","Time Bomb+1"],"picked":"Inflame+1","floor":21},{"not_picked":["Life Link+1","Clash","Abandon+1"],"picked":"Shrug It Off+1","floor":25},{"not_picked":["Time Bomb+1","StuffTheSpire:Coldhearted+1","Scrape"],"picked":"Steam+1","floor":28},{"not_picked":["Body Slam","StuffTheSpire:Plugnplay+1","Entrench+1"],"picked":"Feel No Pain+1","floor":29},{"not_picked":["Hyperbeam","Bludgeon","Feed"],"picked":"Barricade+1","floor":33},{"not_picked":["Stack+1","Defragment+1","Compile Driver"],"picked":"Shrug It Off+1","floor":35},{"not_picked":["conspire:Rain+1","Twin Strike","Ball Lightning"],"picked":"True Grit+1","floor":36},{"not_picked":["White Noise+1","Replay:Undeath\u0027s Touch+1","Coolheaded+1"],"picked":"Reprogram+1","floor":39},{"not_picked":["StuffTheSpire:Resist+1","Cold Snap","ReplayRNGCard+1","ReplayTheSpireMod:System Scan+1"],"picked":"SKIP","floor":41},{"not_picked":["Lockon","Twin Strike","DiskWipe+1","Beam Cell"],"picked":"SKIP","floor":46},{"not_picked":["ReplayTheSpireMod:Strike From Hell","DiskWipe+1","Rebound"],"picked":"True Grit+1","floor":52},{"not_picked":["StuffTheSpire:Brawn","StuffTheSpire:CelestialWarden"],"picked":"StuffTheSpire:Innocence","floor":53},{"not_picked":["Infernal Blade+1","ReplayTheSpireMod:Muscle Training+1","Streamline"],"picked":"Skim+1","floor":56}],"player_experience":1819386,"relics_obtained":[{"floor":3,"key":"Omamori"},{"floor":7,"key":"Replay:Baseball"},{"floor":9,"key":"Toxic Egg 2"},{"floor":10,"key":"Red Skull"},{"floor":25,"key":"conspire:Flyswatter"},{"floor":26,"key":"CeramicFish"},{"floor":29,"key":"WordoMod:GasMask"},{"floor":41,"key":"Whetstone"},{"floor":43,"key":"Unceasing Top"},{"floor":46,"key":"Bronze Scales"},{"floor":48,"key":"Grinning Jar"},{"floor":52,"key":"paleoftheancients:SoulOfTheShapes"},{"floor":54,"key":"aspiration:HummingbirdHeart"}],"event_choices":[{"damage_healed":61,"gold_gain":0,"player_choice":"Upgrade","damage_taken":23,"max_hp_gain":0,"max_hp_loss":75,"event_name":"betterThird:BetterShining","floor":2,"gold_loss":0,"cards_upgraded":["Defend_R","Defend_R"]},{"damage_healed":25,"gold_gain":0,"player_choice":"Banana","damage_taken":0,"max_hp_gain":0,"max_hp_loss":0,"event_name":"Big Fish","floor":4,"gold_loss":0},{"damage_healed":0,"gold_gain":0,"player_choice":"Got Potions","damage_taken":0,"max_hp_gain":0,"max_hp_loss":0,"event_name":"Lab","floor":19,"gold_loss":0},{"damage_healed":0,"gold_gain":0,"player_choice":"Ignored","damage_taken":0,"max_hp_gain":0,"max_hp_loss":0,"event_name":"Cursed Tome","floor":30,"gold_loss":0},{"cards_removed":["Defend_R"],"damage_healed":0,"gold_gain":0,"player_choice":"Purged","damage_taken":0,"max_hp_gain":0,"max_hp_loss":0,"event_name":"Purifier","floor":38,"gold_loss":0},{"damage_healed":0,"gold_gain":0,"player_choice":"Ignored","damage_taken":0,"max_hp_gain":0,"max_hp_loss":0,"event_name":"Mysterious Sphere","floor":42,"gold_loss":0}],"is_beta":false,"boss_relics":[{"not_picked":["energizedSpire:DecayingSkull","energizedSpire:OgreHead"],"picked":"StuffTheSpire:Kangaroo"},{"not_picked":["Tiny House","conspire:RoyalGoblet"],"picked":"Replay:Fungal Core"}],"items_purged_floors":[37,45,58,58],"is_endless":false,"potions_floor_spawned":[5,7,10,18,20,33,36,39,52],"killed_by":"paleoftheancients:N","ascension_level":15}}