{"host":"dpbezu80jg8zk7un","time":1609167822,"event":{"mods":["BaseMod","Colored Map","Colored Powertips","Custom Start","DeckTracker","Minty Spire (QoL Compilation)","Quick Restart","StSLib","SuperFastMode"],"gold_per_floor":[116,116,127,127,127,158,183,183,183,183,108,33,67,67,67,161,161,182,82,82,82,102,136,136,174,174,174,210,210,210,243,243,342,342,356,74,99,168,182,200,236,11,11,54,54,387,398,416,416,416,416],"floor_reached":50,"playtime":1608,"items_purged":["Strike_P","Defend_P","Strike_P","Strike_P"],"score":1499,"play_id":"fa0a0f32-8f0a-4384-9ebc-3991fad6caf8","local_time":"20201229000342","is_ascension_mode":true,"campfire_choices":[{"data":"Eruption","floor":8.0,"key":"SMITH"},{"data":"Adaptation","floor":10.0,"key":"SMITH"},{"data":"InnerPeace","floor":15.0,"key":"SMITH"},{"data":"Vault","floor":27.0,"key":"SMITH"},{"data":"Vault","floor":30,"key":"SMITH"},{"data":"Halt","floor":32,"key":"SMITH"},{"floor":45,"key":"RECALL"},{"data":"MentalFortress","floor":49,"key":"SMITH"}],"circlet_count":0,"master_deck":["AscendersBane","Defend_P+1","Eruption+1","Vigilance","Tantrum","Halt+1","EmptyFist","Adaptation+1","InnerPeace+1","Vault+1","DevaForm","EmptyBody+1","Vault+1","CrushJoints+1","Scrawl","MentalFortress+1","Normality"],"relics":["PureWater","NeowsBlessing","WarpedTongs","TungstenRod","Bottled Tornado","Mummified Hand","Cursed Key","Meat on the Bone","Red Mask","Eternal Feather","War Paint","VioletLotus","TheAbacus","CaptainsWheel","HornCleat","Boot"],"acts_visited":["Exordium","TheCity","TheBeyond"],"potions_floor_usage":[28],"damage_taken":[{"damage":0.0,"enemies":"Small Slimes","floor":1.0,"turns":1.0},{"damage":0.0,"enemies":"Cultist","floor":3.0,"turns":1.0},{"damage":2.0,"enemies":"3 Sentries","floor":6.0,"turns":2.0},{"damage":1.0,"enemies":"Jaw Worm","floor":7.0,"turns":4.0},{"damage":0.0,"enemies":"Lagavulin","floor":13.0,"turns":4.0},{"damage":24.0,"enemies":"The Guardian","floor":16.0,"turns":9.0},{"damage":0.0,"enemies":"Shell Parasite","floor":18.0,"turns":2.0},{"damage":0.0,"enemies":"Spheric Guardian","floor":22.0,"turns":2.0},{"damage":0.0,"enemies":"Gremlin Leader","floor":23.0,"turns":6.0},{"damage":1.0,"enemies":"Masked Bandits","floor":25.0,"turns":4.0},{"damage":0,"enemies":"Slavers","floor":28,"turns":5},{"damage":0,"enemies":"Gremlin Leader","floor":31,"turns":5},{"damage":17,"enemies":"Automaton","floor":33,"turns":7},{"damage":0,"enemies":"3 Darklings","floor":35,"turns":3},{"damage":0,"enemies":"Orb Walker","floor":37,"turns":2},{"damage":2,"enemies":"2 Orb Walkers","floor":38,"turns":4},{"damage":0,"enemies":"Jaw Worm Horde","floor":39,"turns":4},{"damage":0,"enemies":"4 Shapes","floor":40,"turns":3},{"damage":0,"enemies":"Nemesis","floor":41,"turns":2},{"damage":70,"enemies":"Giant Head","floor":44,"turns":12},{"damage":24,"enemies":"Spire Growth","floor":47,"turns":5},{"damage":17,"enemies":"Maw","floor":48,"turns":10},{"damage":35,"enemies":"Awakened One","floor":50,"turns":4}],"seed_played":"6661891034725322492","potions_obtained":[{"floor":3.0,"key":"Swift Potion"},{"floor":13.0,"key":"AttackPotion"},{"floor":33,"key":"Fire Potion"},{"floor":39,"key":"FairyPotion"}],"is_trial":false,"path_per_floor":["M","?","M","?","?","E","M","R","T","R","?","$","E","?","R","B",null,"M","$","?","?","M","E","?","?","T","R","E","?","R","E","R","B",null,"M","$","M","?","M","M","E","$","T","E","R","?","M","M","R","B"],"character_chosen":"WATCHER","items_purchased":["TheAbacus","MentalFortress"],"campfire_rested":0,"item_purchase_floors":[36,42],"current_hp_per_floor":[61,61,61,61,61,59,58,58,58,58,58,58,58,52,52,28,54,54,54,54,54,54,54,54,53,53,53,53,53,62,62,62,45,58,58,58,58,56,56,56,56,56,56,30,39,39,27,22,31,0,0],"gold":416,"neow_bonus":"THREE_ENEMY_KILL","is_daily":false,"chose_seed":false,"campfire_upgraded":7,"win_rate":0.0,"timestamp":1609167822,"path_taken":["M","?","?","?","?","E","M","R","T","R","?","$","E","?","R","BOSS","M","$","?","?","?","E","?","?","T","R","E","?","R","E","R","BOSS","M","$","M","?","M","M","E","$","T","E","R","?","M","M","R","BOSS"],"items_purchased_type":["Relic","Card"],"build_version":"2020-12-22","purchased_purges":4,"victory":false,"max_hp_per_floor":[68,68,68,62,62,62,62,62,62,62,62,62,62,62,62,62,62,62,62,62,62,62,62,62,62,62,62,62,62,62,62,62,62,62,62,62,62,62,62,62,62,62,62,62,62,62,62,62,62,62,62],"card_choices":[{"not_picked":["FollowUp","Crescendo"],"picked":"Tantrum","floor":1.0},{"not_picked":["Fasting2","DeceiveReality"],"picked":"Halt","floor":3.0},{"not_picked":["Collect","Wireheading"],"picked":"EmptyFist","floor":6.0},{"not_picked":["Alpha","FlyingSleeves"],"picked":"Adaptation","floor":7.0},{"not_picked":["BattleHymn","Perseverance"],"picked":"InnerPeace","floor":13.0},{"not_picked":["ConjureBlade","DeusExMachina"],"picked":"Vault","floor":16.0},{"not_picked":["CrushJoints","BowlingBash","JustLucky"],"picked":"SKIP","floor":18.0},{"not_picked":["Halt","Evaluate","EmptyFist"],"picked":"SKIP","floor":22.0},{"not_picked":["JustLucky","BowlingBash"],"picked":"Vault","floor":23.0},{"not_picked":["Ragnarok","CarveReality","Crescendo"],"picked":"SKIP","floor":28},{"not_picked":["FollowUp","PathToVictory"],"picked":"CrushJoints+1","floor":31},{"not_picked":["ConjureBlade","LessonLearned"],"picked":"Scrawl","floor":33},{"not_picked":["WindmillStrike+1","ClearTheMind","CutThroughFate"],"picked":"SKIP","floor":35},{"not_picked":["PathToVictory","FollowUp","Crescendo"],"picked":"SKIP","floor":37},{"not_picked":["Crescendo","Evaluate","Collect"],"picked":"SKIP","floor":39},{"not_picked":["FollowUp+1","BattleHymn+1","EmptyMind"],"picked":"SKIP","floor":40},{"not_picked":["PathToVictory+1","InnerPeace","Establishment"],"picked":"SKIP","floor":41},{"not_picked":["Wallop","FollowUp","JustLucky"],"picked":"SKIP","floor":44},{"not_picked":["PathToVictory","FlyingSleeves","FollowUp"],"picked":"SKIP","floor":47},{"not_picked":["SashWhip","ThirdEye","EmptyBody"],"picked":"SKIP","floor":48}],"player_experience":2786430,"relics_obtained":[{"floor":6.0,"key":"TungstenRod"},{"floor":9.0,"key":"Bottled Tornado"},{"floor":13.0,"key":"Mummified Hand"},{"floor":23.0,"key":"Meat on the Bone"},{"floor":25.0,"key":"Red Mask"},{"floor":28,"key":"Eternal Feather"},{"floor":31,"key":"War Paint"},{"floor":38,"key":"CaptainsWheel"},{"floor":41,"key":"HornCleat"},{"floor":44,"key":"Boot"}],"event_choices":[{"damage_healed":0.0,"max_hp_gain":0.0,"max_hp_loss":0.0,"gold_gain":0.0,"event_name":"Accursed Blacksmith","player_choice":"Rummage","floor":2.0,"gold_loss":0.0,"damage_taken":0.0,"relics_obtained":["WarpedTongs"],"cards_obtained":["Pain"]},{"damage_healed":0.0,"max_hp_gain":0.0,"max_hp_loss":6.0,"gold_gain":0.0,"event_name":"Golden Idol","player_choice":"Lose Max HP","floor":4.0,"gold_loss":0.0,"damage_taken":0.0,"relics_obtained":["Golden Idol"]},{"damage_healed":0.0,"max_hp_gain":0.0,"max_hp_loss":0.0,"gold_gain":0.0,"event_name":"Liars Game","player_choice":"Ignored","floor":5.0,"gold_loss":0.0,"damage_taken":0.0},{"cards_removed":["Pain"],"damage_healed":0.0,"max_hp_gain":0.0,"max_hp_loss":0.0,"gold_gain":0.0,"event_name":"The Cleric","player_choice":"Card Removal","floor":11.0,"gold_loss":75.0,"damage_taken":0.0},{"cards_removed":["Defend_P"],"damage_healed":0.0,"max_hp_gain":0.0,"max_hp_loss":0.0,"gold_gain":0.0,"event_name":"Golden Wing","player_choice":"Card Removal","floor":14.0,"gold_loss":0.0,"damage_taken":7.0},{"damage_healed":0.0,"max_hp_gain":0.0,"max_hp_loss":0.0,"gold_gain":0.0,"cards_transformed":["Strike_P","Defend_P"],"event_name":"Drug Dealer","player_choice":"Became Test Subject","floor":20.0,"gold_loss":0.0,"damage_taken":0.0,"cards_obtained":["DevaForm","EmptyBody"]},{"damage_healed":0.0,"max_hp_gain":0.0,"max_hp_loss":0.0,"gold_gain":0.0,"event_name":"Wheel of Change","player_choice":"Cursed","floor":21.0,"gold_loss":0.0,"damage_taken":0.0,"cards_obtained":["Decay"]},{"damage_healed":0.0,"max_hp_gain":0.0,"max_hp_loss":0.0,"gold_gain":0.0,"event_name":"Ghosts","player_choice":"Ignored","floor":24.0,"gold_loss":0.0,"damage_taken":0.0},{"damage_healed":0.0,"max_hp_gain":0.0,"max_hp_loss":0.0,"gold_gain":0.0,"event_name":"Masked Bandits","player_choice":"Fought Bandits","floor":25.0,"gold_loss":0.0,"damage_taken":0.0},{"cards_removed":["Decay"],"damage_healed":0,"gold_gain":0,"player_choice":"Elegance","damage_taken":0,"max_hp_gain":0,"max_hp_loss":0,"event_name":"Back to Basics","floor":29,"gold_loss":0},{"damage_healed":0,"gold_gain":0,"player_choice":"Fight","damage_taken":0,"max_hp_gain":0,"max_hp_loss":0,"event_name":"Mysterious Sphere","floor":38,"gold_loss":0},{"damage_healed":0,"gold_gain":333,"player_choice":"Gave Idol","damage_taken":0,"max_hp_gain":0,"max_hp_loss":0,"event_name":"The Moai Head","floor":46,"relics_lost":["Golden Idol"],"gold_loss":0}],"is_beta":false,"boss_relics":[{"not_picked":["Pandora\u0027s Box","Ectoplasm"],"picked":"Cursed Key"},{"not_picked":["Busted Crown","Velvet Choker"],"picked":"VioletLotus"}],"items_purged_floors":[12,19,36,42],"is_endless":false,"potions_floor_spawned":[3,13,16,25,33,35,39,41],"killed_by":"Awakened One","ascension_level":20}}