{"host":"6pgtslebjnyv5xmi","time":1609134220,"event":{"mods":["AchievementEnabler","BaseMod","Colored Map","Minty Spire (QoL Compilation)","Rare Cards Sparkle","StSLib","SuperFastMode","everything is the same but u backflip on backflip"],"gold_per_floor":[111,130,130,144,69,69,100,100,126,126,142,142,142,142,142,266,266,280,180,180,180],"floor_reached":20,"playtime":797,"items_purged":["Defend_R","Strike_R"],"score":170,"play_id":"f9078a4c-c08d-47d2-bec0-903279698383","local_time":"20201228144340","is_ascension_mode":false,"campfire_choices":[{"data":"Bash","floor":6,"key":"SMITH"},{"floor":12,"key":"REST"},{"floor":15,"key":"REST"}],"circlet_count":0,"master_deck":["Strike_R","Strike_R","Defend_R","Defend_R","Bash+1","Dual Wield"],"relics":["Burning Blood","Anchor","Potion Belt","Lizard Tail","Golden Idol"],"acts_visited":["Exordium","TheCity"],"potions_floor_usage":[2,20],"damage_taken":[{"damage":0,"enemies":"Small Slimes","floor":1,"turns":3},{"damage":3,"enemies":"Jaw Worm","floor":2,"turns":6},{"damage":12,"enemies":"2 Louse","floor":4,"turns":3},{"damage":47,"enemies":"3 Sentries","floor":7,"turns":11},{"damage":14,"enemies":"Exordium Thugs","floor":11,"turns":5},{"damage":107,"enemies":"Slime Boss","floor":16,"turns":20},{"damage":38,"enemies":"Chosen","floor":18,"turns":7},{"damage":43,"enemies":"3 Byrds","floor":20,"turns":5}],"seed_played":"-8232547926515544854","potions_obtained":[{"floor":1,"key":"SneckoOil"},{"floor":16,"key":"SpeedPotion"}],"is_trial":false,"path_per_floor":["M","M","?","M","$","R","E","?","T","T","M","R","?","?","R","B",null,"M","$","M"],"character_chosen":"IRONCLAD","items_purchased":[],"campfire_rested":2,"item_purchase_floors":[],"current_hp_per_floor":[80,80,80,74,74,74,33,26,26,26,18,42,42,42,64,9,74,42,42,0,0],"gold":180,"neow_bonus":"REMOVE_CARD","is_daily":false,"chose_seed":false,"campfire_upgraded":1,"win_rate":0.0,"timestamp":1609134220,"path_taken":["M","M","?","M","$","R","E","?","T","?","?","R","?","?","R","BOSS","M","$","M"],"items_purchased_type":[],"build_version":"2020-12-22","purchased_purges":2,"victory":false,"max_hp_per_floor":[80,80,80,80,80,80,80,80,80,80,80,80,80,74,74,74,74,74,74,74,74],"card_choices":[{"not_picked":["Entrench","Metallicize","Rampage"],"picked":"SKIP","floor":1},{"not_picked":["Armaments","Sword Boomerang","Metallicize"],"picked":"SKIP","floor":2},{"not_picked":["Pummel","Shrug It Off","Intimidate"],"picked":"SKIP","floor":4},{"not_picked":["Sword Boomerang","Anger"],"picked":"Dual Wield","floor":7},{"not_picked":["Iron Wave","Sentinel","Rampage"],"picked":"SKIP","floor":11},{"not_picked":["Anger","Pommel Strike","Spot Weakness+1"],"picked":"SKIP","floor":18}],"player_experience":544963,"relics_obtained":[{"floor":7,"key":"Anchor"},{"floor":9,"key":"Potion Belt"},{"floor":10,"key":"Lizard Tail"}],"event_choices":[{"damage_healed":0,"gold_gain":0,"player_choice":"Ignored","damage_taken":0,"max_hp_gain":0,"max_hp_loss":0,"event_name":"Liars Game","floor":3,"gold_loss":0},{"cards_removed":["Defend_R"],"damage_healed":0,"gold_gain":0,"player_choice":"Card Removal","damage_taken":7,"max_hp_gain":0,"max_hp_loss":0,"event_name":"Golden Wing","floor":8,"gold_loss":0},{"cards_removed":["Strike_R"],"damage_healed":0,"gold_gain":0,"player_choice":"Forget","damage_taken":0,"max_hp_gain":0,"max_hp_loss":0,"event_name":"Living Wall","floor":13,"gold_loss":0},{"damage_healed":0,"gold_gain":0,"player_choice":"Lose Max HP","damage_taken":0,"relics_obtained":["Golden Idol"],"max_hp_gain":0,"max_hp_loss":6,"event_name":"Golden Idol","floor":14,"gold_loss":0}],"is_beta":false,"boss_relics":[{"not_picked":["Runic Pyramid","Ectoplasm","Philosopher\u0027s Stone"]}],"items_purged_floors":[5,19],"is_endless":false,"potions_floor_spawned":[1,16],"killed_by":"3 Byrds","ascension_level":0}}