{"host":"i09pxcjttd31eh4q","time":1609166522,"event":{"mods":["AchievementEnabler","BaseMod","Colored Map","Keyboard Shortcuts","Minty Spire (QoL Compilation)","StSLib","SuperFastMode"],"gold_per_floor":[116,191,191,204,41,70,70,70,70,70,101,41,59,76,76,150,150,170,186,206,206,206],"floor_reached":21,"playtime":358,"items_purged":["Strike_B"],"score":428,"play_id":"77ca5391-27a5-4acc-b1ae-518ebc40b1d9","local_time":"20201228234202","is_ascension_mode":true,"campfire_choices":[{"data":"Loop","floor":7,"key":"SMITH"},{"data":"Static Discharge","floor":15,"key":"SMITH"}],"circlet_count":0,"master_deck":["AscendersBane","Strike_B","Strike_B","Strike_B","Defend_B","Defend_B","Defend_B","Defend_B","Zap+1","Dualcast","Streamline","Loop+1","Amplify","Self Repair","Melter","Static Discharge+1","Echo Form","Doom and Gloom","Defragment"],"relics":["Cracked Core","NeowsBlessing","The Courier","Lantern","Peace Pipe","Thread and Needle","Snecko Eye"],"acts_visited":["Exordium","TheCity"],"potions_floor_usage":[16,18,21],"damage_taken":[{"damage":0,"enemies":"Jaw Worm","floor":1,"turns":1},{"damage":0,"enemies":"Small Slimes","floor":4,"turns":1},{"damage":0,"enemies":"Lagavulin","floor":6,"turns":1},{"damage":38,"enemies":"Gremlin Nob","floor":11,"turns":4},{"damage":4,"enemies":"2 Louse","floor":13,"turns":4},{"damage":4,"enemies":"Blue Slaver","floor":14,"turns":3},{"damage":10,"enemies":"Hexaghost","floor":16,"turns":7},{"damage":22,"enemies":"Shell Parasite","floor":18,"turns":3},{"damage":0,"enemies":"Spheric Guardian","floor":19,"turns":2},{"damage":21,"enemies":"Chosen and Byrds","floor":20,"turns":4},{"damage":33,"enemies":"Centurion and Healer","floor":21,"turns":2}],"seed_played":"8390676257430140423","potions_obtained":[{"floor":4,"key":"Swift Potion"},{"floor":6,"key":"DuplicationPotion"},{"floor":16,"key":"AttackPotion"}],"is_trial":false,"path_per_floor":["M","?","?","M","$","E","R","?","T","T","E","$","M","M","R","B",null,"M","M","M","M"],"character_chosen":"DEFECT","items_purchased":["Loop","Self Repair"],"campfire_rested":0,"item_purchase_floors":[5,12],"current_hp_per_floor":[64,53,53,53,53,53,53,53,53,53,15,15,18,21,21,18,58,43,43,29,0,0],"gold":206,"neow_bonus":"THREE_ENEMY_KILL","is_daily":false,"chose_seed":false,"campfire_upgraded":2,"win_rate":0.0,"timestamp":1609166522,"path_taken":["M","?","?","M","$","E","R","?","T","?","E","$","M","M","R","BOSS","M","M","M","M"],"items_purchased_type":["Card","Card"],"build_version":"2020-12-22","purchased_purges":1,"victory":false,"max_hp_per_floor":[71,71,71,71,71,71,71,71,71,71,71,71,71,71,71,71,71,71,71,71,71,71],"card_choices":[{"not_picked":["Steam","Stack","Rebound"],"picked":"SKIP","floor":1},{"not_picked":["Go for the Eyes","Hello World"],"picked":"Streamline","floor":4},{"not_picked":["Beam Cell","Darkness"],"picked":"Amplify","floor":6},{"not_picked":["Reprogram","Redo","Go for the Eyes"],"picked":"SKIP","floor":11},{"not_picked":["Sweeping Beam","Barrage"],"picked":"Melter","floor":13},{"not_picked":["Scrape","Barrage"],"picked":"Static Discharge","floor":14},{"not_picked":["Rainbow","Hyperbeam"],"picked":"Echo Form","floor":16},{"not_picked":["Gash","Rebound"],"picked":"Doom and Gloom","floor":18},{"not_picked":["Barrage","Hologram"],"picked":"Defragment","floor":19},{"not_picked":["Barrage","Conserve Battery","Steam"],"picked":"SKIP","floor":20}],"player_experience":782985,"relics_obtained":[{"floor":6,"key":"The Courier"},{"floor":9,"key":"Lantern"},{"floor":10,"key":"Peace Pipe"},{"floor":11,"key":"Thread and Needle"}],"event_choices":[{"damage_healed":0,"gold_gain":75,"player_choice":"Gather Gold","damage_taken":11,"max_hp_gain":0,"max_hp_loss":0,"event_name":"World of Goop","floor":2,"gold_loss":0},{"damage_healed":0,"gold_gain":0,"player_choice":"Ignored","damage_taken":0,"max_hp_gain":0,"max_hp_loss":0,"event_name":"Liars Game","floor":3,"gold_loss":0},{"damage_healed":0,"gold_gain":0,"player_choice":"Grow","damage_taken":0,"max_hp_gain":0,"max_hp_loss":0,"event_name":"Living Wall","floor":8,"gold_loss":0,"cards_upgraded":["Zap"]}],"is_beta":false,"boss_relics":[{"not_picked":["Philosopher\u0027s Stone","Astrolabe"],"picked":"Snecko Eye"}],"items_purged_floors":[5],"is_endless":false,"potions_floor_spawned":[4,6,16],"killed_by":"Centurion and Healer","ascension_level":20}}