{"host":"kiauivt48syq9iz6","time":1609181873,"event":{"mods":["BaseMod","Conspire","Downfall","Hermit","Minty Spire (QoL Compilation)","Replay The Spire","SIMod","StSLib","The Animator","The Construct","The Cursed","The Runesmith","The Servant 0.9.4"],"gold_per_floor":[99,114,144,174,185,185,253,270,270,284,294,311,16,31,45,45,45,45],"floor_reached":16,"playtime":916,"items_purged":[],"score":96,"play_id":"2134ad53-b3f4-408f-be06-39ff6ff8c8eb","local_time":"20201228115753","is_ascension_mode":false,"campfire_choices":[{"data":"champ:IronFortress","floor":9,"key":"SMITH"}],"circlet_count":0,"master_deck":["champ:Strike","champ:Strike","champ:Strike","champ:Strike","champ:Defend","champ:Defend","champ:Defend","champ:Execute","champ:Taunt","champ:RecklessLeap","champ:StanceDance","champ:RageSigil","champ:IronFortress+1","champ:DeathBlow","champ:ViciousMockery","champ:DefensiveStyle","champ:FlashCut","champ:IronFortress","champ:IronFortress","champ:PreciseThrust","champ:EnGarde","champ:Circumvent"],"relics":["champ:ChampionCrown","Pet Ghost","conspire:Dentures","Bronze Scales"],"acts_visited":["Exordium"],"potions_floor_usage":[13,15,16,16],"damage_taken":[{"damage":5,"enemies":"2 Louse","floor":2,"turns":4},{"damage":33,"enemies":"conspire:MimicChest","floor":3,"turns":7},{"damage":2,"enemies":"Small Slimes","floor":5,"turns":4},{"damage":20,"enemies":"Cultist","floor":8,"turns":3},{"damage":22,"enemies":"3 Louse","floor":10,"turns":2},{"damage":41,"enemies":"Gremlin Gang","floor":11,"turns":4},{"damage":30,"enemies":"Large Slime","floor":12,"turns":6},{"damage":27,"enemies":"downfall:FleeingMerchant","floor":13,"turns":4},{"damage":0,"enemies":"Blue Slaver","floor":14,"turns":4},{"damage":0,"enemies":"Lots of Slimes","floor":15,"turns":1},{"damage":59,"enemies":"downfall:Defect","floor":16,"turns":5}],"seed_played":"8008687246849583816","potions_obtained":[{"floor":3,"key":"Languid Potion"},{"floor":8,"key":"Swift Potion"},{"floor":12,"key":"BlessingOfTheForge"},{"floor":14,"key":"Explosive Potion"},{"floor":15,"key":"Strength Potion"}],"is_trial":false,"path_per_floor":["R","M","?","?","M","?","T","M","R","M","M","M","$","M","M","B"],"character_chosen":"THE_CHAMP","items_purchased":["champ:IronFortress","Bronze Scales","champ:PreciseThrust"],"campfire_rested":0,"item_purchase_floors":[13,13,13],"current_hp_per_floor":[99,99,89,89,87,87,87,87,87,80,64,59,57,57,57,0,0,0],"gold":45,"neow_bonus":"TEN_PERCENT_HP_BONUS","is_daily":false,"chose_seed":false,"campfire_upgraded":1,"win_rate":0.0,"timestamp":1609181873,"path_taken":["R","M","?","?","M","?","T","?","R","M","M","M","$","M","M","BOSS"],"items_purchased_type":["Card","Relic","Card"],"build_version":"2020-12-22","purchased_purges":0,"victory":false,"max_hp_per_floor":[99,99,99,99,99,99,99,99,99,99,99,99,99,99,99,99,99,99],"card_choices":[{"not_picked":["champ:PerfectedStrike","champ:AdrenalArmor"],"picked":"champ:RecklessLeap","floor":2},{"not_picked":["champ:GutPunch","champ:LastStand"],"picked":"champ:StanceDance","floor":3},{"not_picked":["champ:RapidStrikes","champ:Circumvent"],"picked":"champ:RageSigil","floor":5},{"not_picked":["champ:BladeFlurry","champ:BringItOn"],"picked":"champ:IronFortress","floor":8},{"not_picked":["champ:EnGarde","champ:FalseCounter"],"picked":"champ:DeathBlow","floor":10},{"not_picked":["champ:FocusedBerserking","champ:BerserkersShout"],"picked":"champ:ViciousMockery","floor":11},{"not_picked":["champ:HeavySlash","champ:DeathBlow"],"picked":"champ:DefensiveStyle","floor":12},{"not_picked":["champ:FocusedGladiator","champ:FanOfKnives"],"picked":"champ:FlashCut","floor":13},{"not_picked":["champ:GutPunch","champ:GladiatorsShout"],"picked":"champ:EnGarde","floor":14},{"not_picked":["champ:GutPunch","champ:GladiatorStyle"],"picked":"champ:Circumvent","floor":15}],"player_experience":110507,"relics_obtained":[{"floor":3,"key":"Pet Ghost"},{"floor":7,"key":"conspire:Dentures"}],"event_choices":[{"cards_removed":["champ:Defend"],"damage_healed":0,"gold_gain":0,"player_choice":"Offered Basic","damage_taken":0,"max_hp_gain":0,"max_hp_loss":0,"event_name":"Bonfire Elementals","floor":6,"gold_loss":0}],"is_beta":false,"boss_relics":[],"items_purged_floors":[],"is_endless":false,"potions_floor_spawned":[3,8,12,14,15],"killed_by":"downfall:Defect","ascension_level":0}}