{"host":"nzm1i0l8mrsm8hd2","time":1609153371,"event":{"mods":["Act Like it!","BaseMod","Better Third Choice","Conspire","Gensokyo","Minty Spire (QoL Compilation)","Pale of the Ancients","Quick Restart","RumiaBox-露米娅的神秘盒子","Spicy Shops","StSLib","The Dragon Tamer","Wandering Minibosses"],"gold_per_floor":[114,160,90,14,32,67,67,217,217],"floor_reached":8,"playtime":345,"items_purged":[],"score":108,"play_id":"30f90684-db75-4229-9f28-ef8f60a09e02","local_time":"20201228190251","is_ascension_mode":true,"campfire_choices":[{"data":"Neutralize","floor":7,"key":"SMITH"}],"circlet_count":0,"master_deck":["AscendersBane","Noxious Fumes","conspire:PoisonWeapons","Tools of the Trade","Burst+1","Die Die Die","Venomology","Tools of the Trade","Glass Knife","Unload","After Image","A Thousand Cuts","Envenom","Venomology","Malaise","Burst"],"relics":["Ring of the Snake","NeowsBlessing","Baka","Torii","LastBattle","Torii","Oddly Smooth Stone","Ice Cream","SumBook"],"acts_visited":["Exordium"],"potions_floor_usage":[],"damage_taken":[{"damage":0.0,"enemies":"Gensokyo:Python","floor":1.0,"turns":1.0},{"damage":6.0,"enemies":"Gensokyo:Mamizou","floor":2.0,"turns":4.0},{"damage":1,"enemies":"Gensokyo:2_Kodama","floor":5,"turns":2},{"damage":22,"enemies":"Gensokyo:Cirno","floor":6,"turns":9},{"damage":1,"enemies":"Gensokyo:Aya","floor":8,"turns":3}],"seed_played":"-451864954669536283","potions_obtained":[{"floor":1.0,"key":"SmokeBomb"},{"floor":6,"key":"LiquidMemories"}],"is_trial":false,"path_per_floor":["M","?","?","COS","M","E","R","E"],"character_chosen":"THE_SILENT","items_purchased":[],"campfire_rested":0,"item_purchase_floors":[],"current_hp_per_floor":[59,53,53,53,52,30,30,29,29],"gold":217,"neow_bonus":"THREE_ENEMY_KILL","is_daily":false,"chose_seed":false,"campfire_upgraded":1,"win_rate":0.0,"timestamp":1609153371,"path_taken":["M","?","?","COS","?","E","R","E"],"items_purchased_type":[],"build_version":"2020-12-22","purchased_purges":0,"victory":false,"max_hp_per_floor":[66,66,66,66,66,66,66,66,66],"card_choices":[{"not_picked":["Deadly Poison","Flying Knee"],"picked":"Noxious Fumes","floor":1.0},{"not_picked":["Flying Knee","Bane","All Out Attack"],"picked":"SKIP","floor":2.0},{"not_picked":["Bane","Expertise"],"picked":"conspire:PoisonWeapons","floor":5},{"not_picked":["Acrobatics","Masterful Stab"],"picked":"Tools of the Trade","floor":6}],"player_experience":560336,"relics_obtained":[{"floor":1.0,"key":"Baka"},{"floor":2.0,"key":"Torii"},{"floor":2.0,"key":"LastBattle"},{"floor":2.0,"key":"Torii"},{"floor":6,"key":"Ice Cream"}],"event_choices":[],"is_beta":false,"boss_relics":[],"items_purged_floors":[],"is_endless":false,"potions_floor_spawned":[1,6],"killed_by":"Gensokyo:Aya","ascension_level":20}}