{"host":"ab2s6ezjqdgtrlyf","time":1609163735,"event":{"mods":["BaseMod","Colored Map","Downfall","Highlight Path","Marked Mod","Minty Spire (QoL Compilation)","Quick Restart","Relic Stats","Spicy Shops","StSLib","Waifu the Spire","vexMod","¡¾ÒÅÎï¿¨ÅÆ¡¿REMEMod"],"gold_per_floor":[118,118,118,132,145,145,159,186,186,212,212,212,228,244,244,316,316,327,339,339,36,36,36,68,68,68,147,169,220,239,251,251,331,381,393,393,416,430,443,443,277,294,344,344,377,377,418,435,435,474],"floor_reached":51,"playtime":2517,"items_purged":["Strike_P+1","Strike_P+1"],"score":1551,"play_id":"b75bed27-814e-42c8-8aed-b56985d56070","local_time":"20201228215535","is_ascension_mode":true,"campfire_choices":[{"data":"Vault","floor":6.0,"key":"SMITH"},{"data":"Vigilance","floor":11.0,"key":"SMITH"},{"data":"Wallop","floor":15.0,"key":"SMITH"},{"data":"Blasphemy","floor":23.0,"key":"SMITH"},{"floor":25.0,"key":"REST"},{"data":"Fasting2","floor":32.0,"key":"SMITH"},{"data":"SandsOfTime","floor":40.0,"key":"SMITH"},{"data":"Adaptation","floor":44.0,"key":"SMITH"},{"floor":49,"key":"REST"}],"circlet_count":0,"master_deck":["AscendersBane","Strike_P+1","Strike_P+1","Defend_P+1","Defend_P+1","Defend_P+1","Eruption+1","Vigilance+1","Vault+1","Wallop+1","Blasphemy+1","FlyingSleeves+1","Fasting2+1","FearNoEvil","SandsOfTime+1","REME_EmptyShield+1","Evaluate+1","Adaptation+1"],"relics":["PureWater","REME_ComplimentaryCards","Du-Vu Doll","CloakClasp","Pen Nib","vexMod:CursedCompass","Membership Card","Potion Belt","Akabeko","Lizard Tail","Oddly Smooth Stone","vexMod:ConsolationPrize","Ancient Tea Set","Tiny House","War Paint","Happy Flower","Anchor","vexMod:MemoryStick","Turnip","MarkedMod:AcupunctureKit"],"acts_visited":["Exordium","TheCity","TheBeyond"],"potions_floor_usage":[50,50],"damage_taken":[{"damage":0.0,"enemies":"Jaw Worm","floor":1.0,"turns":3.0},{"damage":0.0,"enemies":"Cultist","floor":4.0,"turns":3.0},{"damage":0.0,"enemies":"Small Slimes","floor":5.0,"turns":4.0},{"damage":10.0,"enemies":"Exordium Thugs","floor":7.0,"turns":6.0},{"damage":20.0,"enemies":"Gremlin Nob","floor":8.0,"turns":4.0},{"damage":0.0,"enemies":"2 Fungi Beasts","floor":13.0,"turns":3.0},{"damage":0.0,"enemies":"Blue Slaver","floor":14.0,"turns":4.0},{"damage":0.0,"enemies":"Slime Boss","floor":16.0,"turns":6.0},{"damage":8.0,"enemies":"Shell Parasite","floor":18.0,"turns":7.0},{"damage":0.0,"enemies":"Chosen","floor":19.0,"turns":3.0},{"damage":0.0,"enemies":"Gremlin Leader","floor":24.0,"turns":4.0},{"damage":5.0,"enemies":"3 Cultists","floor":28.0,"turns":4.0},{"damage":17.0,"enemies":"Slavers","floor":29.0,"turns":3.0},{"damage":0.0,"enemies":"Chosen and Byrds","floor":30.0,"turns":4.0},{"damage":0.0,"enemies":"Cultist and Chosen","floor":31.0,"turns":3.0},{"damage":3.0,"enemies":"Automaton","floor":33.0,"turns":5.0},{"damage":0.0,"enemies":"3 Shapes","floor":35.0,"turns":4.0},{"damage":6.0,"enemies":"Orb Walker","floor":37.0,"turns":4.0},{"damage":2.0,"enemies":"Spire Growth","floor":38.0,"turns":4.0},{"damage":0.0,"enemies":"Writhing Mass","floor":39.0,"turns":4.0},{"damage":0.0,"enemies":"Jaw Worm Horde","floor":42.0,"turns":3.0},{"damage":0.0,"enemies":"Giant Head","floor":45.0,"turns":7.0},{"damage":15,"enemies":"Nemesis","floor":47,"turns":6},{"damage":0,"enemies":"Transient","floor":48,"turns":6},{"damage":39,"enemies":"Donu and Deca","floor":50,"turns":10}],"seed_played":"-5478892425066210577","potions_obtained":[{"floor":4.0,"key":"BottledMiracle"},{"floor":8.0,"key":"Ancient Potion"},{"floor":29.0,"key":"PowerPotion"},{"floor":31.0,"key":"Block Potion"},{"floor":33.0,"key":"AttackPotion"},{"floor":34.0,"key":"Guardian:BlockOnCardUsePotion"},{"floor":35.0,"key":"Fire Potion"},{"floor":39.0,"key":"REME_GoldPotion"},{"floor":42.0,"key":"EntropicBrew"},{"floor":45.0,"key":"Swift Potion"}],"is_trial":false,"path_per_floor":["M","?","$","M","M","R","M","E","T","T","R","?","M","M","R","B",null,"M","M","?","$","?","R","E","R","T","T","M","E","M","M","R","B",null,"M","?","M","M","M","R","$","M","T","R","E","?","E","M","R","B",null],"character_chosen":"WATCHER","items_purchased":["Membership Card","Potion Belt","Akabeko","Happy Flower","Anchor"],"campfire_rested":2,"item_purchase_floors":[21,21,21,41,41],"current_hp_per_floor":[61,61,61,61,61,61,51,31,31,31,31,31,31,31,31,31,59,51,51,51,51,51,51,51,68,68,68,63,46,46,46,46,43,67,67,67,61,59,59,59,59,59,59,59,59,66,51,51,72,33],"gold":474,"neow_bonus":"ONE_RANDOM_RARE_CARD","is_daily":false,"chose_seed":false,"campfire_upgraded":7,"win_rate":0.0,"timestamp":1609163735,"path_taken":["M","?","?","M","?","R","M","E","T","?","R","?","M","?","R","BOSS","M","M","?","$","?","R","E","R","T","?","M","E","M","M","R","BOSS","M","?","M","M","?","R","$","M","T","R","E","?","E","M","R","BOSS"],"items_purchased_type":["Relic","Relic","Relic","Relic","Relic"],"build_version":"2020-12-22","purchased_purges":2,"victory":true,"max_hp_per_floor":[68,68,68,68,68,68,68,68,68,68,68,68,68,68,68,68,68,68,68,68,68,68,68,68,68,68,68,68,68,68,68,68,68,73,73,73,73,73,73,73,73,73,73,73,73,73,73,73,73,73],"relic_stats":{"Lizard Tail":0,"Happy Flower":[10],"counters":[25,114],"Pen Nib":[16],"Turnip":[0],"CloakClasp":[306],"War Paint":["Evaluate"],"obtain_stats":[{"Potion Belt":21,"vexMod:MemoryStick":43,"Tiny House":34,"Happy Flower":41,"vexMod:ConsolationPrize":27,"Oddly Smooth Stone":26,"Pen Nib":10,"CloakClasp":9,"War Paint":36,"Ancient Tea Set":29,"Akabeko":21,"MarkedMod:AcupunctureKit":47,"Du-Vu Doll":8,"Lizard Tail":24,"Anchor":41,"Turnip":45,"vexMod:CursedCompass":17,"Membership Card":21,"PureWater":0,"REME_ComplimentaryCards":0},{"Potion Belt":10,"vexMod:MemoryStick":21,"Tiny House":16,"Happy Flower":20,"vexMod:ConsolationPrize":11,"Oddly Smooth Stone":11,"Pen Nib":5,"CloakClasp":5,"War Paint":17,"Ancient Tea Set":13,"Akabeko":10,"MarkedMod:AcupunctureKit":23,"Du-Vu Doll":5,"Lizard Tail":11,"Anchor":20,"Turnip":22,"vexMod:CursedCompass":8,"Membership Card":10,"PureWater":0,"REME_ComplimentaryCards":0},{"Potion Belt":43,"vexMod:MemoryStick":85,"Tiny House":66,"Happy Flower":82,"vexMod:ConsolationPrize":47,"Oddly Smooth Stone":47,"Pen Nib":20,"CloakClasp":20,"War Paint":70,"Ancient Tea Set":54,"Akabeko":43,"MarkedMod:AcupunctureKit":98,"Du-Vu Doll":20,"Lizard Tail":47,"Anchor":82,"Turnip":92,"vexMod:CursedCompass":33,"Membership Card":43,"PureWater":0,"REME_ComplimentaryCards":0}]},"card_choices":[{"not_picked":["FlurryOfBlows","Crescendo","MarkedMod:GentlePulse"],"picked":"SKIP","floor":1.0},{"not_picked":["SashWhip","Protect","Swivel"],"picked":"SKIP","floor":4.0},{"not_picked":["CutThroughFate","Protect","FollowUp"],"picked":"SKIP","floor":5.0},{"not_picked":["REME_Repentance","Prostrate","MarkedMod:OneThousandNeedles"],"picked":"SKIP","floor":7.0},{"not_picked":["MarkedMod:SlowDance","MarkedMod:PinPointDefense","MarkedMod:OneThousandNeedles"],"picked":"SKIP","floor":8.0},{"not_picked":["FollowUp","EmptyBody","REME_MusicOfDeath"],"picked":"SKIP","floor":13.0},{"not_picked":["Evaluate","DeceiveReality"],"picked":"Wallop","floor":14.0},{"not_picked":["REME_WorshipGod","ConjureBlade"],"picked":"Blasphemy","floor":16.0},{"not_picked":["WindmillStrike","EmptyMind"],"picked":"FlyingSleeves+1","floor":18.0},{"not_picked":["Prostrate","Pray+1","SashWhip"],"picked":"SKIP","floor":19.0},{"not_picked":["Devotion","Meditate","FlyingSleeves"],"picked":"SKIP","floor":24.0},{"not_picked":["Halt","Protect"],"picked":"Fasting2","floor":28.0},{"not_picked":["WheelKick","Pray"],"picked":"FearNoEvil","floor":29.0},{"not_picked":["CutThroughFate","Swivel","ClearTheMind"],"picked":"SKIP","floor":30.0},{"not_picked":["Wireheading+1","CutThroughFate"],"picked":"SandsOfTime","floor":31.0},{"not_picked":["Scrawl","Vault"],"picked":"REME_EmptyShield","floor":33.0},{"not_picked":["MarkedMod:FirstStrike+1","BattleHymn"],"picked":"Evaluate","floor":34.0},{"not_picked":["Swivel+1","MarkedMod:GentlePulse","MentalFortress"],"picked":"SKIP","floor":35.0},{"not_picked":["MarkedMod:FirstStrike","REME_MusicOfDeath","EmptyFist"],"picked":"SKIP","floor":37.0},{"not_picked":["JustLucky","Collect+1","Judgement"],"picked":"SKIP","floor":38.0},{"not_picked":["BowlingBash","FlurryOfBlows","PathToVictory"],"picked":"SKIP","floor":39.0},{"not_picked":["MentalFortress","CarveReality"],"picked":"Adaptation","floor":42.0},{"not_picked":["Protect","FlyingSleeves","SashWhip"],"picked":"SKIP","floor":45.0},{"not_picked":["REME_MusicOfDeath","Blasphemy","REME_Repentance+1"],"picked":"SKIP","floor":47},{"not_picked":["MarkedMod:GentlePulse","FlyingSleeves","BowlingBash+1"],"picked":"SKIP","floor":48}],"player_experience":649011,"relics_obtained":[{"floor":8.0,"key":"Du-Vu Doll"},{"floor":9.0,"key":"CloakClasp"},{"floor":10.0,"key":"Pen Nib"},{"floor":24.0,"key":"Lizard Tail"},{"floor":26.0,"key":"Oddly Smooth Stone"},{"floor":27.0,"key":"vexMod:ConsolationPrize"},{"floor":29.0,"key":"Ancient Tea Set"},{"floor":36.0,"key":"War Paint"},{"floor":43.0,"key":"vexMod:MemoryStick"},{"floor":45.0,"key":"Turnip"},{"floor":47,"key":"MarkedMod:AcupunctureKit"}],"event_choices":[{"damage_healed":0.0,"max_hp_gain":0.0,"max_hp_loss":0.0,"gold_gain":0.0,"event_name":"Accursed Blacksmith","player_choice":"Forge","floor":2.0,"gold_loss":0.0,"damage_taken":0.0,"cards_upgraded":["Eruption"]},{"cards_removed":["Defend_P"],"damage_healed":0.0,"max_hp_gain":0.0,"max_hp_loss":0.0,"gold_gain":0.0,"event_name":"Living Wall","player_choice":"Forget","floor":12.0,"gold_loss":0.0,"damage_taken":0.0},{"damage_healed":0.0,"max_hp_gain":0.0,"max_hp_loss":0.0,"gold_gain":0.0,"event_name":"Back to Basics","player_choice":"Simplicity","floor":20.0,"gold_loss":0.0,"damage_taken":0.0,"cards_upgraded":["Strike_P","Strike_P","Strike_P","Strike_P","Defend_P","Defend_P","Defend_P"]},{"damage_healed":0.0,"max_hp_gain":0.0,"max_hp_loss":0.0,"gold_gain":0.0,"event_name":"Vampires","player_choice":"Ignored","floor":22.0,"gold_loss":0.0,"damage_taken":0.0},{"damage_healed":0.0,"max_hp_gain":0.0,"max_hp_loss":0.0,"gold_gain":0.0,"event_name":"Wheel of Change","player_choice":"Relic","floor":36.0,"gold_loss":0.0,"damage_taken":0.0}],"is_beta":false,"boss_relics":[{"not_picked":["Black Star","vexMod:EndlessSickness"],"picked":"vexMod:CursedCompass"},{"not_picked":["Sozu","REME_DemonsWealth"],"picked":"Tiny House"}],"items_purged_floors":[21,41],"is_endless":false,"potions_floor_spawned":[4,8,14,18,29,31,33,35,39,42,45],"ascension_level":14}}