{"host":"79pwvnyrdes6uj7k","time":1609186161,"event":{"mods":["2.2 Compatiblity","Astrologer","BaseMod","Beaked The Cultist","Colored Powertips","Downfall","Exacting","Friendly Minions","HexUI Lib","Highlight Path","Hubris","Infinite Spire","JesterMod","Mad Scientist","Mimic Mod","Minty Spire (QoL Compilation)","Random Character Button","Replay The Spire","Reworked Bosses","Shop Mod","Somnambulant","StSLib","The Cursed","The Disciple","The Factory","The Judge","The Jungle","The Marked","The Poker Player","The Runesmith","TheHeartMod"],"gold_per_floor":[99,115,115,115,132,166,218,250,276,276,300,750,675,675,720,730,730,730],"floor_reached":16,"playtime":1079,"items_purged":[],"score":102,"play_id":"485367f7-a2ae-4274-ac01-b200a9cae386","local_time":"20201228140921","is_ascension_mode":false,"campfire_choices":[{"floor":1,"key":"DIG"},{"floor":13,"key":"RECALL"}],"circlet_count":0,"master_deck":["Guardian:Strike_Guardian","Guardian:Strike_Guardian","Guardian:Strike_Guardian","Guardian:Strike_Guardian","Guardian:Defend_Guardian","Guardian:Defend_Guardian","Guardian:Defend_Guardian","Guardian:CurlUp","Guardian:TwinSlam","Guardian:Recover","Guardian:Suspension","Guardian:SpikerProtocol","Guardian:ShieldCharger","Guardian:CrystalBeam","Slimebound:Icky","Slimebound:Icky","Slimebound:Icky","Replay:Fractal Strike","Guardian:PrismaticBeam"],"relics":["hubris:Backtick","Juzu Bracelet","infinitespire:ShieldingShard","hubris:Towel","Replay:Bandana","downfall:HeartBlessingBlue"],"acts_visited":["Exordium"],"potions_floor_usage":[16],"damage_taken":[{"damage":3,"enemies":"Jaw Worm","floor":2,"turns":4},{"damage":0,"enemies":"Small Slimes","floor":5,"turns":4},{"damage":13,"enemies":"3 Sentries","floor":6,"turns":11},{"damage":0,"enemies":"2 Louse","floor":8,"turns":2},{"damage":0,"enemies":"Blue Slaver","floor":9,"turns":4},{"damage":4,"enemies":"Large Slime","floor":11,"turns":6},{"damage":14,"enemies":"Gremlin Gang","floor":15,"turns":4},{"damage":50,"enemies":"downfall:Defect","floor":16,"turns":5}],"seed_played":"-1025160818022138276","potions_obtained":[{"floor":2,"key":"sneckomod:MuddlingPotion"},{"floor":6,"key":"infinitespire:BlackPotion"},{"floor":8,"key":"FearPotion"}],"is_trial":false,"path_per_floor":["R","M","?","?","M","E","T","M","M","?","M","?","R","?","M","B"],"character_chosen":"GUARDIAN","items_purchased":[],"campfire_rested":0,"item_purchase_floors":[],"current_hp_per_floor":[80,77,77,77,77,76,76,76,76,76,72,72,82,61,47,0,0,0],"gold":730,"neow_bonus":"BOSS_RELIC","is_daily":false,"chose_seed":false,"campfire_upgraded":0,"win_rate":0.0,"timestamp":1609186161,"path_taken":["R","M","?","?","M","E","T","M","M","?","M","?","R","?","M","BOSS"],"items_purchased_type":[],"build_version":"2020-12-22","purchased_purges":0,"victory":false,"max_hp_per_floor":[80,80,80,80,80,80,80,80,80,80,80,80,90,90,90,90,90,90],"card_choices":[{"not_picked":["Guardian:PiercingHide","Guardian:Gem_Cyan"],"picked":"Guardian:Recover","floor":2},{"not_picked":["Guardian:VentSteam","Guardian:Reroute"],"picked":"Guardian:Suspension","floor":5},{"not_picked":["Guardian:Gem_White","Guardian:PiercingHide"],"picked":"Guardian:PrimingBeam","floor":6},{"not_picked":["Guardian:Incinerate","Guardian:RollAttack"],"picked":"Guardian:SpikerProtocol","floor":8},{"not_picked":["Guardian:PrimingBeam","Guardian:Gem_Cyan"],"picked":"Guardian:ShieldCharger","floor":9},{"not_picked":["Guardian:Gem_Red","Guardian:PiercingHide"],"picked":"Guardian:CrystalBeam","floor":11},{"not_picked":["infinitespire:SevenWalls","hubris:InfiniteBlow"],"picked":"Replay:Fractal Strike","floor":14},{"not_picked":["Guardian:Gem_Purple","Guardian:TemporalShield"],"picked":"Guardian:PrismaticBeam","floor":15}],"player_experience":340120,"relics_obtained":[{"floor":1,"key":"infinitespire:ShieldingShard"},{"floor":6,"key":"Replay:Bandana"}],"event_choices":[],"is_beta":false,"boss_relics":[],"items_purged_floors":[],"is_endless":false,"potions_floor_spawned":[2,6,8],"killed_by":"downfall:Defect","ascension_level":0}}