{"host":"h4bb0df8lxoaqqtb","time":1609197216,"event":{"mods":["2.2 Compatiblity","AchievementEnabler","BaseMod","CapriCore","Colored Map","Minty Spire (QoL Compilation)","Quick Restart","StSLib","SuperFastMode"],"gold_per_floor":[115,115,131,206,206,238,238,238,264,264,264,291,291,291,216,242,242],"floor_reached":18,"playtime":158,"items_purged":["Strike_P"],"score":866,"play_id":"3476ad6a-f258-47ed-8aac-ef289ad236fb","local_time":"20201229081336","is_ascension_mode":false,"campfire_choices":[{"floor":7,"key":"REST"},{"floor":10,"key":"RECALL"},{"floor":14,"key":"REST"}],"circlet_count":0,"master_deck":["Strike_P","Strike_P","Defend_P","Defend_P","Defend_P","Defend_P","Eruption","Vigilance","FollowUp","Nirvana","Iron Wave","CutThroughFate+1"],"relics":["PureWater","NeowsBlessing","PreservedInsect","White Beast Statue","Damaru"],"acts_visited":["Exordium","TheBeyond","TheEnding"],"potions_floor_usage":[],"damage_taken":[{"damage":0,"enemies":"2 Louse","floor":1,"turns":1},{"damage":0,"enemies":"Small Slimes","floor":3,"turns":1},{"damage":0,"enemies":"Lagavulin","floor":6,"turns":1},{"damage":0,"enemies":"Cultist","floor":11,"turns":1},{"damage":0,"enemies":"Gremlin Nob","floor":12,"turns":1},{"damage":0,"enemies":"Awakened One","floor":12,"turns":1},{"damage":0,"enemies":"Shield and Spear","floor":16,"turns":1},{"damage":38,"enemies":"The Heart","floor":17,"turns":3}],"seed_played":"3453993650380509038","potions_obtained":[{"floor":1,"key":"BlessingOfTheForge"},{"floor":6,"key":"SteroidPotion"},{"floor":16,"key":"LiquidMemories"}],"is_trial":false,"path_per_floor":["M","?","M","?","$","E","R","?","T","R","M","E",null,"R","$","E","B",null],"character_chosen":"WATCHER","items_purchased":[],"campfire_rested":2,"item_purchase_floors":[],"current_hp_per_floor":[72,65,65,54,54,54,72,72,72,72,72,72,72,72,72,72,34],"gold":242,"neow_bonus":"THREE_ENEMY_KILL","is_daily":false,"chose_seed":false,"campfire_upgraded":0,"win_rate":0.0,"timestamp":1609197216,"path_taken":["M","?","M","?","$","E","R","?","T","R","M","E","BOSS","R","$","E","BOSS"],"items_purchased_type":[],"build_version":"2020-12-22","purchased_purges":1,"victory":true,"max_hp_per_floor":[72,72,72,72,72,72,72,72,72,72,72,72,72,72,72,72,72],"card_choices":[{"not_picked":["Conclude","WheelKick"],"picked":"FollowUp","floor":1},{"not_picked":["Conclude","ClearTheMind"],"picked":"Nirvana","floor":3},{"not_picked":["SashWhip","WindmillStrike"],"picked":"InnerPeace","floor":6},{"not_picked":["Protect","BattleHymn","SashWhip"],"picked":"SKIP","floor":11},{"not_picked":["ClearTheMind","FlyingSleeves","Nirvana"],"picked":"SKIP","floor":12},{"not_picked":["EmptyFist","JustLucky+1"],"picked":"CutThroughFate+1","floor":16}],"player_experience":63,"relics_obtained":[{"floor":6,"key":"PreservedInsect"},{"floor":12,"key":"White Beast Statue"},{"floor":16,"key":"Damaru"}],"event_choices":[{"cards_removed":["Strike_P"],"damage_healed":0,"gold_gain":0,"player_choice":"Card Removal","damage_taken":7,"max_hp_gain":0,"max_hp_loss":0,"event_name":"Golden Wing","floor":2,"gold_loss":0},{"damage_healed":0,"gold_gain":75,"player_choice":"Gather Gold","damage_taken":11,"max_hp_gain":0,"max_hp_loss":0,"event_name":"World of Goop","floor":4,"gold_loss":0},{"cards_removed":["InnerPeace"],"damage_healed":0,"gold_gain":0,"player_choice":"Took Card","damage_taken":0,"max_hp_gain":0,"max_hp_loss":0,"event_name":"NoteForYourself","floor":8,"gold_loss":0,"cards_obtained":["Iron Wave"]}],"is_beta":false,"boss_relics":[],"items_purged_floors":[15],"is_endless":false,"potions_floor_spawned":[1,6,16],"ascension_level":0}}