{"host":"sjo4oracihb00px1","time":1609178917,"event":{"mods":["Astrologer","BaseMod","Better Note","Colored Powertips","Defective Defect","Friendly Minions","Hermit","HololiveMod","Hubris","Jorbs\u0027s Wanderer Trilogy","Kiyohime????","Marisa????????","Minty Spire (QoL Compilation)","Quick Restart","Random Character Button","Remilia??????","Replay The Spire","Shop Mod","ShortenTheSpire","Somnambulant","StSLib","The Administrix","The Animator","The Awakened One except there are too many feathers","The Bug Knight","The Cursed","The Death Knight","The Disciple","The Gatherer","The IronCluck","The Necromancer","The Problem Sleuth","The Runesmith","The Servant 0.9.4","The Vixen","TheBandit","Waifu the Spire","Wandering Minibosses","Yuri Mod","everything is the same but u backflip on backflip","slay the spire mod where everything is the same but ironclad has a cowboy hat","thorton"],"gold_per_floor":[113,113,123,140,18,44,60,90,90,110,130,157,122,147,147,243,243,255,266,266,278,278,312,324,464,476,523,535,567,47,59,59,159,159,176,226,186,198,198,224,224,241,241,241,241,264,288,309,315,321],"floor_reached":51,"playtime":3483,"items_purged":[],"score":1268,"play_id":"ab43ca9b-cd35-4a04-9a3f-c3300cda08d0","local_time":"20201228130837","is_ascension_mode":true,"campfire_choices":[{"data":"yuri:Oolong","floor":15,"key":"SMITH"},{"floor":24,"key":"REST"},{"floor":28,"key":"REST"},{"data":"hubris:DuctTapeCard","floor":32,"key":"SMITH"},{"data":"yuri:RemoveSafetyChecks","floor":41,"key":"SMITH"},{"floor":44,"key":"REST"},{"floor":49,"key":"REST"}],"circlet_count":0,"master_deck":["yuri:yuriStrike","yuri:yuriStrike","yuri:yuriStrike","yuri:yuriStrike","yuri:yuriStrike","yuri:yuriDefend","yuri:yuriDefend","yuri:yuriDefend+1","yuri:yuriDefend","yuri:yuriDefend","yuri:Oolong+1","yuri:ThrowingKnives","yuri:WickedSlash","yuri:TPose+1","yuri:MultiDip","yuri:MPose","yuri:Suicide","hubris:DuctTapeCard+2","yuri:MPose","yuri:WickedSlash","yuri:SturdyUniform","yuri:Torment","yuri:yuriQuickStrike","yuri:Spin","yuri:RemoveSafetyChecks+1","Languid","yuri:BookBlue","yuri:Torment","yuri:GrowingInsanity","yuri:HeavierStrike","yuri:InsanityDefense+1","yuri:ThrowingKnives","yuri:BookRed+1","yuri:MagneticKnives","yuri:SeeingDouble+1","yuri:HeavierStrike+1","yuri:RecklessStrike+1","yuri:TPose+1","yuri:MirrorInsanity+1","PropBag+1","yuri:GreenTea+1","yuri:WickedSlash"],"relics":["yuri:yuriKnife","NeowsBlessing","Orichalcum","War Paint","hubris:DuctTape","ReplayTheSpireMod:Lightbulb","DeathKnight:PutricidesVial","thethorton:CrushedCigarette","hubris:Icosahedron","ReplayTheSpireMod:Ring of Addiction","Potion Belt","Toy Ornithopter","MawBank","Anchor","Snack Pack","Toxic Egg 2","yuri:GlassOfWine","Replay:Ringing Soul","hubris:VirtuousBlindfold","Ginger","hubris:Towel","DeathKnight:SindragosasSkull","wanderingMiniBosses:OtherGremlinHorn","hubris:DisguiseKit","thethorton:BankDeed"],"acts_visited":["Exordium","TheCity","TheBeyond"],"potions_floor_usage":[16,18,21,21,21,21,23,23,25,27,33,36,42,42,42,42,42],"damage_taken":[{"damage":0,"enemies":"2 Louse","floor":1,"turns":1},{"damage":0,"enemies":"Jaw Worm","floor":3,"turns":1},{"damage":0,"enemies":"Small Slimes","floor":4,"turns":1},{"damage":27,"enemies":"Gremlin Nob","floor":6,"turns":4},{"damage":4,"enemies":"Blue Slaver","floor":7,"turns":3},{"damage":16,"enemies":"Lagavulin","floor":8,"turns":3},{"damage":9,"enemies":"Gremlin Gang","floor":10,"turns":3},{"damage":4,"enemies":"Large Slime","floor":11,"turns":4},{"damage":15,"enemies":"3 Sentries","floor":12,"turns":5},{"damage":6,"enemies":"Lagavulin","floor":14,"turns":4},{"damage":28,"enemies":"Hexaghost","floor":16,"turns":6},{"damage":30,"enemies":"Spheric Guardian","floor":18,"turns":6},{"damage":8,"enemies":"2 Thieves","floor":19,"turns":4},{"damage":15,"enemies":"Chosen and Byrds","floor":21,"turns":5},{"damage":28,"enemies":"HollowMod:Nosk","floor":23,"turns":4},{"damage":16,"enemies":"Gremlin Leader","floor":25,"turns":4},{"damage":5,"enemies":"HollowMod:Nosk","floor":27,"turns":3},{"damage":8,"enemies":"Shelled Parasite and Fungi","floor":29,"turns":4},{"damage":7,"enemies":"Snecko","floor":31,"turns":4},{"damage":30,"enemies":"Champ","floor":33,"turns":7},{"damage":3,"enemies":"3 Darklings","floor":35,"turns":4},{"damage":28,"enemies":"Mind Bloom Boss Battle","floor":36,"turns":6},{"damage":18,"enemies":"3 Shapes","floor":38,"turns":2},{"damage":9,"enemies":"HollowMod:StalkingDevout","floor":40,"turns":2},{"damage":46,"enemies":"Transient","floor":42,"turns":5},{"damage":18,"enemies":"4 Shapes","floor":46,"turns":3},{"damage":17,"enemies":"Maw","floor":47,"turns":3},{"damage":3,"enemies":"Jaw Worm Horde","floor":48,"turns":2},{"damage":15,"enemies":"Time Eater","floor":50,"turns":4}],"seed_played":"3332729140549317530","potions_obtained":[{"floor":3,"key":"Elixir"},{"floor":4,"key":"CultistPotion"},{"floor":7,"key":"Milkshake"},{"floor":11,"key":"EssenceOfSteel"},{"floor":16,"key":"Venom Potion"},{"floor":18,"key":"EntropicBrew"},{"floor":19,"key":"Reflective Coating"},{"floor":22,"key":"Swift Potion"},{"floor":22,"key":"ColorlessPotion"},{"floor":22,"key":"Strength Potion"},{"floor":25,"key":"Milkshake"},{"floor":29,"key":"Dexterity Potion"},{"floor":35,"key":"SpeedPotion"},{"floor":36,"key":"Dexterity Potion"},{"floor":37,"key":"Languid Potion"},{"floor":37,"key":"Adrenaline Potion"},{"floor":37,"key":"Block Potion"},{"floor":40,"key":"Languid Potion"}],"is_trial":false,"path_per_floor":["M","?","M","M","$","E","M","E","T","M","M","E","?","E","R","B",null,"M","M","?","M","?","E","R","E","T","E","R","M","$","M","R","B",null,"M","?","?","M","?","E","R","M","T","R","T","M","M","M","R","B",null],"character_chosen":"YURI","items_purchased":["yuri:MultiDip","yuri:MPose","yuri:GlassOfWine","Replay:Ringing Soul","yuri:InsanityDefense+1","yuri:ThrowingKnives"],"campfire_rested":4,"item_purchase_floors":[5,5,30,30,30,30],"current_hp_per_floor":[80,80,80,80,80,56,56,44,44,35,35,24,44,42,42,21,65,42,41,41,33,33,22,46,42,42,55,79,80,83,77,77,69,83,90,70,70,55,55,51,51,46,46,76,76,72,60,64,95,84],"gold":327,"neow_bonus":"THREE_ENEMY_KILL","is_daily":false,"chose_seed":false,"campfire_upgraded":3,"win_rate":0.0,"timestamp":1609178917,"path_taken":["M","?","M","M","$","E","M","E","T","M","M","E","?","E","R","BOSS","M","M","?","M","?","E","R","E","T","E","R","M","$","M","R","BOSS","M","?","?","?","?","E","R","M","T","R","?","M","M","M","R","BOSS"],"items_purchased_type":["Card","Card","Relic","Relic","Card","Card"],"build_version":"2020-12-22","purchased_purges":0,"victory":true,"max_hp_per_floor":[80,80,80,80,80,80,80,80,80,80,80,80,80,80,80,80,80,80,80,80,80,80,80,80,80,80,80,80,80,83,84,84,87,87,90,93,93,96,96,97,97,100,100,100,100,101,104,107,105,105],"card_choices":[{"not_picked":["yuri:CalmingAura","yuri:HeavierStrike"],"picked":"yuri:ThrowingKnives","floor":1},{"not_picked":["yuri:Spin","yuri:BookGreen"],"picked":"yuri:WickedSlash","floor":3},{"not_picked":["yuri:SelfHarm","yuri:ArmBrace"],"picked":"yuri:TPose","floor":4},{"not_picked":["yuri:InsanityDefense","yuri:TeaSet"],"picked":"yuri:Suicide","floor":6},{"not_picked":["yuri:Stare","yuri:Skip"],"picked":"yuri:Stalk","floor":7},{"not_picked":["yuri:ExploitStrike","yuri:Stare","yuri:Parry"],"picked":"SKIP","floor":8},{"not_picked":["yuri:ThrowBook","yuri:UntestedCode","yuri:GlitchedStrike"],"picked":"SKIP","floor":10},{"not_picked":["yuri:ReloadGame","yuri:BookGreen"],"picked":"yuri:MPose","floor":11},{"not_picked":["yuri:AdaptiveAI","yuri:DisableStrike"],"picked":"yuri:WickedSlash","floor":12},{"not_picked":["yuri:BookRed","yuri:AdaptiveAI"],"picked":"yuri:SturdyUniform","floor":14},{"not_picked":["yuri:JumpScare","yuri:DisableStrike"],"picked":"yuri:Torment","floor":16},{"not_picked":["yuri:ThrowBook","yuri:CalmingAura+1"],"picked":"yuri:yuriQuickStrike","floor":18},{"not_picked":["yuri:RecklessStrike","yuri:UntestedCode"],"picked":"yuri:Spin","floor":19},{"not_picked":["yuri:yuriQuickStrike","yuri:Stare+1"],"picked":"yuri:RemoveSafetyChecks","floor":21},{"not_picked":["yuri:NoEscape","yuri:InduceGlitch"],"picked":"yuri:BookBlue","floor":23},{"not_picked":["yuri:TPose+1","yuri:yuriHeavyStrike+1"],"picked":"yuri:Torment","floor":25},{"not_picked":["yuri:HoldBack","yuri:MultiDip"],"picked":"yuri:GrowingInsanity","floor":27},{"not_picked":["yuri:AdaptiveAI","yuri:InduceGlitch+1"],"picked":"yuri:HeavierStrike","floor":29},{"not_picked":["yuri:GlitchedStrike","yuri:yuriQuickStrike"],"picked":"yuri:BookRed+1","floor":31},{"not_picked":["yuri:Torment+1","yuri:DistillInsanity+1"],"picked":"yuri:MagneticKnives","floor":33},{"not_picked":["yuri:ThornRemove+1","yuri:WickedSlash+1"],"picked":"yuri:SeeingDouble+1","floor":35},{"not_picked":["yuri:BookPurple+1","yuri:TPose+1"],"picked":"yuri:HeavierStrike+1","floor":36},{"not_picked":["yuri:ConsumeGlitch+1","yuri:yuriHeavyStrike+1"],"picked":"yuri:RecklessStrike+1","floor":38},{"not_picked":["yuri:Stare+1","yuri:GlitchedStrike+1"],"picked":"yuri:TPose+1","floor":40},{"not_picked":["yuri:Stare+1","yuri:SelfHarm+1"],"picked":"yuri:MirrorInsanity+1","floor":42},{"not_picked":["yuri:MPose+1","yuri:yuriQuickStrike","yuri:MultiDip"],"picked":"PropBag","floor":46},{"not_picked":["yuri:yuriQuickStrike+1","yuri:GlitchedStrike+1","GravityBeat"],"picked":"yuri:GreenTea+1","floor":47},{"not_picked":["yuri:MirrorInsanity+1","yuri:GlitchedStrike","SporeBomb"],"picked":"yuri:WickedSlash","floor":48}],"player_experience":668074,"relics_obtained":[{"floor":6,"key":"Orichalcum"},{"floor":8,"key":"War Paint"},{"floor":9,"key":"hubris:DuctTape"},{"floor":12,"key":"ReplayTheSpireMod:Lightbulb"},{"floor":14,"key":"DeathKnight:PutricidesVial"},{"floor":22,"key":"ReplayTheSpireMod:Ring of Addiction"},{"floor":22,"key":"Potion Belt"},{"floor":22,"key":"Toy Ornithopter"},{"floor":23,"key":"MawBank"},{"floor":25,"key":"Anchor"},{"floor":26,"key":"Snack Pack"},{"floor":27,"key":"Toxic Egg 2"},{"floor":36,"key":"Ginger"},{"floor":40,"key":"DeathKnight:SindragosasSkull"},{"floor":42,"key":"wanderingMiniBosses:OtherGremlinHorn"},{"floor":43,"key":"hubris:DisguiseKit"},{"floor":45,"key":"thethorton:BankDeed"}],"event_choices":[{"damage_healed":0,"gold_gain":0,"player_choice":"Ignored","damage_taken":0,"max_hp_gain":0,"max_hp_loss":0,"event_name":"Golden Wing","floor":2,"gold_loss":0},{"damage_healed":20,"gold_gain":0,"player_choice":"Healed","damage_taken":0,"max_hp_gain":0,"max_hp_loss":0,"event_name":"The Cleric","floor":13,"gold_loss":35},{"damage_healed":0,"gold_gain":0,"player_choice":"Fight","damage_taken":0,"max_hp_gain":0,"max_hp_loss":0,"event_name":"MindBloom","floor":36,"gold_loss":0},{"damage_healed":0,"gold_gain":0,"player_choice":"Bought 3 Potions","damage_taken":0,"max_hp_gain":0,"max_hp_loss":0,"event_name":"The Woman in Blue","floor":37,"gold_loss":0}],"is_beta":false,"boss_relics":[{"not_picked":["Hololive_ChaosS","SlaversCollar"],"picked":"thethorton:CrushedCigarette"},{"not_picked":["Snecko Heart","Replay:Ancient Bell"],"picked":"hubris:VirtuousBlindfold"}],"items_purged_floors":[],"is_endless":false,"potions_floor_spawned":[3,4,7,11,16,18,19,25,29,35,36,40],"ascension_level":5}}