{"host":"wbjiqg83duq292na","time":1609124626,"event":{"mods":["BaseMod","Minty Spire (QoL Compilation)"],"gold_per_floor":[112,124,124,74,249,292,312,335,335,368,393,409,409,409],"floor_reached":13,"playtime":610,"items_purged":[],"score":102,"play_id":"3c57b5ea-90f8-43f5-ad23-d4122fc7f666","local_time":"20201228010346","is_ascension_mode":true,"campfire_choices":[],"circlet_count":0,"master_deck":["Strike_B","Strike_B","Strike_B","Strike_B","Defend_B","Defend_B","Defend_B","Defend_B","Zap","Dualcast","Buffer","Cold Snap","Redo","Doubt","Ball Lightning","Rebound","Seek","Sunder","Conserve Battery"],"relics":["Cracked Core","Golden Idol","Orichalcum","Pantograph","White Beast Statue"],"acts_visited":["Exordium"],"potions_floor_usage":[6,10,13],"damage_taken":[{"damage":11,"enemies":"2 Louse","floor":1,"turns":3},{"damage":0,"enemies":"Small Slimes","floor":2,"turns":3},{"damage":44,"enemies":"Gremlin Nob","floor":6,"turns":5},{"damage":1,"enemies":"Jaw Worm","floor":7,"turns":2},{"damage":0,"enemies":"Gremlin Gang","floor":8,"turns":4},{"damage":11,"enemies":"3 Sentries","floor":10,"turns":8},{"damage":4,"enemies":"Large Slime","floor":11,"turns":4},{"damage":3,"enemies":"Exordium Wildlife","floor":12,"turns":3},{"damage":8,"enemies":"Lagavulin","floor":13,"turns":2}],"seed_played":"-6419911376867244637","potions_obtained":[{"floor":2,"key":"EssenceOfDarkness"},{"floor":7,"key":"Block Potion"},{"floor":10,"key":"FearPotion"},{"floor":11,"key":"DistilledChaos"},{"floor":12,"key":"LiquidMemories"}],"is_trial":false,"path_per_floor":["M","M","?","?","?","E","M","M","T","E","M","M","E"],"character_chosen":"DEFECT","items_purchased":[],"campfire_rested":0,"item_purchase_floors":[],"current_hp_per_floor":[64,64,64,64,64,20,19,19,19,8,4,1,0,0],"gold":409,"neow_bonus":"ONE_RANDOM_RARE_CARD","is_daily":false,"chose_seed":false,"campfire_upgraded":0,"win_rate":0.0,"timestamp":1609124626,"path_taken":["M","M","?","?","?","E","M","M","T","E","?","?","E"],"items_purchased_type":[],"build_version":"2020-12-22","purchased_purges":0,"victory":false,"max_hp_per_floor":[75,75,75,75,75,75,75,75,75,75,75,75,75,75],"card_choices":[{"not_picked":["Streamline","Steam"],"picked":"Cold Snap","floor":1},{"not_picked":["Rebound","White Noise"],"picked":"Redo","floor":2},{"not_picked":["Rebound","Conserve Battery"],"picked":"Ball Lightning","floor":6},{"not_picked":["Fusion","Reprogram"],"picked":"Rebound","floor":7},{"not_picked":["Rebound","Barrage","Aggregate"],"picked":"SKIP","floor":8},{"not_picked":["Reboot","Turbo"],"picked":"Seek","floor":10},{"not_picked":["Cold Snap","Leap"],"picked":"Sunder","floor":11},{"not_picked":["Coolheaded","Leap"],"picked":"Conserve Battery","floor":12}],"player_experience":239062,"relics_obtained":[{"floor":6,"key":"Orichalcum"},{"floor":9,"key":"Pantograph"},{"floor":10,"key":"White Beast Statue"}],"event_choices":[{"damage_healed":0,"gold_gain":0,"player_choice":"Take Wound","damage_taken":0,"relics_obtained":["Golden Idol"],"max_hp_gain":0,"max_hp_loss":0,"event_name":"Golden Idol","floor":3,"gold_loss":0,"cards_obtained":["Injury"]},{"cards_removed":["Injury"],"damage_healed":0,"gold_gain":0,"player_choice":"Card Removal","damage_taken":0,"max_hp_gain":0,"max_hp_loss":0,"event_name":"The Cleric","floor":4,"gold_loss":50},{"damage_healed":0,"gold_gain":175,"player_choice":"AGREE","damage_taken":0,"max_hp_gain":0,"max_hp_loss":0,"event_name":"Liars Game","floor":5,"gold_loss":0,"cards_obtained":["Doubt"]}],"is_beta":false,"boss_relics":[],"items_purged_floors":[],"is_endless":false,"potions_floor_spawned":[2,7,10,11,12],"killed_by":"Lagavulin","ascension_level":1}}