{"host":"o3so5oxo9aakc7d5","time":1609143393,"event":{"mods":["BaseMod","Better Altar","Better Match","Better Sensory Stone","Better Skull","Better Third Choice","Block Reminder","CapriCore","Challenge The Spire","Googly Eyes","Jorbs\u0027s Wanderer Trilogy","Minty Spire (QoL Compilation)","Rare Cards Sparkle","Spicy Shops","StSLib"],"gold_per_floor":[113,131,149,224,224,224,240,279,314,326,361,416,441,471,483,618,630,661,91,16,16,36,36,36,36,62,78,121,135,168,168,168,168,168],"floor_reached":33,"playtime":1170,"items_purged":["Deflect","Strike_G"],"score":364,"play_id":"4192f51d-8542-45e7-bddd-251d2351a320","local_time":"20201228011633","is_ascension_mode":true,"campfire_choices":[{"data":"Predator","floor":6,"key":"SMITH"},{"floor":10,"key":"REST"},{"floor":15,"key":"REST"},{"data":"Phantasmal Killer","floor":23,"key":"SMITH"},{"data":"Dash","floor":25,"key":"SMITH"},{"floor":32,"key":"REST"}],"circlet_count":0,"master_deck":["Strike_G","Strike_G","Strike_G","Defend_G","Defend_G","Defend_G","Defend_G","Defend_G","Survivor","Neutralize","Predator+1","Dagger Throw","Backflip","Flying Knee","Dash+1","Dagger Throw","Underhanded Strike","Prepared","Phantasmal Killer+1","Master of Strategy","Dark Shackles","Backstab"],"relics":["Ring of the Snake","NeowsBlessing","Golden Idol","MawBank","Bag of Preparation","Akabeko","Sozu","Sundial","Vajra","Smiling Mask","Prayer Wheel","Boot"],"acts_visited":["Exordium","TheCity"],"potions_floor_usage":[12,33,33],"damage_taken":[{"damage":0,"enemies":"Small Slimes","floor":1,"turns":1},{"damage":0,"enemies":"2 Louse","floor":2,"turns":1},{"damage":0,"enemies":"Jaw Worm","floor":3,"turns":1},{"damage":0,"enemies":"Large Slime","floor":7,"turns":4},{"damage":22,"enemies":"3 Sentries","floor":8,"turns":8},{"damage":4,"enemies":"3 Louse","floor":11,"turns":4},{"damage":20,"enemies":"Lagavulin","floor":12,"turns":6},{"damage":4,"enemies":"Gremlin Gang","floor":13,"turns":5},{"damage":0,"enemies":"Blue Slaver","floor":14,"turns":2},{"damage":15,"enemies":"Slime Boss","floor":16,"turns":10},{"damage":5,"enemies":"Shell Parasite","floor":18,"turns":3},{"damage":6,"enemies":"Chosen","floor":22,"turns":3},{"damage":4,"enemies":"3 Cultists","floor":27,"turns":5},{"damage":0,"enemies":"Gremlin Leader","floor":28,"turns":5},{"damage":6,"enemies":"Chosen and Byrds","floor":29,"turns":6},{"damage":0,"enemies":"Slavers","floor":30,"turns":4},{"damage":96,"enemies":"Champ","floor":33,"turns":10}],"seed_played":"6409829516182018693","potions_obtained":[{"floor":1,"key":"SmokeBomb"},{"floor":2,"key":"SneckoOil"},{"floor":7,"key":"Strength Potion"},{"floor":13,"key":"ColorlessPotion"}],"is_trial":false,"path_per_floor":["M","M","M","?","?","R","M","E","T","R","M","E","M","M","R","B",null,"M","$","?","?","M","R","?","R","T","M","E","M","E","?","R","B"],"character_chosen":"THE_SILENT","items_purchased":["Sundial","Vajra"],"campfire_rested":3,"item_purchase_floors":[19,19],"current_hp_per_floor":[70,70,70,59,42,42,42,20,20,41,37,17,13,13,34,19,70,65,65,65,65,59,59,59,59,59,55,55,49,49,49,70,0,0],"gold":168,"neow_bonus":"THREE_ENEMY_KILL","is_daily":false,"chose_seed":false,"campfire_upgraded":3,"win_rate":0.0,"timestamp":1609143393,"path_taken":["M","M","M","?","?","R","M","E","T","R","M","E","M","M","R","BOSS","M","$","?","?","M","R","?","R","T","M","E","M","E","?","R","BOSS"],"items_purchased_type":["Relic","Relic"],"build_version":"2020-12-22","purchased_purges":2,"victory":false,"max_hp_per_floor":[70,70,70,70,70,70,70,70,70,70,70,70,70,70,70,70,70,70,70,70,70,70,70,70,70,70,70,70,70,70,70,70,70,70],"card_choices":[{"not_picked":["Eviscerate","Calculated Gamble"],"picked":"Predator","floor":1},{"not_picked":["Bane","Well Laid Plans"],"picked":"Dagger Throw","floor":2},{"not_picked":["Choke","Sucker Punch"],"picked":"Backflip","floor":3},{"not_picked":["Blade Dance","Doppelganger"],"picked":"Flying Knee","floor":7},{"not_picked":["Acrobatics","Expertise"],"picked":"Dash","floor":8},{"not_picked":["Expertise","Well Laid Plans","Outmaneuver"],"picked":"SKIP","floor":11},{"not_picked":["Dodge and Roll","Quick Slash"],"picked":"Dagger Throw","floor":12},{"not_picked":["Well Laid Plans","Finisher"],"picked":"Underhanded Strike","floor":13},{"not_picked":["Accuracy","Riddle With Holes"],"picked":"Prepared","floor":14},{"not_picked":["Wraith Form v2","Doppelganger"],"picked":"Phantasmal Killer","floor":16},{"not_picked":["Dagger Spray","Poisoned Stab+1"],"picked":"Deflect","floor":18},{"not_picked":["Mayhem","Impatience"],"picked":"Master of Strategy","floor":21},{"not_picked":["Forethought","Violence"],"picked":"Dark Shackles","floor":21},{"not_picked":["Slice","Cloak And Dagger+1","Blade Dance"],"picked":"SKIP","floor":22},{"not_picked":["Calculated Gamble","Flying Knee","Slice"],"picked":"SKIP","floor":27},{"not_picked":["Riddle With Holes","Blur","Dagger Throw"],"picked":"SKIP","floor":28},{"not_picked":["Flying Knee","Leg Sweep"],"picked":"Backstab","floor":29},{"not_picked":["Finisher","Dagger Throw","Cloak And Dagger"],"picked":"SKIP","floor":29},{"not_picked":["Blade Dance","Envenom","Cloak And Dagger"],"picked":"SKIP","floor":30}],"player_experience":519076,"relics_obtained":[{"floor":8,"key":"MawBank"},{"floor":9,"key":"Bag of Preparation"},{"floor":12,"key":"Akabeko"},{"floor":26,"key":"Smiling Mask"},{"floor":28,"key":"Prayer Wheel"},{"floor":30,"key":"Boot"}],"event_choices":[{"damage_healed":0,"gold_gain":75,"player_choice":"Gold","damage_taken":11,"max_hp_gain":0,"max_hp_loss":0,"event_name":"betterThird:BetterGoop","floor":4,"gold_loss":0},{"damage_healed":0,"gold_gain":0,"player_choice":"Take Damage","damage_taken":17,"relics_obtained":["Golden Idol"],"max_hp_gain":0,"max_hp_loss":0,"event_name":"Golden Idol","floor":5,"gold_loss":0},{"cards_removed":["Strike_G"],"damage_healed":0,"gold_gain":0,"player_choice":"Gave Gold","damage_taken":0,"max_hp_gain":0,"max_hp_loss":0,"event_name":"Beggar","floor":20,"gold_loss":75},{"damage_healed":0,"gold_gain":2,"player_choice":"1","damage_taken":0,"max_hp_gain":0,"max_hp_loss":0,"event_name":"betterStone:BetterStone","floor":21,"gold_loss":0},{"damage_healed":0,"gold_gain":0,"player_choice":"Got Potions","damage_taken":0,"max_hp_gain":0,"max_hp_loss":0,"event_name":"Lab","floor":31,"gold_loss":0}],"is_beta":false,"boss_relics":[{"not_picked":["Ring of the Serpent","Fusion Hammer"],"picked":"Sozu"}],"items_purged_floors":[19,19],"is_endless":false,"potions_floor_spawned":[1,2,7,11,13,27,29,30],"killed_by":"Champ","ascension_level":1}}