{"host":"08z5bj28eube4vug","time":1609125383,"event":{"mods":["2.2 Compatiblity","Abigail Mod","Act Like it!","BaseMod","Beaked The Cultist","Bestiary","Friendly Minions","Gensokyo","GungeonMod","Hallownest","Kiyohime????","Koishi","Lobotomy","Marisa????????","Minty Spire (QoL Compilation)","Prisma Mod","Remilia??????","Replay The Spire","StSLib","Td1madao Mod","The Alterego","The Bug Knight","The Jungle","The Sage","The Senshi","The Servant 0.9.4","Waifu the Spire","WarShipGirlsR/????R mod","Yuri Mod"],"gold_per_floor":[119,138,149,159,172,172,184,215,270,270,284,299,317,28,28,125,125,140,159,10,21,32,32,63,63,63,80,27,40,0,27,27,125,125,145,145,160,210,210,210,236,236,236,9,39,39,53,66,66,66,66,66,29,56,56,56],"floor_reached":55,"playtime":3849,"items_purged":["Lust_TH"],"score":881,"play_id":"09b9003a-193d-469f-bd2d-b0dd766aad63","local_time":"20201228061623","is_ascension_mode":true,"campfire_choices":[{"data":"rmod:diamondstrike","floor":6,"key":"SMITH"},{"data":"rmod:maingunfire","floor":10,"key":"SMITH"},{"data":"rmod:lonelyqueen","floor":15,"key":"SMITH"},{"data":"rmod:acesubmarine","floor":23,"key":"SMITH"},{"data":"rmod:selfconfidence","floor":25,"key":"SMITH"},{"data":"rmod:goodfighter","floor":32,"key":"SMITH"},{"data":"rmod:wolves","floor":40,"key":"SMITH"},{"data":"Dramatic Entrance","floor":42,"key":"SMITH"},{"data":"rmod:diaomin","floor":46,"key":"SMITH"},{"floor":49,"key":"RECALL"},{"data":"rmod:highspeedmaneuver","floor":52,"key":"SMITH"}],"circlet_count":0,"master_deck":["rmod:strick","rmod:strick","rmod:strick","rmod:strick","rmod:defend","rmod:defend","rmod:defend","rmod:defend","rmod:basicallowance","rmod:maingunfire+1","rmod:guardianhero","rmod:overbreakdown","rmod:diamondstrike+1","rmod:intelligenceanalysis","rmod:fletcherpendant","rmod:lonelyqueen+1","rmod:circuitoustactics","Dramatic Entrance+1","rmod:acesubmarine+1","rmod:tearstotiara+1","rmod:selfconfidence+1","rmod:overbreakdown+1","rmod:firesupport","rmod:wolves+1","ReplayTheSpireMod:Uncanny Aura","rmod:goodfighter+1","rmod:highspeedmaneuver+1","rmod:supportescort","rmod:unsinkable+1","Wraith","rmod:diaomin+1","rmod:mineteam","rmod:lonelyqueen+1","rmod:ring","rmod:circuitoustactics+1"],"relics":["rmod:firstchargereward","sagemod:Creepy_Carousel","TungstenRod","Bronze Scales","Anchor","Coffee Dripper","Mummified Hand","ReplayTheSpireMod:TigerMarble","ReplayTheSpireMod:CursedCoin","Regal Pillow","SlaversCollar","CaptainsWheel","Toy Ornithopter","ClockworkSouvenir","Ice Cream","Centennial Puzzle"],"acts_visited":["Exordium","TheCity","TheBeyond","TheEnding"],"potions_floor_usage":[5,12,16,16,19,21,24,29,33,41,45,55,55,55],"damage_taken":[{"damage":6,"enemies":"Cultist","floor":1,"turns":3},{"damage":0,"enemies":"Jaw Worm","floor":2,"turns":3},{"damage":0,"enemies":"Small Slimes","floor":3,"turns":3},{"damage":0,"enemies":"Blue Slaver","floor":4,"turns":3},{"damage":2,"enemies":"Exordium Wildlife","floor":5,"turns":2},{"damage":0,"enemies":"Large Slime","floor":7,"turns":4},{"damage":0,"enemies":"HollowMod:MossKnight","floor":8,"turns":8},{"damage":0,"enemies":"2 Fungi Beasts","floor":11,"turns":2},{"damage":0,"enemies":"Blue Slaver","floor":12,"turns":2},{"damage":2,"enemies":"Large Slime","floor":13,"turns":4},{"damage":0,"enemies":"The Guardian","floor":16,"turns":7},{"damage":0,"enemies":"Shell Parasite","floor":18,"turns":5},{"damage":0,"enemies":"Spheric Guardian","floor":19,"turns":3},{"damage":1,"enemies":"Snecko","floor":21,"turns":4},{"damage":7,"enemies":"Snake Plant","floor":22,"turns":3},{"damage":1,"enemies":"Replay:Snechameleon","floor":24,"turns":2},{"damage":0,"enemies":"Cultist and Chosen","floor":27,"turns":4},{"damage":0,"enemies":"Centurion and Healer","floor":29,"turns":4},{"damage":17,"enemies":"Automaton","floor":33,"turns":10},{"damage":0,"enemies":"Orb Walker","floor":35,"turns":2},{"damage":0,"enemies":"3 Darklings","floor":37,"turns":2},{"damage":24,"enemies":"Mind Bloom Boss Battle","floor":38,"turns":3},{"damage":8,"enemies":"Nemesis","floor":41,"turns":5},{"damage":5,"enemies":"Reptomancer","floor":45,"turns":5},{"damage":2,"enemies":"4 Shapes","floor":47,"turns":1},{"damage":0,"enemies":"Sphere and 2 Shapes","floor":48,"turns":3},{"damage":10,"enemies":"Time Eater","floor":50,"turns":8},{"damage":4,"enemies":"Shield and Spear","floor":54,"turns":3},{"damage":81,"enemies":"The Heart","floor":55,"turns":8}],"seed_played":"781782732188051634","potions_obtained":[{"floor":2,"key":"SteroidPotion"},{"floor":5,"key":"Ancient Potion"},{"floor":8,"key":"Strength Potion"},{"floor":11,"key":"AttackPotion"},{"floor":16,"key":"DistilledChaos"},{"floor":19,"key":"Fire Potion"},{"floor":21,"key":"Dexterity Potion"},{"floor":27,"key":"Explosive Potion"},{"floor":33,"key":"Reflective Coating"},{"floor":37,"key":"Explosive Potion"},{"floor":38,"key":"Regen Potion"},{"floor":48,"key":"Energy Potion"}],"is_trial":false,"path_per_floor":["M","M","M","M","M","R","M","E","T","R","M","M","M","$","R","B",null,"M","M","$","M","M","R","E","R","T","M","$","M","?","T","R","B",null,"M","?","M","?","?","R","E","R","T","$","E","R","M","M","R","B",null,"R","$","E","B"],"character_chosen":"PRAEFECT","items_purchased":["Anchor","Dramatic Entrance","DemoMod:LeadSkinPotion","rmod:selfconfidence","PowerPotion","ReplayTheSpireMod:CursedCoin","rmod:wolves","ReplayTheSpireMod:Uncanny Aura","ClockworkSouvenir","Adrenaline Potion","rmod:ring"],"campfire_rested":0,"item_purchase_floors":[14,14,14,20,20,28,28,28,44,44,53],"current_hp_per_floor":[48,48,48,48,46,46,46,46,46,46,46,46,44,44,44,44,75,75,75,75,74,67,67,66,66,66,66,66,66,66,66,66,49,75,75,75,75,51,51,51,69,69,69,69,69,69,67,67,67,57,75,75,75,71,0,0],"gold":56,"neow_bonus":"ONE_RARE_RELIC","is_daily":false,"chose_seed":false,"campfire_upgraded":10,"win_rate":0.0,"timestamp":1609125383,"path_taken":["M","M","M","M","M","R","M","E","T","R","M","M","M","$","R","BOSS","M","M","$","M","M","R","E","R","T","M","$","?","?","?","R","BOSS","M","?","M","?","?","R","E","R","T","?","E","R","M","M","R","BOSS","R","$","E","BOSS"],"items_purchased_type":["Relic","Card","Undefined","Card","Potion","Relic","Card","Card","Relic","Potion","Card"],"build_version":"2020-12-22","purchased_purges":1,"victory":false,"max_hp_per_floor":[75,75,75,75,75,75,75,75,75,75,75,75,75,75,75,75,75,75,75,75,75,75,75,75,75,75,75,75,75,75,75,75,75,75,75,75,75,75,75,75,75,75,75,75,75,75,75,75,75,75,75,75,75,75,75,75],"card_choices":[{"not_picked":["rmod:fuelsupply","rmod:steelsupply"],"picked":"rmod:guardianhero","floor":1},{"not_picked":["rmod:supportescort","rmod:diamondstrike"],"picked":"rmod:overbreakdown","floor":2},{"not_picked":["rmod:advancebysurprise","rmod:bulid"],"picked":"rmod:diamondstrike","floor":3},{"not_picked":["rmod:shuttlebombing","rmod:capitalist"],"picked":"rmod:intelligenceanalysis","floor":4},{"not_picked":["rmod:luckystar","rmod:capitalist"],"picked":"rmod:fletcherpendant","floor":5},{"not_picked":["rmod:intelligenceanalysis","rmod:smokecover"],"picked":"rmod:lonelyqueen","floor":7},{"not_picked":["rmod:intelligenceanalysis","rmod:luckystar","rmod:goodsister"],"picked":"SKIP","floor":8},{"not_picked":["rmod:aluminumsupply","rmod:diamondstrike","rmod:fuelsupply"],"picked":"SKIP","floor":11},{"not_picked":["rmod:diamondstrike","rmod:supportaircraftcarrier","rmod:intelligenceanalysis"],"picked":"SKIP","floor":12},{"not_picked":["rmod:punchline","rmod:fletcherpendant"],"picked":"rmod:circuitoustactics","floor":13},{"not_picked":["rmod:ridicule","rmod:fletcher"],"picked":"rmod:acesubmarine","floor":16},{"not_picked":["rmod:victimresponsibility","rmod:combined+1","rmod:circuitoustactics"],"picked":"SKIP","floor":18},{"not_picked":["rmod:slowdown+1","rmod:selfconfidence"],"picked":"rmod:tearstotiara+1","floor":19},{"not_picked":["rmod:firesupport","rmod:intelligenceanalysis"],"picked":"rmod:overbreakdown+1","floor":21},{"not_picked":["rmod:victimresponsibility","rmod:aluminumsupply","rmod:generalist"],"picked":"SKIP","floor":22},{"not_picked":["rmod:expedition+1","rmod:bulid","rmod:ammunitionsupply"],"picked":"SKIP","floor":24},{"not_picked":["rmod:overbreakdown","rmod:ring"],"picked":"rmod:firesupport","floor":27},{"not_picked":["rmod:ring","rmod:ammunitionsupply","rmod:fletcherpendant+1"],"picked":"SKIP","floor":29},{"not_picked":[],"picked":"rmod:goodfighter","floor":30},{"not_picked":["rmod:expeditionaryescort","rmod:windflower"],"picked":"rmod:highspeedmaneuver","floor":33},{"not_picked":["rmod:generalist","rmod:overbreakdown"],"picked":"rmod:supportescort","floor":35},{"not_picked":["rmod:sl","rmod:steelsupply","rmod:auspiciousomen"],"picked":"SKIP","floor":37},{"not_picked":["rmod:openingtorpedo","rmod:circuitoustactics+1"],"picked":"rmod:unsinkable+1","floor":38},{"not_picked":["rmod:launchingtorpedo","rmod:supportescort"],"picked":"rmod:diaomin","floor":41},{"not_picked":["rmod:unsinkable","rmod:fletcherpendant"],"picked":"rmod:mineteam","floor":45},{"not_picked":["rmod:tearstotiara","rmod:fuelsupply+1"],"picked":"rmod:lonelyqueen+1","floor":47},{"not_picked":["rmod:goodfighter","rmod:combined","rmod:supportaircraftcarrier"],"picked":"SKIP","floor":48},{"not_picked":["rmod:diamondstrike","rmod:combined"],"picked":"rmod:circuitoustactics+1","floor":54}],"player_experience":717960,"relics_obtained":[{"floor":8,"key":"TungstenRod"},{"floor":9,"key":"Bronze Scales"},{"floor":24,"key":"Mummified Hand"},{"floor":26,"key":"ReplayTheSpireMod:TigerMarble"},{"floor":31,"key":"Regal Pillow"},{"floor":38,"key":"CaptainsWheel"},{"floor":41,"key":"Toy Ornithopter"},{"floor":45,"key":"Ice Cream"},{"floor":54,"key":"Centennial Puzzle"}],"event_choices":[{"damage_healed":0,"gold_gain":0,"player_choice":"Fight","damage_taken":0,"max_hp_gain":0,"max_hp_loss":0,"event_name":"MindBloom","floor":38,"gold_loss":0},{"damage_healed":0,"gold_gain":0,"player_choice":"Ignored","damage_taken":0,"max_hp_gain":0,"max_hp_loss":0,"event_name":"OrinTheCat","floor":39,"gold_loss":0}],"is_beta":false,"boss_relics":[{"not_picked":["Empty Cage","beaked:MawFillet"],"picked":"Coffee Dripper"},{"not_picked":["ChewingGum","Black Star"],"picked":"SlaversCollar"}],"items_purged_floors":[28],"is_endless":false,"potions_floor_spawned":[2,5,8,11,16,19,21,27,33,37,38,48],"killed_by":"The Heart","ascension_level":2}}