{"host":"rbe3q8xi4jxb8cmk","time":1609115550,"event":{"mods":["BaseMod","Better Third Choice","Hermit","Jorbs\u0027s Wanderer Trilogy","Luminous","Minty Spire (QoL Compilation)","Relic Stats","Shade Mod","StSLib"],"gold_per_floor":[112,112,127,127,79,109,109,126,126,126,146,146,146,71,71,150,150,170,185,460,479,495,495,32,32,32,32,62,73,84,84,84,84,84],"floor_reached":33,"playtime":1999,"items_purged":["Strike_G"],"score":520,"play_id":"21337414-05c6-4009-906a-9c1e61b9495d","local_time":"20201228013230","is_ascension_mode":true,"campfire_choices":[{"floor":7,"key":"REST"},{"data":"Apotheosis","floor":10,"key":"SMITH"},{"floor":12,"key":"REST"},{"data":"Footwork","floor":15,"key":"SMITH"},{"floor":23,"key":"REST"},{"data":"Wraith Form v2","floor":25,"key":"SMITH"},{"floor":27,"key":"REST"},{"floor":32,"key":"REST"}],"circlet_count":0,"master_deck":["AscendersBane","Strike_G","Strike_G","Strike_G","Strike_G","Defend_G+1","Defend_G","Defend_G","Defend_G","Defend_G+1","Survivor","Neutralize","Apotheosis+1","Poisoned Stab","Crippling Poison","Deadly Poison","Dagger Spray","Blade Dance","Crippling Poison","Impatience","Footwork+1","After Image","Blur","Regret","PiercingWail","Cloak And Dagger","Wraith Form v2+1","Malaise","Acrobatics","Leg Sweep"],"relics":["Ring of the Snake","Dead Branch","FossilizedHelix","WristBlade","Gremlin Horn","Question Card","Calipers"],"acts_visited":["Exordium","TheCity"],"potions_floor_usage":[21,22,33],"damage_taken":[{"damage":12,"enemies":"Small Slimes","floor":1,"turns":4},{"damage":2,"enemies":"Jaw Worm","floor":3,"turns":4},{"damage":21,"enemies":"Gremlin Nob","floor":6,"turns":4},{"damage":0,"enemies":"Cultist","floor":8,"turns":4},{"damage":0,"enemies":"Red Slaver","floor":11,"turns":3},{"damage":0,"enemies":"Slime Boss","floor":16,"turns":8},{"damage":0,"enemies":"Spheric Guardian","floor":18,"turns":5},{"damage":0,"enemies":"2 Thieves","floor":19,"turns":3},{"damage":14,"enemies":"3 Cultists","floor":21,"turns":4},{"damage":29,"enemies":"Cultist and Chosen","floor":22,"turns":7},{"damage":60,"enemies":"Book of Stabbing","floor":28,"turns":9},{"damage":4,"enemies":"Centurion and Healer","floor":29,"turns":9},{"damage":0,"enemies":"3 Cultists","floor":30,"turns":6},{"damage":29,"enemies":"Champ","floor":33,"turns":6}],"seed_played":"5457745775204161820","potions_obtained":[{"floor":3,"key":"Ancient Potion"},{"floor":11,"key":"EssenceOfSteel"},{"floor":21,"key":"Swift Potion"},{"floor":28,"key":"Swift Potion"},{"floor":29,"key":"AttackPotion"}],"is_trial":false,"path_per_floor":["M","?","M","?","$","E","R","M","T","R","M","R","?","$","R","B",null,"M","M","?","M","M","R","$","R","T","R","E","M","M","$","R","B"],"character_chosen":"THE_SILENT","items_purchased":["Deadly Poison","Footwork","Gremlin Horn","Wraith Form v2"],"campfire_rested":5,"item_purchase_floors":[5,14,24,24],"current_hp_per_floor":[51,37,35,35,35,14,35,35,35,35,35,56,56,56,56,56,67,67,67,67,53,24,45,45,45,45,66,6,2,2,2,23,0,0],"gold":84,"neow_bonus":"RANDOM_COLORLESS_2","is_daily":false,"chose_seed":false,"campfire_upgraded":3,"win_rate":0.0,"timestamp":1609115550,"path_taken":["M","?","M","?","$","E","R","?","T","R","M","R","?","$","R","BOSS","M","M","?","M","M","R","$","R","T","R","E","M","?","?","R","BOSS"],"items_purchased_type":["Card","Card","Relic","Card"],"build_version":"2020-12-22","purchased_purges":1,"victory":false,"max_hp_per_floor":[70,70,70,70,70,70,70,70,70,70,70,70,70,70,70,70,70,70,70,70,70,70,70,70,70,70,70,70,70,70,70,70,70,70],"relic_stats":{"Gremlin Horn":[3,3],"counters":[14,76],"Dead Branch":[96],"Question Card":3,"obtain_stats":[{"Calipers":28,"WristBlade":17,"Gremlin Horn":24,"Dead Branch":6,"Question Card":26,"FossilizedHelix":9,"Ring of the Snake":0},{"Calipers":11,"WristBlade":6,"Gremlin Horn":10,"Dead Branch":3,"Question Card":10,"FossilizedHelix":4,"Ring of the Snake":0},{"Calipers":55,"WristBlade":27,"Gremlin Horn":46,"Dead Branch":12,"Question Card":46,"FossilizedHelix":16,"Ring of the Snake":0}],"Ring of the Snake":[28]},"card_choices":[{"not_picked":["The Bomb","HandOfGreed"],"picked":"Apotheosis","floor":0},{"not_picked":["Underhanded Strike","Backflip"],"picked":"Poisoned Stab","floor":1},{"not_picked":["Blade Dance","Finisher"],"picked":"Crippling Poison","floor":3},{"not_picked":["Acrobatics","Heel Hook"],"picked":"Dagger Spray","floor":6},{"not_picked":["Dodge and Roll","Caltrops"],"picked":"Blade Dance","floor":8},{"not_picked":["Deflect","Flying Knee"],"picked":"Crippling Poison","floor":11},{"not_picked":["Venomology","Doppelganger"],"picked":"After Image","floor":16},{"not_picked":["Deadly Poison","Caltrops","Acrobatics"],"picked":"SKIP","floor":18},{"not_picked":["Slice","Underhanded Strike"],"picked":"Blur","floor":19},{"not_picked":["Outmaneuver","Flechettes"],"picked":"PiercingWail","floor":21},{"not_picked":["Masterful Stab","PiercingWail+1"],"picked":"Cloak And Dagger","floor":22},{"not_picked":["Tactician","Dagger Throw","Predator"],"picked":"Malaise","floor":28},{"not_picked":["Dodge and Roll","Well Laid Plans","Deadly Poison"],"picked":"Acrobatics","floor":29},{"not_picked":["Quick Slash","Terror","Poisoned Stab+1"],"picked":"Leg Sweep","floor":30}],"player_experience":772209,"relics_obtained":[{"floor":6,"key":"Dead Branch"},{"floor":9,"key":"FossilizedHelix"},{"floor":26,"key":"Question Card"},{"floor":28,"key":"Calipers"}],"event_choices":[{"damage_healed":51,"gold_gain":0,"player_choice":"Upgrade","damage_taken":14,"max_hp_gain":0,"max_hp_loss":70,"event_name":"betterThird:BetterShining","floor":2,"gold_loss":0,"cards_upgraded":["Defend_G","Defend_G"]},{"cards_removed":["stsjorbsmod:Amnesia"],"damage_healed":0,"gold_gain":0,"player_choice":"Forget","damage_taken":0,"max_hp_gain":0,"max_hp_loss":0,"event_name":"Living Wall","floor":4,"gold_loss":0},{"damage_healed":0,"gold_gain":0,"player_choice":"1 cards matched","damage_taken":0,"max_hp_gain":0,"max_hp_loss":0,"event_name":"Match and Keep!","floor":13,"gold_loss":0,"cards_obtained":["Impatience"]},{"damage_healed":0,"gold_gain":275,"player_choice":"Desecrate","damage_taken":0,"max_hp_gain":0,"max_hp_loss":0,"event_name":"Golden Shrine","floor":20,"gold_loss":0,"cards_obtained":["Regret"]}],"is_beta":false,"boss_relics":[{"not_picked":["Black Star","Busted Crown"],"picked":"WristBlade"}],"items_purged_floors":[24],"is_endless":false,"potions_floor_spawned":[3,11,21,28,29,30],"killed_by":"Champ","ascension_level":13}}