{"host":"kiauivt48syq9iz6","time":1609137850,"event":{"mods":["BaseMod","Conspire","Downfall","Hermit","Minty Spire (QoL Compilation)","Replay The Spire","SIMod","StSLib","The Animator","The Construct","The Cursed","The Runesmith","The Servant 0.9.4"],"gold_per_floor":[118,129,129,147,147,147,157,157,157,192,192,207,47,65,65,164,164,180,195,195,155,174,174,174,207,252,276,288,59,76,4,4,100,100,110,301,14,34,34,34],"floor_reached":39,"playtime":2902,"items_purged":["Pain"],"score":451,"play_id":"af88dcf9-63a5-4c30-812a-1867912e37d9","local_time":"20201227234410","is_ascension_mode":false,"campfire_choices":[{"data":"Runesmith:HammerThrow","floor":6,"key":"SMITH"},{"data":"Runesmith:PoweredAnvil","floor":8,"key":"SMITH"},{"floor":11,"key":"REST"},{"floor":23,"key":"REST"},{"floor":28,"key":"REST"},{"floor":32,"key":"REST"}],"circlet_count":0,"master_deck":["Runesmith:Strike_RS","Runesmith:Defend_RS","Runesmith:Defend_RS","Runesmith:CraftFirestone","Runesmith:Fortify+1","Runesmith:PerfectChisel","Runesmith:HammerThrow+1","Runesmith:DoubleUp","Runesmith:HeatExchange","Runesmith:PoweredAnvil+1","Runesmith:Supernova","Runesmith:CraftProtectio","Runesmith:Refine","Runesmith:Grindstone","Runesmith:PoweredAnvil+1","Runesmith:Malloc+1","Runesmith:GenerateForcefield","Runesmith:UnstableHammer","Runesmith:Repurpose","Runesmith:RuneHurl","Runesmith:Malloc","Runesmith:GoWithTheFlow","Runesmith:EarthShield+1","Discovery","Runesmith:Permafrost","Runesmith:HammerThrow+1","Runesmith:ChargedHammer","Runesmith:ArcReactor","Runesmith:FieryHammer","ReplayTheSpireMod:Splinters","Runesmith:ShiftingStrike","Runesmith:CraftVitae","Runesmith:ChiselStab","Runesmith:BackupBattery","Parasite"],"relics":["Runesmith:BrokenRuby","Ring of Panic","Replay:Baseball","Replay:WaspNest","Empty Cage","WarpedTongs","Regal Pillow","MawBank","conspire:SlowCooker","Dream Catcher"],"acts_visited":["Exordium","TheCity","TheBeyond"],"potions_floor_usage":[19,35],"damage_taken":[{"damage":2,"enemies":"Jaw Worm","floor":1,"turns":4},{"damage":0,"enemies":"conspire:RoseBush","floor":2,"turns":3},{"damage":0,"enemies":"Cultist","floor":4,"turns":4},{"damage":3,"enemies":"3 Louse","floor":7,"turns":4},{"damage":14,"enemies":"Gremlin Nob","floor":10,"turns":4},{"damage":0,"enemies":"conspire:2 RoseBushes","floor":12,"turns":4},{"damage":13,"enemies":"Gremlin Gang","floor":14,"turns":5},{"damage":14,"enemies":"Slime Boss","floor":16,"turns":8},{"damage":11,"enemies":"Shell Parasite","floor":18,"turns":9},{"damage":14,"enemies":"3 Byrds","floor":19,"turns":4},{"damage":29,"enemies":"Shelled Parasite and Fungi","floor":22,"turns":4},{"damage":32,"enemies":"conspire:Head Lice","floor":25,"turns":9},{"damage":15,"enemies":"Chosen and Byrds","floor":27,"turns":4},{"damage":7,"enemies":"Centurion and Healer","floor":30,"turns":6},{"damage":8,"enemies":"conspire:MysteriousRune","floor":33,"turns":11},{"damage":0,"enemies":"3 Shapes","floor":35,"turns":7},{"damage":33,"enemies":"Orb Walker","floor":38,"turns":5},{"damage":41,"enemies":"Writhing Mass","floor":39,"turns":7}],"seed_played":"-4111258301310523694","potions_obtained":[{"floor":4,"key":"Regen Potion"},{"floor":10,"key":"CultistPotion"},{"floor":12,"key":"FearPotion"},{"floor":19,"key":"Elixir"},{"floor":33,"key":"Block Potion"}],"is_trial":false,"path_per_floor":["M","M","?","M","?","R","M","R","T","E","R","M","$","M","R","B",null,"M","M","?","?","M","R","?","E","T","M","R","$","M","$","R","B",null,"M","?","$","M","M"],"character_chosen":"RUNESMITH_CLASS","items_purchased":["Runesmith:Refine","Runesmith:Grindstone","Runesmith:PoweredAnvil","Discovery","Runesmith:Permafrost","Runesmith:ChargedHammer","Dream Catcher","Runesmith:CraftVitae","Runesmith:ChiselStab"],"campfire_rested":4,"item_purchase_floors":[13,13,13,29,29,31,37,37,37],"current_hp_per_floor":[68,68,68,68,68,68,65,65,65,51,70,70,70,57,70,56,70,59,59,59,59,30,51,51,19,19,4,40,40,33,33,69,61,70,70,70,70,37,0,0],"gold":34,"neow_bonus":"UPGRADE_CARD","is_daily":false,"chose_seed":false,"campfire_upgraded":2,"win_rate":0.0,"timestamp":1609137850,"path_taken":["M","M","?","M","?","R","?","R","T","E","R","M","$","M","R","BOSS","M","M","?","?","?","R","?","E","T","?","R","$","M","$","R","BOSS","M","?","$","M","?"],"items_purchased_type":["Card","Card","Card","Card","Card","Card","Relic","Card","Card"],"build_version":"2020-12-22","purchased_purges":1,"victory":false,"max_hp_per_floor":[70,70,70,70,70,70,70,70,70,70,70,70,70,70,70,70,70,70,70,70,70,70,70,70,70,70,70,70,70,70,70,70,70,70,70,70,70,70,70,70],"card_choices":[{"not_picked":["Runesmith:UnstableHammer","Runesmith:HeatExchange"],"picked":"Runesmith:PerfectChisel","floor":1},{"not_picked":["Runesmith:Prism","Runesmith:HeatedChisel"],"picked":"Runesmith:HammerThrow","floor":2},{"not_picked":["Runesmith:ShiftingStrike","Runesmith:UnstableHammer"],"picked":"Runesmith:DoubleUp","floor":4},{"not_picked":["Runesmith:HammerTime","Runesmith:HammerThrow"],"picked":"Runesmith:PoweredAnvil","floor":7},{"not_picked":["Runesmith:Discharge","Runesmith:ElementalConversion"],"picked":"Runesmith:Supernova","floor":10},{"not_picked":["Runesmith:CraftIncendium","Runesmith:EnergizedChisel"],"picked":"Runesmith:CraftProtectio","floor":12},{"not_picked":["Runesmith:NanitesCloud","Runesmith:CraftReservo"],"picked":"Runesmith:Malloc","floor":14},{"not_picked":["Runesmith:FissionHammer","Runesmith:GrandSlam"],"picked":"Runesmith:GenerateForcefield","floor":16},{"not_picked":["Runesmith:Overpower","Runesmith:HammerThrow"],"picked":"Runesmith:UnstableHammer","floor":18},{"not_picked":["Runesmith:HammerAndChisel","Runesmith:CraftVitae"],"picked":"Runesmith:Repurpose","floor":19},{"not_picked":["Runesmith:HeatExchange","Runesmith:CraftIndustria","Runesmith:Terraform"],"picked":"SKIP","floor":22},{"not_picked":["Runesmith:StaticCage","Runesmith:Permafrost"],"picked":"Runesmith:GoWithTheFlow","floor":25},{"not_picked":["Runesmith:CraftProtectio","Runesmith:RuneHurl"],"picked":"Runesmith:EarthShield+1","floor":27},{"not_picked":["Runesmith:MakeshiftArmor","Runesmith:Firewall"],"picked":"Runesmith:HammerThrow+1","floor":30},{"not_picked":["Runesmith:MetallurgicalResearch","Runesmith:CraftPrismatica"],"picked":"Runesmith:ArcReactor","floor":33},{"not_picked":["Runesmith:PerfectChisel+1","Runesmith:ChargedHammer"],"picked":"Runesmith:FieryHammer","floor":35},{"not_picked":["Runesmith:Permafrost+1","Runesmith:ElementalConversion+1"],"picked":"Runesmith:ShiftingStrike","floor":36},{"not_picked":["Runesmith:ChiselStab","Runesmith:Repurpose+1"],"picked":"Runesmith:BackupBattery","floor":38}],"player_experience":100397,"relics_obtained":[{"floor":3,"key":"Ring of Panic"},{"floor":9,"key":"Replay:Baseball"},{"floor":10,"key":"Replay:WaspNest"},{"floor":25,"key":"Regal Pillow"},{"floor":26,"key":"MawBank"}],"event_choices":[{"damage_healed":0,"gold_gain":0,"cards_transformed":["Runesmith:Strike_RS"],"player_choice":"Transformed","damage_taken":0,"max_hp_gain":0,"max_hp_loss":0,"event_name":"Transmorgrifier","floor":5,"gold_loss":0,"cards_obtained":["Runesmith:HeatExchange"]},{"damage_healed":0,"gold_gain":0,"cards_transformed":["Runesmith:Strike_RS","Runesmith:Defend_RS"],"player_choice":"Became Test Subject","damage_taken":0,"max_hp_gain":0,"max_hp_loss":0,"event_name":"Drug Dealer","floor":20,"gold_loss":0,"cards_obtained":["Runesmith:RuneHurl","Runesmith:Malloc"]},{"damage_healed":0,"gold_gain":0,"player_choice":"Upgrade","damage_taken":0,"max_hp_gain":0,"max_hp_loss":0,"event_name":"Designer","floor":21,"gold_loss":40,"cards_upgraded":["Runesmith:PoweredAnvil"]},{"damage_healed":0,"gold_gain":0,"player_choice":"Rummage","damage_taken":0,"relics_obtained":["WarpedTongs"],"max_hp_gain":0,"max_hp_loss":0,"event_name":"Accursed Blacksmith","floor":24,"gold_loss":0,"cards_obtained":["Pain"]}],"is_beta":false,"boss_relics":[{"not_picked":["Fusion Hammer","Sozu"],"picked":"Empty Cage"},{"not_picked":["Ring of Chaos","Tiny House"],"picked":"conspire:SlowCooker"}],"items_purged_floors":[29],"is_endless":false,"potions_floor_spawned":[4,10,12,16,19,27,33],"killed_by":"Writhing Mass","ascension_level":0}}