{"host":"55yei7x27djrlaep","time":1609164351,"event":{"mods":["Act Like it!","Arknights The Spire","BaseMod","Better Altar","Better Match","Better Note","Better Sensory Stone","Better Skull","Better Third Choice","BetterRewards","Colored Map","Conspire","Friendly Minions","GifTheSpireLib","Halation","Minty Spire (QoL Compilation)","Pale of the Ancients","Relic Sorter","Replay The Spire","StSLib","The Caster","The Elementalist","The Marked"],"gold_per_floor":[114,114,146,164,177,177,192,192,192,221,221,238,238,92,92,195,195,210,220,1,17,17,17,47,47,47,47,79,90,90,108,108,210,210,229,229,229,241,253,286,286,319,377,439,469,481,527,539,551,563,575,587,99,127,127],"floor_reached":56,"playtime":5797,"items_purged":["ats:Strike V","ats:Strike G","ats:Defend"],"score":1098,"play_id":"ec127485-d942-4471-8517-66de0a3a5312","local_time":"20201228170551","is_ascension_mode":false,"campfire_choices":[{"data":"ats:Automatic Cover","floor":6,"key":"SMITH"},{"data":"ats:Ambush","floor":8,"key":"SMITH"},{"data":"ats:Calcification","floor":11,"key":"SMITH"},{"data":"ats:Overload","floor":13,"key":"SMITH"},{"floor":15,"key":"RECALL"},{"data":"ats:Dogmatic Field","floor":23,"key":"SMITH"},{"data":"ats:Healing Strengthening","floor":25,"key":"SMITH"},{"data":"ats:Chain Hook","floor":32,"key":"SMITH"},{"data":"ats:Composite Medical Shells","floor":41,"key":"SMITH"},{"data":"Pot Of Greed","floor":46,"key":"SMITH"},{"data":"Pot Of Greed","floor":49,"key":"SMITH"},{"data":"Pot Of Greed","floor":52,"key":"SMITH"}],"circlet_count":0,"master_deck":["ats:Armor Crushing Shot","ats:Defend","ats:Chain Hook+1","ats:Consecutive Shot Auto","ats:Automatic Cover+1","ats:Support Order","ats:Thermite Blade","ats:Ambush+1","ats:Calcification+1","ats:Overload+1","ats:Dogmatic Field+1","ats:Composite Medical Shells","ats:Healing Strengthening+1","ats:Healing Drone","ats:Healing Drone","ats:Composite Medical Shells+1","ats:Shell Defense","ats:Sunburst","ats:Apocalypse","ats:Nebulous Foxfire","ats:Apocalypse+1","ats:Calcification","AbeCurse","ats:Counter Healing Mode+1","Pot Of Greed+1","Pot Of Greed+1","Pot Of Greed+1","ats:Spore Proliferation+1"],"relics":["ats:Sanity","ats:Originium","MealTicket","halation:Jellyphish","halation:Trompette","ReplayTheSpireMod:Shallot","Pondfish Scales","Mummified Hand","ats:Originium","Snack Pack","halation:SmartPhone","ats:Originium","The Courier","ats:Originium","conspire:Dentures","ats:Tactical Delivery","ats:Industrial Water Cannon","ats:Originium","MawBank","Grinning Jar","ats:Lavender","Replay:Bottled Eggs","InkBottle","halation:BottledLove","Ice Cream"],"acts_visited":["Exordium","TheCity","TheBeyond","TheEnding"],"potions_floor_usage":[16,16,21,24],"damage_taken":[{"damage":0,"enemies":"2 Louse","floor":1,"turns":2},{"damage":21,"enemies":"conspire:MimicChest","floor":3,"turns":7},{"damage":0,"enemies":"Jaw Worm","floor":4,"turns":3},{"damage":6,"enemies":"conspire:RoseBush","floor":5,"turns":2},{"damage":0,"enemies":"Looter","floor":7,"turns":2},{"damage":0,"enemies":"Lagavulin","floor":10,"turns":8},{"damage":0,"enemies":"Blue Slaver","floor":12,"turns":3},{"damage":18,"enemies":"Fading Forest","floor":16,"turns":11},{"damage":0,"enemies":"Chosen","floor":18,"turns":5},{"damage":1,"enemies":"3 Byrds","floor":19,"turns":7},{"damage":9,"enemies":"Snake Plant","floor":21,"turns":5},{"damage":21,"enemies":"Slavers","floor":24,"turns":5},{"damage":24,"enemies":"Book of Stabbing","floor":28,"turns":5},{"damage":18,"enemies":"3 Cultists","floor":29,"turns":6},{"damage":65,"enemies":"Shelled Parasite and Fungi","floor":31,"turns":6},{"damage":61,"enemies":"Collector","floor":33,"turns":10},{"damage":15,"enemies":"3 Darklings","floor":35,"turns":5},{"damage":0,"enemies":"Orb Walker","floor":38,"turns":4},{"damage":39,"enemies":"Maw","floor":39,"turns":9},{"damage":0,"enemies":"Reptomancer","floor":40,"turns":5},{"damage":32,"enemies":"Nemesis","floor":42,"turns":7},{"damage":39,"enemies":"Transient","floor":45,"turns":5},{"damage":105,"enemies":"R_Hoarder","floor":47,"turns":9},{"damage":80,"enemies":"Replay:Hell Engine","floor":50,"turns":11},{"damage":120,"enemies":"Shield and Spear","floor":54,"turns":7},{"damage":124,"enemies":"The Heart","floor":55,"turns":8}],"seed_played":"3119402539437272309","potions_obtained":[{"floor":3,"key":"GamblersBrew"},{"floor":4,"key":"Adrenaline Potion"},{"floor":10,"key":"DistilledChaos"},{"floor":16,"key":"ColorlessPotion"},{"floor":19,"key":"ColorlessPotion"},{"floor":21,"key":"GamblersBrew"},{"floor":29,"key":"Reflective Coating"},{"floor":35,"key":"LiquidBronze"},{"floor":45,"key":"Adrenaline Potion"}],"is_trial":false,"path_per_floor":["M","?","?","M","M","R","M","R","T","E","R","M","R","$","R_BF","B",null,"M","M","$","M","?","R","E","R","T","$","E","M","?","M","R","B",null,"M","?","?","M","M","E","R","E","T","?","M","R","E","M","R","B",null,"R","$","E","B",null],"character_chosen":"DOCTOR_CLASS","items_purchased":["halation:Jellyphish","ats:Chain Hook","ReplayTheSpireMod:Shallot","ats:Consecutive Shot Auto","MealTicket","ats:Healing Drone","ats:Composite Medical Shells","InkBottle","halation:BottledLove"],"campfire_rested":0,"item_purchase_floors":[0,0,0,0,14,20,20,53,53],"current_hp_per_floor":[40,40,19,33,27,27,27,27,27,27,27,27,27,27,27,28,86,79,84,70,81,81,81,80,80,80,86,86,86,78,65,65,86,86,86,86,86,86,59,78,78,78,70,70,70,70,86,86,86,86,86,86,86,81,84],"gold":127,"neow_bonus":"","is_daily":false,"chose_seed":false,"campfire_upgraded":11,"win_rate":0.0,"timestamp":1609164351,"path_taken":["M","?","?","M","M","R","M","R","T","E","R","M","R","?","R_BF","BOSS","M","M","$","M","?","R","E","R","T","$","E","M","?","M","R","BOSS","M","?","?","M","M","E","R","E","T","?","M","R","E","M","R","BOSS","R","$","E","BOSS"],"items_purchased_type":["Relic","Card","Relic","Card","Relic","Card","Card","Relic","Relic"],"build_version":"2020-12-22","purchased_purges":3,"victory":true,"max_hp_per_floor":[72,72,72,86,86,86,86,86,86,86,86,86,86,86,86,86,86,86,86,86,86,86,86,86,86,86,86,86,86,86,86,86,86,86,86,86,86,86,86,86,86,86,86,86,86,86,86,86,86,86,86,86,86,86,86],"card_choices":[{"not_picked":["ats:Guardian Obelisk","ats:Leaping Hammer"],"picked":"ats:Curse Doll","floor":1},{"not_picked":["ats:Flexible Camouflage","ats:Childhood Dance"],"picked":"ats:Automatic Cover","floor":3},{"not_picked":["ats:Curse Doll","ats:Song Of Battle"],"picked":"ats:Support Order","floor":4},{"not_picked":["ats:Overload","ats:Hammer On"],"picked":"ats:Thermite Blade","floor":5},{"not_picked":["ats:Steam Pump","ats:Powerful Strike"],"picked":"ats:Ambush","floor":7},{"not_picked":["ats:Explosion Area Strengthen","ats:Very Hot Blade"],"picked":"ats:Calcification","floor":10},{"not_picked":["ats:Composite Medical Shells","ats:Cat Scratch"],"picked":"ats:Overload","floor":12},{"not_picked":["ats:Durian","ats:Echo Reverb"],"picked":"ats:Dogmatic Field","floor":16},{"not_picked":["ats:Explosion Area Strengthen","ats:Poison Spread"],"picked":"ats:Composite Medical Shells","floor":18},{"not_picked":["ats:Flame Of Heaven","ats:Hammer On+1"],"picked":"ats:Healing Strengthening","floor":19},{"not_picked":["ats:Childhood Dance","ats:Assault Order+1","ats:Hammer On"],"picked":"SKIP","floor":21},{"not_picked":["ats:Consecutive Shot Auto","ats:Encircling Forest+1"],"picked":"ats:Counter Healing Mode+1","floor":24},{"not_picked":["ats:Assault Order","ats:Chain Hook"],"picked":"ats:Shell Defense","floor":28},{"not_picked":["ats:Encircling Forest","ats:Support Order","ats:Automatic Cover"],"picked":"SKIP","floor":29},{"not_picked":["ats:Flexible Camouflage","ats:Demon Strength"],"picked":"ats:Apocalypse","floor":31},{"not_picked":["ats:Shadow Assault","ats:Soul Rend"],"picked":"ats:Nebulous Foxfire","floor":33},{"not_picked":["ats:Counter Healing Mode","ats:Assault Order+1","ats:Apocalypse"],"picked":"SKIP","floor":35},{"not_picked":["ats:Curse Doll+1","ats:Hammer On+1","ats:Flexible Camouflage"],"picked":"SKIP","floor":38},{"not_picked":["ats:Hammer On","ats:Curse Doll+1"],"picked":"ats:Apocalypse+1","floor":39},{"not_picked":["ats:Cat Scratch+1","ats:Curse Doll"],"picked":"ats:Calcification","floor":40},{"not_picked":["ats:Neurotoxin","ats:Rapid Magazine+1"],"picked":"ats:Counter Healing Mode+1","floor":42},{"not_picked":["ats:Defend Order","ats:Shadow Raid+1","ats:Ignite"],"picked":"SKIP","floor":45},{"not_picked":["ats:Leaping Hammer+1","ats:Curse Doll+1","ats:Mental Burst+1"],"picked":"SKIP","floor":47},{"not_picked":["ats:Cat Scratch+1","ats:Nebulous Foxfire"],"picked":"ats:Spore Proliferation+1","floor":54}],"player_experience":400348,"relics_obtained":[{"floor":3,"key":"Pondfish Scales"},{"floor":9,"key":"Mummified Hand"},{"floor":10,"key":"ats:Originium"},{"floor":10,"key":"Snack Pack"},{"floor":24,"key":"ats:Originium"},{"floor":24,"key":"The Courier"},{"floor":28,"key":"ats:Originium"},{"floor":28,"key":"conspire:Dentures"},{"floor":40,"key":"ats:Originium"},{"floor":40,"key":"ats:Industrial Water Cannon"},{"floor":42,"key":"ats:Originium"},{"floor":42,"key":"MawBank"},{"floor":43,"key":"Grinning Jar"},{"floor":47,"key":"ats:Lavender"},{"floor":54,"key":"Ice Cream"}],"event_choices":[{"cards_removed":["ats:Dogmatic Field"],"damage_healed":0,"gold_gain":0,"player_choice":"Give","damage_taken":0,"max_hp_gain":0,"max_hp_loss":0,"event_name":"betterNote:BetterNote","floor":22,"gold_loss":0,"cards_obtained":["None"]},{"damage_healed":0,"gold_gain":0,"cards_transformed":["ats:Defend","ats:Curse Doll"],"player_choice":"Became Test Subject","damage_taken":0,"max_hp_gain":0,"max_hp_loss":0,"event_name":"Drug Dealer","floor":30,"gold_loss":0,"cards_obtained":["ats:Sunburst","ats:Song Of Battle"]},{"cards_removed":["ats:Strike C"],"damage_healed":0,"gold_gain":0,"player_choice":"Removed Attack","damage_taken":0,"max_hp_gain":0,"max_hp_loss":0,"event_name":"Falling","floor":36,"gold_loss":0},{"damage_healed":0,"gold_gain":0,"player_choice":"Ignored","damage_taken":0,"max_hp_gain":0,"max_hp_loss":0,"event_name":"Tomb of Lord Red Mask","floor":37,"gold_loss":0}],"is_beta":false,"boss_relics":[{"not_picked":["halation:LoveArrow","SacredBark"],"picked":"halation:SmartPhone"},{"not_picked":["Cursed Key","Snecko Eye"],"picked":"ats:Tactical Delivery"}],"items_purged_floors":[0,20,53],"is_endless":false,"potions_floor_spawned":[3,4,10,12,16,19,21,29,35,45],"ascension_level":0}}