{"host":"in1bhfibxveltz2y","time":1609141837,"event":{"mods":["ATMod(°¢èªMod)","Act Like it!","Arknights The Spire","BaseMod","CapriCore","Chen","Colored Powertips","Dota2Spire","Friendly Minions","Gensokyo","GungeonMod","Hallownest","KinomotoSakuraMod(Ä¾Ö®±¾Ó£)","Kiyohime£¨Çå¼§£©","Koishi","Lobotomy","LobotomyExtend","Marisa£¨ìFÓê¡¡Ä§ÀíÉ³£©","Minty Spire (QoL Compilation)","MostiFishMod","Prisma Mod","Quick Restart","Reimu£¨²©ÀöÁéÃÎ£©","Remilia£¨ÀÙÃ×ÀòÑÇ£©","Replay The Spire","RumiaBox-Â¶Ã×æ«µÄÉñÃØºÐ×Ó","Shop Mod","StSLib","The Alterego","The Bug Knight","The Gatherer","The Immortal","The Mystic","TheSwordswoman","TheWitcher","WarShipGirlsR/Õ½½¢ÉÙÅ®R mod","Yakumo Yukari mod","Youmu£¨»êÆÇÑýÃÎ£©","Yuyuko","[IsaacMod]ÒÔÈö¼âËþ","noobMod","vexMod","¡¾¹¦ÄÜMod¡¿»ìãçÖ®»·ÐÞ¸´²¹¶¡","¡¾ÒÅÎï¿¨ÅÆ¡¿REMEMod"],"gold_per_floor":[111,131,131,131,131,131,56,86,86,86,115,42,56,69,69,166,166,185,200,89,389,421,421,421,469,484,484,484,70,70,86,100,100,100,204,204,215,515,515,515,515,515,543,347,347,359,373,404,439,439,439,439,439],"floor_reached":54,"playtime":2723,"items_purged":["ats:Armor Crushing Shot","ats:Fractured Body","ats:Strike G"],"score":807,"play_id":"bb70cf59-a31d-4457-b67b-01eb39ceb521","local_time":"20201228155037","is_ascension_mode":false,"campfire_choices":[{"data":"ats:Volcano","floor":6,"key":"SMITH"},{"data":"ats:Sunburst","floor":15,"key":"SMITH"},{"data":"ats:Mental Burst","floor":27,"key":"SMITH"},{"floor":34,"key":"DIG"},{"data":"ats:Rapid Magazine","floor":42,"key":"SMITH"},{"data":"ats:Emotion Absorption","floor":51,"key":"SMITH"}],"circlet_count":0,"master_deck":["ats:Strike C","ats:Strike S","ats:Strike V","ats:Defend","ats:Defend","ats:Defend","ats:Defend","ats:Emotion Absorption+1","BettingIsNotGood","ats:Volcano+1","ats:Sunburst+1","BloodyHallows","ats:Thorns","ats:Demon Strength","ats:Very Hot Blade","ats:Shell Defense","ats:Neurotoxin","ats:Guardian Obelisk","ats:Calcification","ats:Overload","ats:Mental Burst+1","ats:Support Order","ats:Mental Burst","ats:Rapid Magazine+1","ats:Disruption Kick","ats:Flexible Camouflage+1","ats:Flame Of Heaven","ats:Ignite+1","ats:Ignite+1"],"relics":["ats:Sanity","HushsDoor","ice","REME_ComplimentaryCards","DaveBox","AT_ATBox","DoctorsRemote","LetterFromLob","Replay:Bottled Steam","RhineCircuit","MerchantsRug","ats:Originium","Dota2Spire:LotusOrb","Shuriken","Chameleon Ring","DemoMod:MonsterBlood","ats:Originium","Dream Catcher","ats:Originium","Snack Pack"],"acts_visited":["Exordium","TheCity","TheBeyond"],"potions_floor_usage":[16,16,35,35,35,48,49,49,49],"damage_taken":[{"damage":14,"enemies":"2 Louse","floor":1,"turns":2},{"damage":14,"enemies":"Small Slimes","floor":2,"turns":4},{"damage":19,"enemies":"Jaw Worm","floor":8,"turns":4},{"damage":22,"enemies":"2 Fungi Beasts","floor":11,"turns":5},{"damage":0,"enemies":"3 Louse","floor":13,"turns":1},{"damage":0,"enemies":"Gremlin Gang","floor":14,"turns":2},{"damage":18,"enemies":"Fading Forest","floor":16,"turns":11},{"damage":44,"enemies":"2 Thieves","floor":18,"turns":3},{"damage":23,"enemies":"Spheric Guardian","floor":19,"turns":4},{"damage":19,"enemies":"Centurion and Healer","floor":22,"turns":3},{"damage":0,"enemies":"Replay:Snechameleon","floor":25,"turns":4},{"damage":9,"enemies":"Chosen and Byrds","floor":26,"turns":2},{"damage":8,"enemies":"Cultist and Chosen","floor":31,"turns":3},{"damage":0,"enemies":"Centurion and Healer","floor":32,"turns":2},{"damage":25,"enemies":"Collector","floor":35,"turns":3},{"damage":0,"enemies":"Orb Walker","floor":37,"turns":2},{"damage":9,"enemies":"Reptomancer","floor":43,"turns":3},{"damage":0,"enemies":"3 Darklings","floor":46,"turns":3},{"damage":0,"enemies":"Sphere and 2 Shapes","floor":47,"turns":2},{"damage":56,"enemies":"Transient","floor":48,"turns":5},{"damage":50,"enemies":"Nemesis","floor":49,"turns":4},{"damage":36,"enemies":"Donu and Deca","floor":52,"turns":5}],"seed_played":"3414650326022850798","potions_obtained":[{"floor":2,"key":"Weak Potion"},{"floor":8,"key":"Adrenaline Potion"},{"floor":13,"key":"Dota2Spire:HealingSalve"},{"floor":14,"key":"DuplicationPotion"},{"floor":25,"key":"Dexterity Potion"},{"floor":26,"key":"SkillPotion"},{"floor":32,"key":"DuplicationPotion"},{"floor":39,"key":"Energy Potion"},{"floor":39,"key":"LiquidMemories"},{"floor":39,"key":"Regen Potion"},{"floor":48,"key":"FearPotion"}],"is_trial":false,"path_per_floor":["M","M","?","?","?","R","$","M","T","?","M","$","M","M","R","B",null,"M","M","$","?","M","PTL","PTL","E","M","R","T","$","M","M","M","?","R","B",null,"M","?","?","?","?","R","E","$","T","M","M","M","E","?","R","B",null,null],"character_chosen":"DOCTOR_CLASS","items_purchased":["ats:Mental Burst","MerchantsRug","ats:Mental Burst","Chameleon Ring","ats:Flame Of Heaven"],"campfire_rested":0,"item_purchase_floors":[12,20,29,29,44],"current_hp_per_floor":[58,44,37,37,37,37,37,20,20,20,6,6,6,72,72,62,75,33,17,17,17,83,83,83,84,80,80,80,80,80,72,72,72,79,56,100,100,100,100,100,100,100,92,92,92,93,93,110,75,75,75,44,44],"gold":439,"neow_bonus":"ONE_RANDOM_RARE_CARD","is_daily":false,"chose_seed":false,"campfire_upgraded":5,"win_rate":0.0,"timestamp":1609141837,"path_taken":["M","M","?","?","?","R","$","?","T","?","M","$","M","M","R","BOSS","M","M","$","?","M","PTL","PTL","E","M","R","T","$","?","M","M","?","R","BOSS","M","?","?","?","?","R","E","?","T","M","M","M","E","?","R","BOSS"],"items_purchased_type":["Card","Relic","Card","Relic","Card"],"build_version":"2020-12-22","purchased_purges":3,"victory":true,"max_hp_per_floor":[72,72,72,72,72,72,72,72,72,72,72,72,72,72,72,75,75,79,82,82,82,84,84,84,86,88,88,88,88,88,90,90,90,97,100,100,101,101,101,101,101,101,103,103,103,106,106,111,115,115,115,121,121],"card_choices":[{"not_picked":[],"picked":"BettingIsNotGood","floor":0},{"not_picked":["ats:Powerful Strike","ats:Revitalization"],"picked":"ats:Sunburst","floor":1},{"not_picked":["ats:Childhood Dance","Bomb"],"picked":"ats:Thorns","floor":2},{"not_picked":["ats:Cat Scratch","ats:Counter Healing Mode"],"picked":"ats:Guardian Obelisk","floor":8},{"not_picked":[],"picked":"ats:Calcification","floor":10},{"not_picked":["ats:Revitalization","ats:Demon Strength"],"picked":"ats:Overload","floor":11},{"not_picked":["ats:Flexible Camouflage","ats:Hook Shot"],"picked":"ats:Support Order","floor":13},{"not_picked":["ats:Blood Oath","Bomb","ats:Thorns"],"picked":"SKIP","floor":14},{"not_picked":["ats:Support Order","ats:Childhood Dance+1","ats:Apocalypse"],"picked":"SKIP","floor":18},{"not_picked":["ats:Assault Order","ats:Childhood Dance","ats:Curse Doll+1"],"picked":"SKIP","floor":19},{"not_picked":["ats:Flexible Camouflage","ats:Assault Order","ats:Curse Doll"],"picked":"SKIP","floor":22},{"not_picked":["ats:True Silver Slash","ats:Thorns"],"picked":"ats:Overload","floor":25},{"not_picked":["ats:Curse Doll","ats:Apocalypse","ats:Hammer On"],"picked":"SKIP","floor":26},{"not_picked":["ats:Shell Defense","ats:Hammer On+1","ats:Very Hot Blade"],"picked":"SKIP","floor":31},{"not_picked":["ats:Consecutive Shot Auto+1","ats:Childhood Dance+1","ats:Leaping Hammer"],"picked":"SKIP","floor":32},{"not_picked":["ats:Fractured Body","ats:Rat Pack"],"picked":"ats:Disruption Kick","floor":35},{"not_picked":["ats:Revitalization+1","ats:Charging Defense","ats:Curse Doll"],"picked":"SKIP","floor":37},{"not_picked":["ats:Curse Doll","ats:Volcano"],"picked":"ats:Flexible Camouflage+1","floor":43},{"not_picked":["ats:Curse Doll+1","ats:Shell Defense","ats:Poison Spread+1"],"picked":"SKIP","floor":46},{"not_picked":["ats:Assault Order+1","ats:Thermite Blade+1"],"picked":"ats:Ignite+1","floor":47},{"not_picked":["ats:Hammer On+1","ats:Poison Spread+1"],"picked":"ats:Ignite","floor":48},{"not_picked":["ats:Healing Drone","ats:Counter Healing Mode","ats:Revitalization+1"],"picked":"SKIP","floor":49}],"player_experience":139632,"relics_obtained":[{"floor":8,"key":"LetterFromLob"},{"floor":9,"key":"Replay:Bottled Steam"},{"floor":25,"key":"ats:Originium"},{"floor":25,"key":"Dota2Spire:LotusOrb"},{"floor":28,"key":"Shuriken"},{"floor":34,"key":"DemoMod:MonsterBlood"},{"floor":43,"key":"ats:Originium"},{"floor":43,"key":"Dream Catcher"},{"floor":49,"key":"ats:Originium"},{"floor":49,"key":"Snack Pack"}],"event_choices":[{"damage_healed":0,"gold_gain":0,"player_choice":"Success","damage_taken":7,"relics_obtained":["ScarletDevilRocket"],"max_hp_gain":0,"max_hp_loss":0,"event_name":"Scrap Ooze","floor":3,"gold_loss":0},{"damage_healed":0,"gold_gain":0,"player_choice":"Read","damage_taken":0,"max_hp_gain":0,"max_hp_loss":0,"event_name":"The Library","floor":33,"gold_loss":0,"cards_obtained":["ats:Rapid Magazine"]},{"damage_healed":0,"gold_gain":0,"player_choice":"Got Potions","damage_taken":0,"max_hp_gain":0,"max_hp_loss":0,"event_name":"Lab","floor":39,"gold_loss":0},{"damage_healed":0,"gold_gain":0,"player_choice":"Forge","damage_taken":0,"max_hp_gain":0,"max_hp_loss":0,"event_name":"Accursed Blacksmith","floor":50,"gold_loss":0,"cards_upgraded":["ats:Ignite"]}],"is_beta":false,"boss_relics":[{"not_picked":["Runic Dome","Replay:Drink Me"],"picked":"RhineCircuit"},{"not_picked":[]},{"not_picked":["GuanYuAspect","Transparent","Replay:Ancient Bell"]}],"items_purged_floors":[7,29,44],"is_endless":false,"potions_floor_spawned":[2,8,13,14,25,26,31,32,48],"ascension_level":0}}