{"host":"rolltorest","time":1609117012,"event":{"mods":["BaseMod","Downfall","Minty Spire (QoL Compilation)","StSLib"],"gold_per_floor":[99,114,132,42,42,42,42,57,83,103,122,140,140,173,186,287,287,62,75,88,106,91,102,102,178,178,178,178,203,203,218,234,329,329,329,346,13,74,93,118,192,219,219,219,219,219],"floor_reached":44,"playtime":2756,"items_purged":["Decay","Slimebound:Tackle+1"],"score":750,"play_id":"8169d7ce-0150-41ac-b8ec-47f9c2b2a916","local_time":"20201227165652","is_ascension_mode":true,"campfire_choices":[{"data":"hexamod:Sear","floor":1,"key":"SMITH"},{"floor":6,"key":"RECALL"},{"data":"hexamod:GhostOfSpirePresent","floor":18,"key":"SMITH"},{"data":"hexamod:GiftsFromTheDead","floor":26,"key":"SMITH"},{"data":"hexamod:EmpoweringStance","floor":30,"key":"SMITH"},{"data":"hexamod:SearingWound","floor":35,"key":"SMITH"}],"circlet_count":0,"master_deck":["hexamod:Defend","hexamod:Defend","hexamod:Defend","hexamod:Defend","hexamod:Sear+1","hexamod:Float","hexamod:NightmareStrike","hexamod:BurningTouch","hexamod:ThirdSeal","hexamod:NightmareGuise","hexamod:GhostLash","hexamod:Incineration","hexamod:NightmareGuise","hexamod:AdvancingGuard","hexamod:HauntingEcho","hexamod:GhostOfSpirePresent+1","hexamod:SearingWound+1","hexamod:PowerFromBeyond","hexamod:FirstSeal","hexamod:GiftsFromTheDead+1","hexamod:UnleashSpirits","hexamod:SuperheatedStrike+1","hexamod:GhostShield","hexamod:VolcanoVisage","hexamod:GhostflameBarrier","Slimebound:Tackle+1","Slimebound:Tackle+1","hexamod:EmpoweringStance+1","hexamod:HexaLevel","hexamod:ParanormalForm","Thinking Ahead","hexamod:ThermalTransfer+1"],"relics":["hexamod:SpiritBrand","hexamod:SoulOfChaos","Pear","Pantograph","Sundial","Runic Pyramid","downfall:HeartBlessingRed","downfall:HeartBlessingGreen","downfall:HeartBlessingBlue","Blue Candle","HornCleat","Torii","Busted Crown","Potion Belt","Bottled Flame","Guardian:PocketSentry"],"acts_visited":["Exordium","TheCity","TheBeyond"],"potions_floor_usage":[14,16,16,16,44,44,44],"damage_taken":[{"damage":0,"enemies":"Small Slimes","floor":2,"turns":3},{"damage":0,"enemies":"Cultist","floor":3,"turns":3},{"damage":0,"enemies":"downfall:FleeingMerchant","floor":4,"turns":4},{"damage":9,"enemies":"2 Louse","floor":8,"turns":3},{"damage":19,"enemies":"3 Sentries","floor":9,"turns":12},{"damage":3,"enemies":"Large Slime","floor":10,"turns":7},{"damage":1,"enemies":"Exordium Wildlife","floor":11,"turns":2},{"damage":0,"enemies":"Blue Slaver","floor":12,"turns":3},{"damage":8,"enemies":"Gremlin Nob","floor":14,"turns":3},{"damage":6,"enemies":"2 Fungi Beasts","floor":15,"turns":4},{"damage":50,"enemies":"downfall:Defect","floor":16,"turns":8},{"damage":0,"enemies":"3 Byrds","floor":19,"turns":5},{"damage":3,"enemies":"Shell Parasite","floor":20,"turns":5},{"damage":0,"enemies":"Snecko","floor":21,"turns":3},{"damage":6,"enemies":"downfall:FleeingMerchant","floor":22,"turns":4},{"damage":23,"enemies":"Centurion and Healer","floor":23,"turns":5},{"damage":3,"enemies":"Gremlin Leader","floor":29,"turns":6},{"damage":9,"enemies":"Chosen and Byrds","floor":31,"turns":4},{"damage":21,"enemies":"3 Cultists","floor":32,"turns":7},{"damage":1,"enemies":"downfall:Ironclad","floor":33,"turns":8},{"damage":9,"enemies":"3 Darklings","floor":36,"turns":6},{"damage":0,"enemies":"downfall:FleeingMerchant","floor":38,"turns":4},{"damage":0,"enemies":"Orb Walker","floor":39,"turns":3},{"damage":41,"enemies":"Nemesis","floor":40,"turns":7},{"damage":63,"enemies":"Giant Head","floor":42,"turns":9},{"damage":29,"enemies":"Reptomancer","floor":44,"turns":6}],"seed_played":"8430460988781913126","potions_obtained":[{"floor":2,"key":"Fire Potion"},{"floor":11,"key":"ColorlessPotion"},{"floor":12,"key":"Weak Potion"},{"floor":14,"key":"hexamod:EctoCoolerPotion"},{"floor":16,"key":"Strength Potion"},{"floor":21,"key":"BlessingOfTheForge"},{"floor":23,"key":"SpeedPotion"},{"floor":33,"key":"DuplicationPotion"},{"floor":40,"key":"Fire Potion"}],"is_trial":false,"path_per_floor":["R","M","M","$","?","R","T","M","E","M","M","M","T","E","M","B",null,"R","M","M","M","$","M","T","T","R","?","?","E","R","M","M","B",null,"R","M","?","$","M","E","T","E","?","E"],"character_chosen":"THE_SPIRIT","items_purchased":["Thinking Ahead"],"campfire_rested":0,"item_purchase_floors":[38],"current_hp_per_floor":[63,63,63,63,63,63,63,54,45,42,41,41,41,33,27,9,62,72,79,83,83,84,68,68,68,68,68,68,72,72,70,56,87,89,89,87,101,101,101,67,67,11,11,0,0,0],"gold":219,"neow_bonus":"ONE_RARE_RELIC","is_daily":false,"chose_seed":false,"campfire_upgraded":5,"win_rate":0.0,"timestamp":1609117012,"path_taken":["R","M","M","$","?","R","T","M","E","M","?","M","?","E","M","BOSS","R","M","?","M","$","M","T","?","R","?","?","E","R","M","M","BOSS","R","M","?","$","M","E","T","E","?","E"],"items_purchased_type":["Card"],"build_version":"2020-12-18","purchased_purges":2,"victory":false,"max_hp_per_floor":[70,70,70,70,70,70,70,70,80,80,80,80,80,80,80,80,80,90,90,90,90,90,90,90,90,90,90,90,90,90,90,90,90,90,90,90,101,101,101,101,101,101,101,101,101,101],"card_choices":[{"not_picked":["hexamod:SpectralAdrenaline","hexamod:ShieldOfDarkness"],"picked":"hexamod:NightmareStrike","floor":2},{"not_picked":["hexamod:NecessarySacrifice","hexamod:ThermalTransfer"],"picked":"hexamod:BurningTouch","floor":3},{"not_picked":["hexamod:Again","hexamod:GhostShield"],"picked":"hexamod:ThirdSeal","floor":4},{"not_picked":["hexamod:Firestarter","hexamod:HauntingEcho"],"picked":"hexamod:NightmareGuise","floor":8},{"not_picked":["hexamod:HauntingEcho","hexamod:BacktrackSmack"],"picked":"hexamod:GhostLash","floor":8},{"not_picked":["hexamod:AdvancingGuard","hexamod:GhostLash"],"picked":"hexamod:Incineration","floor":9},{"not_picked":["hexamod:ApocalypseNow","hexamod:SwordOfDarkness"],"picked":"hexamod:NightmareGuise","floor":9},{"not_picked":["hexamod:FastForward","hexamod:InspiringFlames"],"picked":"hexamod:AdvancingGuard","floor":10},{"not_picked":["hexamod:ShieldOfDarkness","hexamod:Rewind"],"picked":"hexamod:HauntingEcho","floor":10},{"not_picked":["hexamod:RecurringNightmare","hexamod:BurningTouch","hexamod:SpectralSpark"],"picked":"SKIP","floor":11},{"not_picked":["hexamod:DynamicBlow","hexamod:BurningTouch"],"picked":"hexamod:GhostOfSpirePresent","floor":12},{"not_picked":["hexamod:Firestarter","hexamod:GhostShield","hexamod:HauntingEcho"],"picked":"SKIP","floor":12},{"not_picked":["hexamod:GhostOfSpireFuture","hexamod:CatchUp"],"picked":"hexamod:SearingWound","floor":14},{"not_picked":["hexamod:GhostLash","hexamod:HeatShield","hexamod:SpectralSpark"],"picked":"SKIP","floor":14},{"not_picked":["hexamod:RainOfEmbers","hexamod:Incineration"],"picked":"hexamod:PowerFromBeyond","floor":15},{"not_picked":["hexamod:SwordOfDarkness","hexamod:Rewind"],"picked":"hexamod:FirstSeal","floor":15},{"not_picked":["hexamod:TurnItUp","hexamod:ApocalypseNow"],"picked":"hexamod:GiftsFromTheDead","floor":16},{"not_picked":["hexamod:ApocalypticArmor","hexamod:TimeWarp"],"picked":"hexamod:UnleashSpirits","floor":16},{"not_picked":["hexamod:GhostLash","hexamod:NightmareStrike"],"picked":"hexamod:SuperheatedStrike+1","floor":19},{"not_picked":["hexamod:NecessarySacrifice","hexamod:HeatMetal"],"picked":"hexamod:GhostShield","floor":19},{"not_picked":["hexamod:SpectralSpark","hexamod:SwordOfDarkness","hexamod:ShieldOfDarkness"],"picked":"SKIP","floor":20},{"not_picked":["hexamod:SwordOfDarkness","hexamod:AdvancingGuard","hexamod:HauntingEcho"],"picked":"SKIP","floor":20},{"not_picked":["hexamod:ShieldOfDarkness","hexamod:FastForward+1"],"picked":"hexamod:VolcanoVisage","floor":21},{"not_picked":["hexamod:SpectralSpark","hexamod:InspiringFlames","hexamod:Incineration"],"picked":"SKIP","floor":22},{"not_picked":["hexamod:ShieldOfDarkness","hexamod:SpectralAdrenaline","hexamod:PhantomFireball"],"picked":"SKIP","floor":22},{"not_picked":["hexamod:SwordOfDarkness+1","hexamod:BurningTouch"],"picked":"hexamod:GhostflameBarrier","floor":23},{"not_picked":["hexamod:FastForward+1","hexamod:SwordOfDarkness","hexamod:EtherealExpedition"],"picked":"SKIP","floor":23},{"not_picked":["hexamod:BurningTouch","hexamod:InspiringFlames"],"picked":"hexamod:EmpoweringStance","floor":29},{"not_picked":["hexamod:BurningTouch","hexamod:FourthSeal","hexamod:FlamesFromBeyond"],"picked":"SKIP","floor":29},{"not_picked":["hexamod:Firestarter","hexamod:ShieldOfDarkness","hexamod:ApocalypticArmor"],"picked":"SKIP","floor":31},{"not_picked":["hexamod:ShieldOfDarkness+1","hexamod:BacktrackSmack","hexamod:InspiringFlames"],"picked":"SKIP","floor":31},{"not_picked":["hexamod:GhostLash+1","hexamod:ThirdSeal","hexamod:HeatShield"],"picked":"SKIP","floor":32},{"not_picked":["hexamod:RadiantFlame","hexamod:RainOfEmbers","hexamod:AdvancingGuard"],"picked":"SKIP","floor":32},{"not_picked":["hexamod:Toasty","hexamod:SearingWound"],"picked":"hexamod:HexaLevel","floor":33},{"not_picked":["hexamod:VolcanoVisage","hexamod:ApocalypticArmor"],"picked":"hexamod:ParanormalForm","floor":33},{"not_picked":["hexamod:GhostShield"],"picked":"SKIP","floor":36},{"not_picked":["hexamod:GhostShield"],"picked":"SKIP","floor":38},{"not_picked":[],"picked":"hexamod:ThermalTransfer+1","floor":39},{"not_picked":["hexamod:NightmareGuise+1"],"picked":"SKIP","floor":39},{"not_picked":["hexamod:RainOfEmbers+1"],"picked":"SKIP","floor":40},{"not_picked":["hexamod:PhantomCloak+1"],"picked":"SKIP","floor":40},{"not_picked":["hexamod:GhostLash"],"picked":"SKIP","floor":42}],"player_experience":1826758,"relics_obtained":[{"floor":9,"key":"Pear"},{"floor":13,"key":"Pantograph"},{"floor":14,"key":"Sundial"},{"floor":24,"key":"Blue Candle"},{"floor":25,"key":"HornCleat"},{"floor":29,"key":"Torii"},{"floor":40,"key":"Potion Belt"},{"floor":41,"key":"Bottled Flame"},{"floor":42,"key":"Guardian:PocketSentry"}],"event_choices":[{"cards_removed":["hexamod:Strike"],"damage_healed":0,"gold_gain":0,"player_choice":"Purged","damage_taken":0,"max_hp_gain":0,"max_hp_loss":0,"event_name":"Purifier","floor":5,"gold_loss":0}],"is_beta":true,"boss_relics":[{"not_picked":["Astrolabe","Sozu"],"picked":"Runic Pyramid"},{"not_picked":["Velvet Choker","Empty Cage"],"picked":"Busted Crown"}],"items_purged_floors":[4,38],"is_endless":false,"potions_floor_spawned":[2,11,12,14,16,21,23,32,33,40],"killed_by":"Reptomancer","ascension_level":7}}