{"host":"bzg9y3flbaqjj1j7","time":1609181955,"event":{"mods":["AchievementEnabler","Aspiration","BaseMod","Better Third Choice","Challenge The Spire","Hubris","Hyrulean Relics","Infinite Spire","Lobotomy","LobotomyExtend","Marisa????????","Marked Mod","Minty Spire (QoL Compilation)","Permanent Neow","Rare Cards Sparkle","Reimu??????","Remilia??????","Replay The Spire","Shade Mod","Shop Mod","StSLib","The Administrix","The Alterego","The Blue Laboratory","The Fake Hero","Waifu the Spire"],"gold_per_floor":[518,533,543,543,0,0,0],"floor_reached":6,"playtime":668,"items_purged":[],"score":36,"play_id":"44a93bdc-f65a-4914-bdcc-c9774e1d1448","local_time":"20201228152915","is_ascension_mode":false,"campfire_choices":[],"circlet_count":0,"master_deck":["luka_mod:StrikeLukaOne","luka_mod:StrikeLukaTwo","luka_mod:StrikeLukaThree","luka_mod:StrikeLukaFour","luka_mod:StrikeLukaFive","luka_mod:StrikeLukaSix","luka_mod:Salt","luka_mod:Guard","luka_mod:Wait","luka_mod:Edging","luka_mod:FlailWildly","luka_mod:Meditation+1","luka_mod:Surrender","Wellcheers","luka_mod:SmallBody","BigBadWolf"],"relics":["luka_mod:KeepsakeRing","CogitoBucket","LetterFromLob","infinitespire:EmpoweringShard","Mango"],"acts_visited":["Exordium"],"potions_floor_usage":[],"damage_taken":[{"damage":10,"enemies":"2 Louse","floor":1,"turns":3},{"damage":18,"enemies":"Jaw Worm","floor":2,"turns":5},{"damage":6,"enemies":"Small Slimes","floor":3,"turns":3},{"damage":26,"enemies":"3 Sentries","floor":6,"turns":4}],"seed_played":"-5964095628806679716","potions_obtained":[{"floor":2,"key":"Elixir"},{"floor":3,"key":"Venom Potion"}],"is_trial":false,"path_per_floor":["M","M","M","?","$","E"],"character_chosen":"LUKA_CLASS","items_purchased":["infinitespire:EmpoweringShard","Mango"],"campfire_rested":0,"item_purchase_floors":[5,5],"current_hp_per_floor":[40,30,27,27,41,15,15],"gold":0,"neow_bonus":"","is_daily":false,"chose_seed":false,"campfire_upgraded":0,"win_rate":0.0,"timestamp":1609181955,"path_taken":["M","M","M","?","$","E"],"items_purchased_type":["Relic","Relic"],"build_version":"2020-12-22","purchased_purges":0,"victory":false,"max_hp_per_floor":[40,40,40,40,54,54,54],"card_choices":[{"not_picked":["BeautyBeast","VoidDream","Scorched"],"picked":"Singing Bowl","floor":1},{"not_picked":["PunishingBird","BigBird"],"picked":"Wellcheers","floor":1},{"not_picked":["luka_mod:Calm","luka_mod:SereneDemonSword","luka_mod:Struggle"],"picked":"SKIP","floor":1},{"not_picked":["luka_mod:GuardedStrike","luka_mod:Overexert"],"picked":"luka_mod:SmallBody","floor":2},{"not_picked":["MHz","CrumblingArmor","Murderer"],"picked":"Singing Bowl","floor":2},{"not_picked":["UniverseFragment","LittlePrince","VoidDream"],"picked":"Singing Bowl","floor":3},{"not_picked":["CrumblingArmor","SpiderBud"],"picked":"BigBadWolf","floor":3},{"not_picked":["luka_mod:BladeOfHowlingWind","luka_mod:PeacePreach","luka_mod:RestrictedStrike"],"picked":"SKIP","floor":3}],"player_experience":127995,"relics_obtained":[{"floor":1,"key":"LetterFromLob"}],"event_choices":[],"is_beta":false,"boss_relics":[],"items_purged_floors":[],"is_endless":false,"potions_floor_spawned":[2,3],"killed_by":"3 Sentries","ascension_level":0}}