{"host":"a1eatafr7pisesky","time":1609165109,"event":{"mods":["BaseMod","Colored Map","DeckTracker","Highlight Path","Keyboard Shortcuts","Minty Spire (QoL Compilation)","Permanent Neow","Random Character Button","StSLib","SuperFastMode","everything is the same but u backflip on backflip"],"gold_per_floor":[110,121,135,149,167,167,92,92,92,119,138,150,150,150,150,251,251,261,280,308,13,24,24,24],"floor_reached":23,"playtime":918,"items_purged":["Strike_B","Strike_B"],"score":254,"play_id":"a148ce62-1b3c-49e4-8fd6-ecce7715bf62","local_time":"20201228231829","is_ascension_mode":true,"campfire_choices":[{"floor":6.0,"key":"REST"},{"data":"Genetic Algorithm","floor":15.0,"key":"SMITH"}],"circlet_count":0,"master_deck":["Strike_B","Defend_B","Defend_B","Defend_B","Defend_B","Zap","Dualcast","Creative AI","Ball Lightning","Glacier","Genetic Algorithm+1","Conserve Battery","Cold Snap","Compile Driver","Turbo","Echo Form","Barrage+1","Self Repair","White Noise"],"relics":["Cracked Core","Blue Candle","Orichalcum","Gremlin Horn","Sozu","Red Mask","Runic Capacitor"],"acts_visited":["Exordium","TheCity"],"potions_floor_usage":[23],"damage_taken":[{"damage":2.0,"enemies":"Jaw Worm","floor":1.0,"turns":3.0},{"damage":0.0,"enemies":"Small Slimes","floor":2.0,"turns":2.0},{"damage":7.0,"enemies":"2 Louse","floor":3.0,"turns":2.0},{"damage":10.0,"enemies":"Blue Slaver","floor":4.0,"turns":4.0},{"damage":14.0,"enemies":"Red Slaver","floor":5.0,"turns":4.0},{"damage":3.0,"enemies":"Lagavulin","floor":10.0,"turns":7.0},{"damage":15.0,"enemies":"3 Louse","floor":11.0,"turns":3.0},{"damage":7.0,"enemies":"Exordium Thugs","floor":12.0,"turns":4.0},{"damage":15.0,"enemies":"Hexaghost","floor":16.0,"turns":11.0},{"damage":16.0,"enemies":"Shell Parasite","floor":18.0,"turns":8.0},{"damage":24.0,"enemies":"2 Thieves","floor":19.0,"turns":5.0},{"damage":17.0,"enemies":"Masked Bandits","floor":20.0,"turns":5.0},{"damage":0.0,"enemies":"Snake Plant","floor":22.0,"turns":4.0},{"damage":16,"enemies":"Gremlin Leader","floor":23,"turns":3}],"seed_played":"-1856540793593749778","potions_obtained":[{"floor":1.0,"key":"Dexterity Potion"},{"floor":4.0,"key":"DuplicationPotion"},{"floor":5.0,"key":"GamblersBrew"}],"is_trial":false,"path_per_floor":["M","M","M","M","M","R","$","?","T","E","M","M","?","?","R","B",null,"M","M","?","$","M","E"],"character_chosen":"DEFECT","items_purchased":["Runic Capacitor","Self Repair"],"campfire_rested":1,"item_purchase_floors":[21,21],"current_hp_per_floor":[66,66,59,49,35,57,57,50,50,47,32,25,30,27,27,12,63,47,23,6,6,13,0,0],"gold":24,"neow_bonus":"ONE_RANDOM_RARE_CARD","is_daily":false,"chose_seed":false,"campfire_upgraded":1,"win_rate":0.0,"timestamp":1609165109,"path_taken":["M","M","M","M","M","R","$","?","T","E","M","M","?","?","R","BOSS","M","M","?","$","M","E"],"items_purchased_type":["Relic","Card"],"build_version":"2020-12-22","purchased_purges":2,"victory":false,"max_hp_per_floor":[75,75,75,75,75,75,75,75,75,75,75,75,80,80,80,80,80,80,80,80,80,80,80,80],"card_choices":[{"not_picked":["Static Discharge","Defragment"],"picked":"Ball Lightning","floor":1.0},{"not_picked":["Rebound","Redo"],"picked":"Glacier","floor":2.0},{"not_picked":["Double Energy","Hello World"],"picked":"Genetic Algorithm","floor":3.0},{"not_picked":["Coolheaded","Cold Snap"],"picked":"Conserve Battery","floor":4.0},{"not_picked":["Hologram","Beam Cell"],"picked":"Cold Snap","floor":5.0},{"not_picked":["Scrape","Rebound","Hologram"],"picked":"SKIP","floor":10.0},{"not_picked":["Melter","Beam Cell"],"picked":"Compile Driver","floor":11.0},{"not_picked":["Undo","Double Energy"],"picked":"Turbo","floor":12.0},{"not_picked":["Buffer","Meteor Strike"],"picked":"Echo Form","floor":16.0},{"not_picked":["Redo","Gash","Darkness"],"picked":"SKIP","floor":18.0},{"not_picked":["Stack+1","Hologram","Double Energy"],"picked":"SKIP","floor":19.0},{"not_picked":["Hello World","Coolheaded+1"],"picked":"Barrage+1","floor":20.0},{"not_picked":["Hyperbeam","Streamline+1"],"picked":"White Noise","floor":22.0}],"player_experience":264912,"relics_obtained":[{"floor":9.0,"key":"Blue Candle"},{"floor":10.0,"key":"Orichalcum"},{"floor":20.0,"key":"Red Mask"}],"event_choices":[{"cards_removed":["Strike_B"],"damage_healed":0.0,"max_hp_gain":0.0,"max_hp_loss":0.0,"gold_gain":0.0,"event_name":"Golden Wing","player_choice":"Card Removal","floor":8.0,"gold_loss":0.0,"damage_taken":7.0},{"damage_healed":0.0,"max_hp_gain":5.0,"max_hp_loss":0.0,"gold_gain":0.0,"event_name":"Big Fish","player_choice":"Donut","floor":13.0,"gold_loss":0.0,"damage_taken":0.0},{"damage_healed":0.0,"max_hp_gain":0.0,"max_hp_loss":0.0,"gold_gain":0.0,"event_name":"Scrap Ooze","player_choice":"Success","floor":14.0,"gold_loss":0.0,"damage_taken":3.0,"relics_obtained":["Gremlin Horn"]},{"damage_healed":0.0,"max_hp_gain":0.0,"max_hp_loss":0.0,"gold_gain":0.0,"event_name":"Masked Bandits","player_choice":"Fought Bandits","floor":20.0,"gold_loss":0.0,"damage_taken":0.0}],"is_beta":false,"boss_relics":[{"not_picked":["Runic Dome","Coffee Dripper"],"picked":"Sozu"}],"items_purged_floors":[7,21],"is_endless":false,"potions_floor_spawned":[1,4,5,10,11,19,22],"killed_by":"Gremlin Leader","ascension_level":6}}