{"host":"7mrmd33mpx7q5wx9","time":1609161214,"event":{"mods":["AchievementEnabler","BaseMod","BetterRewards","Colored Map","Defuse TimeMaze Blight","Minty Spire (QoL Compilation)","Permanent Neow","Quick Restart","StSLib"],"gold_per_floor":[119,129,2,15,15,40,59,89,161,178,204,221,250,8,8,104,104,122,135,135,149,164,191,202,202,273,306,324,357,282,310,310,415,415,425,452,452,465,483,518,518,549,549,561,561,561,588,598,598,598],"floor_reached":51,"playtime":2887,"items_purged":["Strike_P"],"score":1368,"play_id":"a0e37bac-780c-4b72-b903-a4fc39585924","local_time":"20201228071334","is_ascension_mode":true,"campfire_choices":[{"data":"BattleHymn","floor":15,"key":"SMITH"},{"data":"1","floor":32,"key":"LIFT"},{"data":"2","floor":41,"key":"LIFT"},{"data":"3","floor":45,"key":"LIFT"},{"data":"Devotion","floor":49,"key":"SMITH"}],"circlet_count":0,"master_deck":["Strike_P","Strike_P","Strike_P","Defend_P","Defend_P","Eruption+1","Vigilance+1","BattleHymn+1","CutThroughFate","Conclude+1","InnerPeace","FlyingSleeves","Protect","BowlingBash","Meditate+1","Wallop","Weave","EmptyFist","Vault+1","Protect","Wallop","LessonLearned","ThirdEye+1","Devotion+1","FlurryOfBlows","SpiritShield","Halt+1","Vault+1","Scrawl+1","Devotion","CarveReality","Evaluate+1","Crescendo+1","WheelKick+1","Parasite"],"relics":["PureWater","Vajra","Gambling Chip","Mummified Hand","Singing Bowl","Torii","Tiny Chest","Pantograph","Eternal Feather","Unceasing Top","Mercury Hourglass","Coffee Dripper","Damaru","Yang","War Paint","Girya","Potion Belt","Velvet Choker","Nunchaku","Pear","Dream Catcher","Bottled Tornado","Question Card"],"acts_visited":["Exordium","TheCity","TheBeyond"],"potions_floor_usage":[22,29,31,31,50,50],"damage_taken":[{"damage":0,"enemies":"Cultist","floor":1,"turns":2},{"damage":3,"enemies":"2 Louse","floor":2,"turns":2},{"damage":2,"enemies":"Jaw Worm","floor":4,"turns":3},{"damage":2,"enemies":"3 Sentries","floor":6,"turns":2},{"damage":0,"enemies":"Exordium Wildlife","floor":7,"turns":1},{"damage":11,"enemies":"Lagavulin","floor":8,"turns":6},{"damage":0,"enemies":"Large Slime","floor":10,"turns":2},{"damage":0,"enemies":"Gremlin Nob","floor":11,"turns":2},{"damage":0,"enemies":"2 Fungi Beasts","floor":12,"turns":1},{"damage":1,"enemies":"3 Sentries","floor":13,"turns":3},{"damage":0,"enemies":"Slime Boss","floor":16,"turns":4},{"damage":0,"enemies":"Shell Parasite","floor":18,"turns":3},{"damage":0,"enemies":"Chosen","floor":19,"turns":2},{"damage":0,"enemies":"3 Cultists","floor":21,"turns":5},{"damage":9,"enemies":"Centurion and Healer","floor":22,"turns":3},{"damage":1,"enemies":"Slavers","floor":23,"turns":3},{"damage":0,"enemies":"Snecko","floor":24,"turns":4},{"damage":12,"enemies":"Gremlin Leader","floor":27,"turns":5},{"damage":0,"enemies":"Snake Plant","floor":28,"turns":3},{"damage":9,"enemies":"Slavers","floor":29,"turns":7},{"damage":8,"enemies":"Book of Stabbing","floor":31,"turns":5},{"damage":6,"enemies":"Collector","floor":33,"turns":7},{"damage":1,"enemies":"Orb Walker","floor":35,"turns":4},{"damage":0,"enemies":"3 Darklings","floor":38,"turns":3},{"damage":21,"enemies":"Spire Growth","floor":39,"turns":4},{"damage":1,"enemies":"Giant Head","floor":40,"turns":7},{"damage":0,"enemies":"Nemesis","floor":42,"turns":4},{"damage":0,"enemies":"Jaw Worm Horde","floor":44,"turns":2},{"damage":0,"enemies":"Giant Head","floor":47,"turns":4},{"damage":0,"enemies":"Writhing Mass","floor":48,"turns":4},{"damage":42,"enemies":"Time Eater","floor":50,"turns":6}],"seed_played":"-4680459467767046909","potions_obtained":[{"floor":4,"key":"SmokeBomb"},{"floor":6,"key":"Regen Potion"},{"floor":12,"key":"Fire Potion"},{"floor":13,"key":"DuplicationPotion"},{"floor":22,"key":"SkillPotion"},{"floor":39,"key":"GamblersBrew"},{"floor":40,"key":"BlessingOfTheForge"},{"floor":42,"key":"LiquidBronze"}],"is_trial":false,"path_per_floor":["M","M","$","M","?","E","M","E","T","M","E","M","E","$","R","B",null,"M","M","?","M","M","E","M","?","T","E","M","E","?","E","R","B",null,"M","T","?","M","M","E","R","E","T","M","R","?","E","M","R","B",null],"character_chosen":"WATCHER","items_purchased":["BattleHymn","Vajra","CutThroughFate","Conclude","Mummified Hand","Protect","Mercury Hourglass"],"campfire_rested":0,"item_purchase_floors":[0,0,0,0,0,3,14],"current_hp_per_floor":[58,55,55,53,53,53,53,42,42,44,44,46,45,45,57,78,78,78,78,78,78,71,70,70,55,55,43,43,34,34,35,53,72,85,84,84,84,86,65,74,92,94,94,94,99,94,96,98,98,56],"gold":598,"neow_bonus":"","is_daily":false,"chose_seed":false,"campfire_upgraded":2,"win_rate":0.0,"timestamp":1609161214,"path_taken":["M","M","$","?","?","E","M","E","T","M","E","M","E","$","R","BOSS","M","M","?","M","M","E","M","?","T","E","M","E","?","E","R","BOSS","M","?","?","M","?","E","R","E","T","M","R","?","E","M","R","BOSS"],"items_purchased_type":["Card","Relic","Card","Card","Relic","Card","Relic"],"build_version":"2020-12-22","purchased_purges":1,"victory":true,"max_hp_per_floor":[72,72,72,72,72,74,74,74,74,76,76,78,78,78,78,78,78,78,78,78,78,80,80,80,85,85,85,85,85,85,85,85,85,85,85,85,85,87,87,97,97,99,99,99,99,94,96,98,98,98],"card_choices":[{"not_picked":["Halt","JustLucky"],"picked":"InnerPeace","floor":1},{"not_picked":["Vengeance","Halt"],"picked":"FlyingSleeves","floor":2},{"not_picked":["Prostrate","EmptyFist"],"picked":"BowlingBash","floor":4},{"not_picked":["JustLucky","FlyingSleeves","Evaluate"],"picked":"Singing Bowl","floor":6},{"not_picked":["Worship","JustLucky"],"picked":"Meditate","floor":7},{"not_picked":["LikeWater","MasterReality"],"picked":"Wallop","floor":8},{"not_picked":["Swivel","PathToVictory","FollowUp"],"picked":"Singing Bowl","floor":10},{"not_picked":["Worship","Fasting2"],"picked":"Weave","floor":11},{"not_picked":["Prostrate","WaveOfTheHand","Collect"],"picked":"Singing Bowl","floor":12},{"not_picked":["Protect","Indignation"],"picked":"EmptyFist","floor":13},{"not_picked":["SpiritShield","Scrawl"],"picked":"Vault","floor":16},{"not_picked":["FearNoEvil","Halt"],"picked":"Protect","floor":18},{"not_picked":["Consecrate","BowlingBash"],"picked":"Wallop","floor":19},{"not_picked":["Halt+1","CarveReality"],"picked":"ThirdEye+1","floor":21},{"not_picked":["ThirdEye+1","Collect","Evaluate"],"picked":"Singing Bowl","floor":22},{"not_picked":["Indignation","SignatureMove"],"picked":"Devotion","floor":23},{"not_picked":["InnerPeace","Sanctity"],"picked":"FlurryOfBlows","floor":24},{"not_picked":["JustLucky","InnerPeace"],"picked":"SpiritShield","floor":27},{"not_picked":["Protect","Prostrate+1"],"picked":"Halt+1","floor":28},{"not_picked":["EmptyFist","LikeWater+1"],"picked":"Vault","floor":29},{"not_picked":["FollowUp","PathToVictory"],"picked":"Scrawl","floor":31},{"not_picked":["MasterReality","Ragnarok"],"picked":"Devotion","floor":33},{"not_picked":["ReachHeaven+1","Consecrate"],"picked":"CarveReality","floor":35},{"not_picked":["JustLucky+1","Consecrate","SashWhip+1"],"picked":"Singing Bowl","floor":38},{"not_picked":["FlyingSleeves","Consecrate"],"picked":"Evaluate+1","floor":39},{"not_picked":["Conclude+1","Prostrate"],"picked":"Crescendo+1","floor":40},{"not_picked":["Wallop+1","Study+1","EmptyFist+1"],"picked":"Singing Bowl","floor":42},{"not_picked":["Conclude+1","Adaptation+1"],"picked":"WheelKick+1","floor":44},{"not_picked":["Weave","LikeWater+1","Prostrate"],"picked":"Singing Bowl","floor":47},{"not_picked":["FlyingSleeves+1","CrushJoints","Pray+1","ThirdEye"],"picked":"Singing Bowl","floor":48}],"player_experience":377562,"relics_obtained":[{"floor":6,"key":"Torii"},{"floor":8,"key":"Tiny Chest"},{"floor":9,"key":"Pantograph"},{"floor":11,"key":"Eternal Feather"},{"floor":13,"key":"Unceasing Top"},{"floor":23,"key":"Damaru"},{"floor":26,"key":"Yang"},{"floor":27,"key":"War Paint"},{"floor":29,"key":"Girya"},{"floor":31,"key":"Potion Belt"},{"floor":36,"key":"Nunchaku"},{"floor":40,"key":"Pear"},{"floor":42,"key":"Dream Catcher"},{"floor":43,"key":"Bottled Tornado"},{"floor":47,"key":"Question Card"}],"event_choices":[{"damage_healed":0,"gold_gain":0,"player_choice":"Grow","damage_taken":0,"max_hp_gain":0,"max_hp_loss":0,"event_name":"Living Wall","floor":5,"gold_loss":0,"cards_upgraded":["Eruption"]},{"damage_healed":0,"gold_gain":0,"player_choice":"Read","damage_taken":0,"max_hp_gain":0,"max_hp_loss":0,"event_name":"The Library","floor":20,"gold_loss":0,"cards_obtained":["LessonLearned"]},{"damage_healed":0,"gold_gain":0,"player_choice":"Shed Blood","damage_taken":20,"max_hp_gain":5,"max_hp_loss":0,"event_name":"Forgotten Altar","floor":25,"gold_loss":0},{"cards_removed":["Defend_P"],"damage_healed":0,"gold_gain":0,"player_choice":"Gave Gold","damage_taken":0,"max_hp_gain":0,"max_hp_loss":0,"event_name":"Beggar","floor":30,"gold_loss":75},{"cards_removed":["Defend_P"],"damage_healed":0,"gold_gain":0,"player_choice":"Removed Skill","damage_taken":0,"max_hp_gain":0,"max_hp_loss":0,"event_name":"Falling","floor":37,"gold_loss":0},{"damage_healed":0,"gold_gain":0,"player_choice":"Max HP","damage_taken":0,"max_hp_gain":0,"max_hp_loss":5,"event_name":"Winding Halls","floor":46,"gold_loss":0}],"is_beta":false,"boss_relics":[{"not_picked":["HolyWater","Calling Bell"],"picked":"Coffee Dripper"},{"not_picked":["Tiny House","Cursed Key"],"picked":"Velvet Choker"}],"items_purged_floors":[3],"is_endless":false,"potions_floor_spawned":[4,6,12,13,16,19,22,23,28,39,40,42],"ascension_level":3}}