{"host":"Ansgar","time":1609126351,"event":{"mods":["AchievementEnabler","BaseMod","Colored Map","Highlight Path","Minty Spire (QoL Compilation)","Relic Stats","StSLib"],"gold_per_floor":[361,511,511,527,527,527,6,38,65,65,113,38,68,103,103,182,182,218,218,218,61,61,61,61,93,93,103,115,147,147,147,147,218,218,228,238,238,238],"floor_reached":37,"playtime":2413,"items_purged":["Injury","Writhe"],"score":790,"play_id":"e2d19d1c-e497-46b2-87ab-0a27696e7281","local_time":"20201228043231","is_ascension_mode":true,"campfire_choices":[{"data":"Loop","floor":6.0,"key":"SMITH"},{"floor":10.0,"key":"REST"},{"floor":15.0,"key":"REST"},{"floor":23.0,"key":"REST"},{"floor":24.0,"key":"REST"},{"floor":32,"key":"REST"}],"circlet_count":0,"master_deck":["AscendersBane","Strike_B","Strike_B","Strike_B","Strike_B","Defend_B","Defend_B","Defend_B","Defend_B","Zap","Dualcast","Chill","Loop+1","HandOfGreed","Doom and Gloom","Hologram","Coolheaded","Coolheaded","Self Repair","Glacier","Buffer","Glacier+1","Necronomicurse","Shame","Conserve Battery","Capacitor","Conserve Battery","Blizzard","Core Surge","Buffer","Redo+1","Creative AI","Go for the Eyes+1","Heatsinks"],"relics":["Cracked Core","Pear","Turnip","Ancient Tea Set","Dream Catcher","Juzu Bracelet","Velvet Choker","WingedGreaves","Necronomicon","Tiny Chest","Cables","Bird Faced Urn","Cursed Key"],"acts_visited":["Exordium","TheCity","TheBeyond"],"potions_floor_usage":[33],"damage_taken":[{"damage":6.0,"enemies":"Small Slimes","floor":1.0,"turns":3.0},{"damage":2.0,"enemies":"2 Louse","floor":4.0,"turns":3.0},{"damage":42.0,"enemies":"Lagavulin","floor":8.0,"turns":6.0},{"damage":8.0,"enemies":"3 Sentries","floor":11.0,"turns":8.0},{"damage":5.0,"enemies":"Jaw Worm","floor":13.0,"turns":4.0},{"damage":0.0,"enemies":"2 Fungi Beasts","floor":14.0,"turns":3.0},{"damage":22.0,"enemies":"Slime Boss","floor":16.0,"turns":5.0},{"damage":49.0,"enemies":"Chosen","floor":18.0,"turns":10.0},{"damage":35.0,"enemies":"Book of Stabbing","floor":25.0,"turns":7.0},{"damage":6.0,"enemies":"Shell Parasite","floor":27.0,"turns":7.0},{"damage":24,"enemies":"Chosen and Byrds","floor":28,"turns":6},{"damage":5,"enemies":"Cultist and Chosen","floor":29,"turns":9},{"damage":42,"enemies":"Automaton","floor":33,"turns":13},{"damage":14,"enemies":"Orb Walker","floor":35,"turns":3},{"damage":39,"enemies":"3 Darklings","floor":36,"turns":9},{"damage":89,"enemies":"Transient","floor":37,"turns":6}],"seed_played":"-8832112438298429634","potions_obtained":[{"floor":1.0,"key":"AttackPotion"},{"floor":8.0,"key":"GamblersBrew"},{"floor":18.0,"key":"Dexterity Potion"},{"floor":29,"key":"Block Potion"}],"is_trial":false,"path_per_floor":["M","?","?","M","?","R","$","E","T","R","E","$","M","M","R","B",null,"M","?","?","$","?","R","R","E","T","M","M","M","?","?","R","B",null,"M","M","M"],"character_chosen":"DEFECT","items_purchased":["Turnip","HandOfGreed","Fire Potion"],"campfire_rested":5,"item_purchase_floors":[7,7,21],"current_hp_per_floor":[58,58,58,56,61,61,61,19,19,43,35,35,30,30,54,39,71,29,29,8,8,8,32,56,28,28,37,28,38,38,54,78,46,72,62,31,0,0],"gold":238,"neow_bonus":"TWO_FIFTY_GOLD","is_daily":false,"chose_seed":false,"campfire_upgraded":1,"win_rate":0.0,"timestamp":1609126351,"path_taken":["M","?","?","M","?","R","$","E","T","R","E","$","M","M","R","BOSS","M","?","?","$","?","R","R","E","T","M","M","M","?","?","R","BOSS","M","M","M"],"items_purchased_type":["Relic","Card","Potion"],"build_version":"2020-12-18","purchased_purges":2,"victory":false,"max_hp_per_floor":[71,71,71,71,81,81,81,81,81,81,81,81,81,81,81,81,81,81,81,81,81,81,81,81,81,81,81,81,81,81,81,81,81,81,81,81,81,81],"relic_stats":{"Dream Catcher":5,"counters":[16,102],"Bird Faced Urn":[51],"Tiny Chest":0,"Turnip":[10],"Juzu Bracelet":1,"Necronomicon":[18],"Cursed Key":0,"obtain_stats":[{"Pear":5,"Velvet Choker":17,"Juzu Bracelet":11,"Ancient Tea Set":8,"Cursed Key":34,"Cables":25,"Dream Catcher":9,"Bird Faced Urn":26,"Tiny Chest":22,"Turnip":7,"WingedGreaves":19,"Necronomicon":20,"Cracked Core":0},{"Pear":2,"Velvet Choker":7,"Juzu Bracelet":4,"Ancient Tea Set":3,"Cursed Key":13,"Cables":9,"Dream Catcher":3,"Bird Faced Urn":9,"Tiny Chest":8,"Turnip":2,"WingedGreaves":8,"Necronomicon":8,"Cracked Core":0},{"Pear":6,"Velvet Choker":32,"Juzu Bracelet":20,"Ancient Tea Set":12,"Cursed Key":84,"Cables":49,"Dream Catcher":12,"Bird Faced Urn":49,"Tiny Chest":42,"Turnip":6,"WingedGreaves":42,"Necronomicon":42,"Cracked Core":0}],"Cables":[47,11,28,8,0]},"card_choices":[{"not_picked":["Chaos","Redo"],"picked":"Chill","floor":1.0},{"not_picked":["Barrage","Go for the Eyes"],"picked":"Loop","floor":4.0},{"not_picked":["Chill","Turbo"],"picked":"Doom and Gloom","floor":8.0},{"not_picked":["Ball Lightning","Hello World"],"picked":"Hologram","floor":10.0},{"not_picked":["Darkness","Ball Lightning"],"picked":"Coolheaded","floor":11.0},{"not_picked":["Rebound","Sweeping Beam"],"picked":"Coolheaded","floor":13.0},{"not_picked":["Genetic Algorithm","Leap"],"picked":"Self Repair","floor":14.0},{"not_picked":["Hologram","Doom and Gloom"],"picked":"Glacier","floor":15.0},{"not_picked":["Amplify","Machine Learning"],"picked":"Buffer","floor":16.0},{"not_picked":["Sweeping Beam","Leap"],"picked":"Glacier+1","floor":18.0},{"not_picked":["Steam","Barrage"],"picked":"Conserve Battery","floor":23.0},{"not_picked":["Darkness","Undo"],"picked":"Capacitor","floor":24.0},{"not_picked":["Fission","Leap"],"picked":"Conserve Battery","floor":25.0},{"not_picked":["Beam Cell","Streamline"],"picked":"Blizzard","floor":27.0},{"not_picked":["Tempest","BootSequence","Go for the Eyes"],"picked":"SKIP","floor":28},{"not_picked":["Leap","Recycle"],"picked":"Core Surge","floor":29},{"not_picked":["Static Discharge","Self Repair"],"picked":"Redo+1","floor":32},{"not_picked":["Rainbow","Seek"],"picked":"Creative AI","floor":33},{"not_picked":["Storm+1","Steam"],"picked":"Go for the Eyes+1","floor":35},{"not_picked":["Steam+1","Hello World+1"],"picked":"Heatsinks","floor":36}],"player_experience":1221693,"relics_obtained":[{"floor":8.0,"key":"Ancient Tea Set"},{"floor":9.0,"key":"Dream Catcher"},{"floor":11.0,"key":"Juzu Bracelet"},{"floor":20.0,"key":"Necronomicon"},{"floor":25.0,"key":"Cables"},{"floor":26.0,"key":"Bird Faced Urn"}],"event_choices":[{"damage_healed":0.0,"max_hp_gain":0.0,"max_hp_loss":0.0,"gold_gain":150.0,"event_name":"Liars Game","player_choice":"AGREE","floor":2.0,"gold_loss":0.0,"damage_taken":0.0,"cards_obtained":["Doubt"]},{"cards_removed":["Doubt"],"damage_healed":0.0,"max_hp_gain":0.0,"max_hp_loss":0.0,"gold_gain":0.0,"event_name":"Living Wall","player_choice":"Forget","floor":3.0,"gold_loss":0.0,"damage_taken":0.0},{"damage_healed":0.0,"max_hp_gain":0.0,"max_hp_loss":0.0,"gold_gain":0.0,"event_name":"Scrap Ooze","player_choice":"Success","floor":5.0,"gold_loss":0.0,"damage_taken":5.0,"relics_obtained":["Pear"]},{"damage_healed":0.0,"max_hp_gain":0.0,"max_hp_loss":0.0,"gold_gain":0.0,"event_name":"The Mausoleum","player_choice":"Opened","floor":19.0,"gold_loss":0.0,"damage_taken":0.0,"relics_obtained":["WingedGreaves"],"cards_obtained":["Writhe"]},{"damage_healed":0.0,"max_hp_gain":0.0,"max_hp_loss":0.0,"gold_gain":0.0,"event_name":"Cursed Tome","player_choice":"Obtained Book","floor":20.0,"gold_loss":0.0,"damage_taken":21.0},{"damage_healed":0.0,"max_hp_gain":0.0,"max_hp_loss":0.0,"gold_gain":0.0,"event_name":"Addict","player_choice":"Stole Relic","floor":22.0,"gold_loss":0.0,"damage_taken":0.0,"relics_obtained":["Tiny Chest"],"cards_obtained":["Shame"]},{"damage_healed":0,"gold_gain":0,"player_choice":"Copied","damage_taken":0,"max_hp_gain":0,"max_hp_loss":0,"event_name":"Duplicator","floor":30,"gold_loss":0,"cards_obtained":["Buffer"]},{"damage_healed":16,"gold_gain":0,"player_choice":"Heal","damage_taken":0,"max_hp_gain":0,"max_hp_loss":0,"event_name":"The Library","floor":31,"gold_loss":0}],"is_beta":true,"boss_relics":[{"not_picked":["Nuclear Battery","Calling Bell"],"picked":"Velvet Choker"},{"not_picked":["FrozenCore","Pandora\u0027s Box"],"picked":"Cursed Key"}],"items_purged_floors":[12,21],"is_endless":false,"potions_floor_spawned":[1,8,18,29],"killed_by":"Transient","ascension_level":20}}