{"host":"9fh35csyvbzgxvf9","time":1609118970,"event":{"mods":["BaseMod","Block Reminder","Colored Map","DeckTracker","Minty Spire (QoL Compilation)"],"gold_per_floor":[112,123,135,147,160,193,121,141,166,166,34,46,90,102,114,126,126],"floor_reached":16,"playtime":1319,"items_purged":[],"score":112,"play_id":"a202abf8-d073-48c9-a95f-45bd93938f0d","local_time":"20201227202930","is_ascension_mode":false,"campfire_choices":[{"data":"Outmaneuver","floor":10,"key":"SMITH"},{"data":"Acrobatics","floor":12,"key":"SMITH"},{"data":"Neutralize","floor":15,"key":"SMITH"}],"circlet_count":0,"master_deck":["Strike_G","Strike_G","Strike_G","Strike_G","Strike_G","Defend_G","Defend_G","Defend_G","Defend_G","Defend_G","Survivor","Neutralize+1","Flash of Steel","Deflect","Quick Slash","Backflip","Cloak And Dagger","Slice","Acrobatics+1","Blur","Outmaneuver+1","Endless Agony"],"relics":["Ring of the Snake","The Specimen","Oddly Smooth Stone","MawBank","MealTicket"],"acts_visited":["Exordium"],"potions_floor_usage":[6,13,16],"damage_taken":[{"damage":5,"enemies":"Jaw Worm","floor":1,"turns":4},{"damage":1,"enemies":"Cultist","floor":2,"turns":3},{"damage":0,"enemies":"2 Louse","floor":3,"turns":2},{"damage":9,"enemies":"Exordium Thugs","floor":4,"turns":9},{"damage":1,"enemies":"3 Louse","floor":5,"turns":4},{"damage":3,"enemies":"3 Sentries","floor":6,"turns":9},{"damage":1,"enemies":"Large Slime","floor":8,"turns":7},{"damage":11,"enemies":"Gremlin Nob","floor":13,"turns":4},{"damage":59,"enemies":"Slime Boss","floor":16,"turns":12}],"seed_played":"-6386457366733596347","potions_obtained":[{"floor":4,"key":"Strength Potion"},{"floor":5,"key":"Fire Potion"},{"floor":13,"key":"FearPotion"}],"is_trial":false,"path_per_floor":["M","M","M","M","M","E","$","M","T","R","?","R","E","$","R","B"],"character_chosen":"THE_SILENT","items_purchased":["Blur"],"campfire_rested":0,"item_purchase_floors":[7],"current_hp_per_floor":[65,64,64,55,54,51,51,50,50,50,50,50,39,54,54,0,0],"gold":126,"neow_bonus":"RANDOM_COLORLESS","is_daily":false,"chose_seed":false,"campfire_upgraded":3,"win_rate":0.0,"timestamp":1609118970,"path_taken":["M","M","M","M","M","E","$","M","T","R","?","R","E","?","R","BOSS"],"items_purchased_type":["Card"],"build_version":"2020-12-22","purchased_purges":0,"victory":false,"max_hp_per_floor":[70,70,70,70,70,70,70,70,70,70,70,70,70,70,70,70,70],"card_choices":[{"not_picked":["Dramatic Entrance","PanicButton"],"picked":"Flash of Steel","floor":0},{"not_picked":["Prepared","Deadly Poison"],"picked":"Deflect","floor":1},{"not_picked":["Backstab","Dagger Spray"],"picked":"Quick Slash","floor":2},{"not_picked":["Tactician","PiercingWail"],"picked":"Backflip","floor":3},{"not_picked":["Riddle With Holes","Burst"],"picked":"Cloak And Dagger","floor":4},{"not_picked":["Dash","Cloak And Dagger"],"picked":"Slice","floor":5},{"not_picked":["Blade Dance","Distraction"],"picked":"Acrobatics","floor":6},{"not_picked":["Poisoned Stab","PiercingWail"],"picked":"Outmaneuver","floor":8},{"not_picked":["Predator","Noxious Fumes"],"picked":"Endless Agony","floor":13}],"player_experience":255964,"relics_obtained":[{"floor":6,"key":"The Specimen"},{"floor":9,"key":"Oddly Smooth Stone"},{"floor":13,"key":"MealTicket"}],"event_choices":[{"damage_healed":0,"gold_gain":0,"player_choice":"Paid Gold","damage_taken":0,"relics_obtained":["MawBank"],"max_hp_gain":0,"max_hp_loss":0,"event_name":"WeMeetAgain","floor":11,"gold_loss":132}],"is_beta":false,"boss_relics":[],"items_purged_floors":[],"is_endless":false,"potions_floor_spawned":[4,5,13],"killed_by":"Slime Boss","ascension_level":0}}