{"host":"ws4mzzemcqsz5e2k","time":1609148564,"event":{"mods":["BaseMod","Colored Powertips","Minty Spire (QoL Compilation)","StSLib","残留之物","没有小屋子和绿帽子啦"],"gold_per_floor":[110,110,126,139,13,13,27,27,54,72,72,72,89,121,121,224,224,235,235,251,151,250,250,277,152,178,192,192,208,208,228,228,331,331,343,343,565,114,130,130,130,145,145,145,145],"floor_reached":44,"playtime":2620,"items_purged":["PlaceholderMod:BaseStrike","PlaceholderMod:BaseStrike","PlaceholderMod:BaseStrike","PlaceholderMod:BaseStrike"],"score":408,"play_id":"19b1777d-97d4-4eed-8558-290f872224d6","local_time":"20201228174244","is_ascension_mode":false,"campfire_choices":[{"data":"PlaceholderMod:HardStrike","floor":6.0,"key":"SMITH"},{"data":"PlaceholderMod:HardStrike","floor":12.0,"key":"SMITH"},{"data":"PlaceholderMod:ConsolidateHit","floor":15.0,"key":"SMITH"},{"data":"PlaceholderMod:SubstitutionNucleophilic1","floor":23.0,"key":"SMITH"},{"data":"PlaceholderMod:StressReaction","floor":28.0,"key":"SMITH"},{"floor":30.0,"key":"RECALL"},{"data":"PlaceholderMod:UnpureUse","floor":32.0,"key":"SMITH"},{"data":"PlaceholderMod:Crystal","floor":40.0,"key":"SMITH"}],"circlet_count":0,"master_deck":["PlaceholderMod:BaseStrike","PlaceholderMod:BaseDefend","PlaceholderMod:BaseDefend","PlaceholderMod:BaseDefend","PlaceholderMod:BaseDefend","PlaceholderMod:BaseDefend","PlaceholderMod:Crystal+1","PlaceholderMod:PoisonWhip","PlaceholderMod:HardStrike+1","PlaceholderMod:UnpureUse+1","PlaceholderMod:HardStrike+1","PlaceholderMod:DissolvingSpikes","PlaceholderMod:ConsolidateHit+1","PlaceholderMod:SubstitutionNucleophilic1+1","PlaceholderMod:Inner","PlaceholderMod:DirectingGroup+1","PlaceholderMod:InnerStable+1"],"relics":["PlaceholderMod:Tancle","Lantern","Gambling Chip","Runic Dome","Nloth\u0027s Gift","Red Mask","Orichalcum","PlaceholderMod:LiveLive","PlaceholderMod:Abhoth","Blood Vial","Bottled Lightning"],"acts_visited":["Exordium","TheCity","TheBeyond"],"potions_floor_usage":[42],"damage_taken":[{"damage":0.0,"enemies":"2 Louse","floor":1.0,"turns":2.0},{"damage":0.0,"enemies":"Cultist","floor":3.0,"turns":1.0},{"damage":0.0,"enemies":"Jaw Worm","floor":4.0,"turns":1.0},{"damage":0.0,"enemies":"2 Fungi Beasts","floor":7.0,"turns":3.0},{"damage":16.0,"enemies":"Exordium Thugs","floor":10.0,"turns":6.0},{"damage":9.0,"enemies":"Lots of Slimes","floor":13.0,"turns":5.0},{"damage":4.0,"enemies":"3 Sentries","floor":14.0,"turns":14.0},{"damage":14.0,"enemies":"The Guardian","floor":16.0,"turns":11.0},{"damage":0.0,"enemies":"Spheric Guardian","floor":18.0,"turns":2.0},{"damage":0.0,"enemies":"3 Byrds","floor":20.0,"turns":5.0},{"damage":7.0,"enemies":"Masked Bandits","floor":24.0,"turns":4.0},{"damage":6.0,"enemies":"Snake Plant","floor":27.0,"turns":4.0},{"damage":14.0,"enemies":"Shelled Parasite and Fungi","floor":29.0,"turns":5.0},{"damage":0.0,"enemies":"Cultist and Chosen","floor":31.0,"turns":6.0},{"damage":12.0,"enemies":"Champ","floor":33.0,"turns":9.0},{"damage":6.0,"enemies":"3 Darklings","floor":35.0,"turns":6.0},{"damage":3.0,"enemies":"3 Shapes","floor":39.0,"turns":7.0},{"damage":19,"enemies":"3 Darklings","floor":42,"turns":4},{"damage":1,"enemies":"Giant Head","floor":44,"turns":2}],"seed_played":"2778384075649592542","potions_obtained":[{"floor":2.0,"key":"SteroidPotion"},{"floor":2.0,"key":"Regen Potion"},{"floor":2.0,"key":"FearPotion"},{"floor":13.0,"key":"LiquidMemories"},{"floor":14.0,"key":"ColorlessPotion"},{"floor":20.0,"key":"GamblersBrew"},{"floor":24.0,"key":"PowerPotion"}],"is_trial":false,"path_per_floor":["M","?","M","M","$","R","M","T","T","M","?","R","M","E","R","B",null,"M","?","M","$","?","R","?","$","T","M","R","M","R","M","R","B",null,"M","?","?","$","M","R","?","M","T","E"],"character_chosen":"THE_PLACEHOLDER","items_purchased":["PlaceholderMod:HardStrike","PlaceholderMod:Abhoth","Blood Vial"],"campfire_rested":0,"item_purchase_floors":[5,38,38],"current_hp_per_floor":[78,78,78,78,78,78,78,78,78,62,62,62,68,64,64,50,78,78,78,78,78,78,78,71,71,71,65,65,51,51,51,51,39,78,72,72,72,72,71,71,71,54,54,55,55],"gold":145,"neow_bonus":"THREE_ENEMY_KILL","is_daily":false,"chose_seed":false,"campfire_upgraded":7,"win_rate":0.0,"timestamp":1609148564,"path_taken":["M","?","M","?","$","R","?","?","T","M","?","R","M","E","R","BOSS","M","?","?","$","?","R","?","$","T","M","R","M","R","M","R","BOSS","M","?","?","$","M","R","?","M","T","E"],"items_purchased_type":["Card","Relic","Relic"],"build_version":"2020-12-22","purchased_purges":4,"victory":false,"max_hp_per_floor":[78,78,78,78,78,78,78,78,78,78,78,78,78,78,78,78,78,78,78,78,78,78,78,78,78,78,78,78,78,78,78,78,78,78,78,78,78,78,78,78,74,74,74,74,74],"card_choices":[{"not_picked":["PlaceholderMod:Hyperplasia","PlaceholderMod:ParasiteChange"],"picked":"PlaceholderMod:HardStrike","floor":1.0},{"not_picked":["PlaceholderMod:SprayAttack","PlaceholderMod:TriggerStrike"],"picked":"PlaceholderMod:StressReaction","floor":3.0},{"not_picked":["PlaceholderMod:Turn","PlaceholderMod:MultipleOxi"],"picked":"PlaceholderMod:UnpureUse","floor":4.0},{"not_picked":["PlaceholderMod:ParasiteChange","PlaceholderMod:OHStrongAttack"],"picked":"PlaceholderMod:DissolvingSpikes","floor":7.0},{"not_picked":["PlaceholderMod:PoisonBlast","PlaceholderMod:NearChange","PlaceholderMod:AttackAsDefend"],"picked":"SKIP","floor":10.0},{"not_picked":["PlaceholderMod:HornyBlast","PlaceholderMod:SpinBlade"],"picked":"PlaceholderMod:ConsolidateHit","floor":13.0},{"not_picked":["PlaceholderMod:OHStrongAttack","PlaceholderMod:DiffusionPoison"],"picked":"PlaceholderMod:SubstitutionNucleophilic1","floor":14.0},{"not_picked":["PlaceholderMod:PericyclicReaction","PlaceholderMod:Assimilation"],"picked":"PlaceholderMod:Inner","floor":16.0},{"not_picked":["PlaceholderMod:Turn","PlaceholderMod:AttackAsDefend","PlaceholderMod:TriggerStrike+1"],"picked":"SKIP","floor":18.0},{"not_picked":["PlaceholderMod:UnpureUse","PlaceholderMod:SeverePoisonStrike","PlaceholderMod:EnergyAbsorb"],"picked":"SKIP","floor":20.0},{"not_picked":["PlaceholderMod:AngryAttack","PlaceholderMod:DiffusionChemical+1","PlaceholderMod:ProliferateStrike+1"],"picked":"SKIP","floor":27.0},{"not_picked":["PlaceholderMod:AngryAttack","PlaceholderMod:DiffusionChemical+1","PlaceholderMod:ProliferateStrike+1"],"picked":"SKIP","floor":27.0},{"not_picked":["PlaceholderMod:SevereHeat+1","PlaceholderMod:HornyBlast+1"],"picked":"PlaceholderMod:DirectingGroup+1","floor":29.0},{"not_picked":["PlaceholderMod:Polyp","PlaceholderMod:PoisonAbsorb"],"picked":"PlaceholderMod:InnerStable+1","floor":31.0},{"not_picked":["PlaceholderMod:HornyBlast+1","PlaceholderMod:NutritionAbsorb+1","PlaceholderMod:DirectingGroup+1"],"picked":"SKIP","floor":35.0},{"not_picked":["PlaceholderMod:PoisonExcitation+1","PlaceholderMod:Activation","PlaceholderMod:InnerStable"],"picked":"SKIP","floor":39.0},{"not_picked":["PlaceholderMod:InnerSoften","PlaceholderMod:HardStinger","PlaceholderMod:ConsolidateHit"],"picked":"SKIP","floor":42}],"player_experience":1389747,"relics_obtained":[{"floor":9.0,"key":"Lantern"},{"floor":14.0,"key":"Gambling Chip"},{"floor":24.0,"key":"Red Mask"},{"floor":26.0,"key":"Orichalcum"},{"floor":43,"key":"Bottled Lightning"}],"event_choices":[{"damage_healed":0.0,"max_hp_gain":0.0,"max_hp_loss":0.0,"gold_gain":0.0,"event_name":"Lab","player_choice":"Got Potions","floor":2.0,"gold_loss":0.0,"damage_taken":0.0},{"damage_healed":0.0,"max_hp_gain":0.0,"max_hp_loss":0.0,"gold_gain":0.0,"event_name":"NoteForYourself","player_choice":"Ignored","floor":11.0,"gold_loss":0.0,"damage_taken":0.0},{"damage_healed":0.0,"max_hp_gain":0.0,"max_hp_loss":0.0,"gold_gain":0.0,"event_name":"N\u0027loth","player_choice":"Traded Relic","floor":19.0,"relics_lost":["NeowsBlessing"],"gold_loss":0.0,"damage_taken":0.0,"relics_obtained":["Nloth\u0027s Gift"]},{"damage_healed":0.0,"max_hp_gain":0.0,"max_hp_loss":0.0,"gold_gain":99.0,"event_name":"Nest","player_choice":"Stole From Cult","floor":22.0,"gold_loss":0.0,"damage_taken":0.0},{"damage_healed":0.0,"max_hp_gain":0.0,"max_hp_loss":0.0,"gold_gain":0.0,"event_name":"Masked Bandits","player_choice":"Fought Bandits","floor":24.0,"gold_loss":0.0,"damage_taken":0.0},{"cards_removed":["PlaceholderMod:StressReaction"],"damage_healed":0.0,"max_hp_gain":0.0,"max_hp_loss":0.0,"gold_gain":0.0,"event_name":"Falling","player_choice":"Removed Skill","floor":36.0,"gold_loss":0.0,"damage_taken":0.0},{"damage_healed":0.0,"max_hp_gain":0.0,"max_hp_loss":0.0,"gold_gain":222.0,"event_name":"Tomb of Lord Red Mask","player_choice":"Wore Mask","floor":37.0,"gold_loss":0.0,"damage_taken":0.0},{"damage_healed":0.0,"max_hp_gain":0.0,"max_hp_loss":4.0,"gold_gain":0.0,"event_name":"Winding Halls","player_choice":"Max HP","floor":41.0,"gold_loss":0.0,"damage_taken":0.0}],"is_beta":false,"boss_relics":[{"not_picked":["Tiny House","Empty Cage"],"picked":"Runic Dome"},{"not_picked":["Fusion Hammer","Coffee Dripper"],"picked":"PlaceholderMod:LiveLive"}],"items_purged_floors":[5,21,25,38],"is_endless":false,"potions_floor_spawned":[7,13,14,20,24,27],"killed_by":"Giant Head","ascension_level":0}}