{"host":"islfki3h62fae8hl","time":1609113983,"event":{"mods":["BaseMod","Colored Map","Colored Powertips","Conspire","Hermit","Hubris","Infinite Spire","Minty Spire (QoL Compilation)","Quick Restart","Random Character Button","Rare Cards Sparkle","Replay The Spire","Shop Mod","StSLib","The Construct","The Cursed","The Death Knight","The Forsaken","The Hierophant","The Judge","The Mystic","The Necromancer","The Runesmith","The Servant 0.9.4","The Valiant","egg","slay the spire mod where everything is the same but ironclad has a cowboy hat"],"gold_per_floor":[114,114,127,127,127,162,173,173,173,173,188,212,212,212,212,230,230,329,329,346,346,359,376,376,376,376],"floor_reached":25,"playtime":1197,"items_purged":[],"score":251,"play_id":"264d0a7e-5386-4ea7-9c79-0586ef66727e","local_time":"20201227190623","is_ascension_mode":false,"campfire_choices":[{"data":"DeathKnight:RuneTap","floor":8,"key":"SMITH"},{"data":"DeathKnight:BloodBoil","floor":10,"key":"SMITH"},{"floor":13,"key":"REST"},{"data":"DeathKnight:BladedArmor","floor":17,"key":"SMITH"}],"circlet_count":0,"master_deck":["DeathKnight:Strike_DeathKnight","DeathKnight:Strike_DeathKnight","DeathKnight:Strike_DeathKnight","DeathKnight:Strike_DeathKnight","DeathKnight:Strike_DeathKnight","DeathKnight:Defend_DeathKnight","DeathKnight:Defend_DeathKnight","DeathKnight:Defend_DeathKnight","DeathKnight:Defend_DeathKnight","DeathKnight:Defend_DeathKnight","DeathKnight:RuneTap+1","DeathKnight:RuneStrike","DeathKnight:BludPresence","DeathKnight:BloodBoil+1","theForsaken:PlagueCurse","DeathKnight:IceboundArmor","DeathKnight:Pestilence","DeathKnight:BladedArmor+1","DeathKnight:UnholyAssault","DeathKnight:RunicDetonation","DeathKnight:BloodStrike","DeathKnight:HornOfWinter","DeathKnight:DeathCoil+1"],"relics":["TheCursedMod:BlackMagic101","NeowsBlessing","infinitespire:Cubic Diamond","theForsaken:PlagueMask","hubris:Icosahedron","Runesmith:Locket","Replay:Ringing Soul","MealTicket","conspire:RoyalGoblet","hubris:Towel"],"acts_visited":["Exordium","TheCity"],"potions_floor_usage":[5,16,18,25],"damage_taken":[{"damage":0,"enemies":"Jaw Worm","floor":1,"turns":1},{"damage":0,"enemies":"2 Louse","floor":3,"turns":1},{"damage":0,"enemies":"Lagavulin","floor":6,"turns":1},{"damage":13,"enemies":"Cultist","floor":7,"turns":4},{"damage":13,"enemies":"Looter","floor":11,"turns":4},{"damage":21,"enemies":"Large Slime","floor":16,"turns":5},{"damage":50,"enemies":"Fading Forest","floor":18,"turns":11},{"damage":29,"enemies":"Shell Parasite","floor":20,"turns":5},{"damage":22,"enemies":"Spheric Guardian","floor":22,"turns":4},{"damage":30,"enemies":"Snake Plant","floor":23,"turns":5},{"damage":18,"enemies":"Gremlin Leader","floor":25,"turns":2}],"seed_played":"-1507814047599491997","potions_obtained":[{"floor":1,"key":"Energy Potion"},{"floor":3,"key":"Fruit Juice"},{"floor":16,"key":"Cursed Concoction"},{"floor":23,"key":"conspire:TimeTravelPotion"}],"is_trial":false,"path_per_floor":["M","?","M","?","?","E","M","R","T","R","M","T","R","PTL","PTL","M","R_BF","B",null,"M","?","M","M","AVR","E"],"character_chosen":"DEATH_KNIGHT","items_purchased":[],"campfire_rested":1,"item_purchase_floors":[],"current_hp_per_floor":[75,75,75,75,80,80,67,67,67,67,57,57,81,81,81,63,63,26,89,63,63,44,17,17,0,0],"gold":376,"neow_bonus":"THREE_ENEMY_KILL","is_daily":false,"chose_seed":false,"campfire_upgraded":3,"win_rate":0.0,"timestamp":1609113983,"path_taken":["M","?","M","?","?","E","M","R","T","R","M","?","R","PTL","PTL","M","R_BF","BOSS","M","?","M","M","AVR","E"],"items_purchased_type":[],"build_version":"2020-12-22","purchased_purges":0,"victory":false,"max_hp_per_floor":[75,75,75,75,80,80,80,80,80,80,83,83,83,83,83,86,86,89,89,92,92,95,98,98,98,98],"card_choices":[{"not_picked":["DeathKnight:Parry","DeathKnight:UnholyFrenzy"],"picked":"DeathKnight:BludPresence","floor":1},{"not_picked":["DeathKnight:FoulBulwark","DeathKnight:DeathCoil"],"picked":"DeathKnight:BloodBoil","floor":3},{"not_picked":["DeathKnight:DeathRune","DeathKnight:FrosPresence"],"picked":"DeathKnight:IceboundArmor","floor":6},{"not_picked":["DeathKnight:BloodTap","DeathKnight:WraithWalk"],"picked":"DeathKnight:Pestilence","floor":7},{"not_picked":["DeathKnight:IceboundArmor","DeathKnight:UnholyPresence"],"picked":"DeathKnight:BladedArmor","floor":11},{"not_picked":["DeathKnight:FesteringStrike","DeathKnight:UnholyPresence"],"picked":"DeathKnight:UnholyAssault","floor":16},{"not_picked":["DeathKnight:Razorice","DeathKnight:VampiricBlood"],"picked":"DeathKnight:RunicDetonation","floor":18},{"not_picked":["DeathKnight:FoulBulwark","DeathKnight:DeathAndDecay"],"picked":"DeathKnight:BloodStrike","floor":20},{"not_picked":["DeathKnight:DeathCoil","DeathKnight:Marrowrend"],"picked":"DeathKnight:HornOfWinter","floor":22},{"not_picked":["DeathKnight:FoulBulwark","DeathKnight:ScourgeStrike"],"picked":"DeathKnight:DeathCoil+1","floor":23}],"player_experience":0,"relics_obtained":[{"floor":6,"key":"Runesmith:Locket"},{"floor":9,"key":"Replay:Ringing Soul"},{"floor":12,"key":"MealTicket"}],"event_choices":[{"damage_healed":0,"gold_gain":0,"player_choice":"Obtain Plague Curse","damage_taken":0,"max_hp_gain":0,"max_hp_loss":0,"event_name":"Plague Doctor","floor":4,"gold_loss":0,"cards_obtained":["theForsaken:PlagueCurse"]}],"is_beta":false,"boss_relics":[{"not_picked":["Runic Dome","hubris:CrackedHourglass"],"picked":"conspire:RoyalGoblet"}],"items_purged_floors":[],"is_endless":false,"potions_floor_spawned":[1,3,16,23],"killed_by":"Gremlin Leader","ascension_level":0}}