{"host":"2se5dq1do2gp0x9k","time":1609170016,"event":{"mods":["AchievementEnabler","BaseMod","Block Reminder","Colored Map","Colored Powertips","Minty Spire (QoL Compilation)","Relic Stats","StSLib","SuperFastMode"],"gold_per_floor":[111,131,56,67,121,147,147,178,204,204,204,204],"floor_reached":11,"playtime":323,"items_purged":["Strike_R"],"score":162,"play_id":"c432acc2-1de1-4132-ba12-0db77c007292","local_time":"20201228074016","is_ascension_mode":true,"campfire_choices":[],"circlet_count":0,"master_deck":["AscendersBane","Strike_R","Strike_R","Strike_R","Defend_R","Defend_R","Defend_R+1","Defend_R+1","Bash","Cleave","Clothesline","Hemokinesis","Fiend Fire","Flex"],"relics":["Burning Blood","NeowsBlessing","Oddly Smooth Stone","Calipers","Thread and Needle","War Paint"],"acts_visited":["Exordium"],"potions_floor_usage":[],"damage_taken":[{"damage":0,"enemies":"Cultist","floor":1,"turns":1},{"damage":0,"enemies":"Small Slimes","floor":2,"turns":1},{"damage":0,"enemies":"Jaw Worm","floor":4,"turns":1},{"damage":26,"enemies":"Gremlin Nob","floor":6,"turns":4},{"damage":36,"enemies":"Lagavulin","floor":8,"turns":7},{"damage":29,"enemies":"Gremlin Nob","floor":11,"turns":3}],"seed_played":"408310433461930977","potions_obtained":[],"is_trial":false,"path_per_floor":["M","M","$","M","T","E","$","E","T","?","E"],"character_chosen":"IRONCLAD","items_purchased":[],"campfire_rested":0,"item_purchase_floors":[],"current_hp_per_floor":[74,75,75,75,75,55,55,25,25,25,0,0],"gold":204,"neow_bonus":"THREE_ENEMY_KILL","is_daily":false,"chose_seed":false,"campfire_upgraded":0,"win_rate":0.0,"timestamp":1609170016,"path_taken":["M","M","?","?","?","E","$","E","T","?","E"],"items_purchased_type":[],"build_version":"2020-12-22","purchased_purges":1,"victory":false,"max_hp_per_floor":[75,75,75,75,75,75,75,75,75,75,75,75],"relic_stats":{"counters":[6,17],"War Paint":["Defend_R","Defend_R"],"obtain_stats":[{"Calipers":6,"NeowsBlessing":0,"Oddly Smooth Stone":5,"Thread and Needle":8,"War Paint":9,"Burning Blood":0},{"Calipers":4,"NeowsBlessing":0,"Oddly Smooth Stone":3,"Thread and Needle":5,"War Paint":5,"Burning Blood":0},{"Calipers":7,"NeowsBlessing":0,"Oddly Smooth Stone":3,"Thread and Needle":14,"War Paint":14,"Burning Blood":0}],"Burning Blood":19},"card_choices":[{"not_picked":["Sword Boomerang","Sever Soul"],"picked":"Cleave","floor":1},{"not_picked":["Body Slam","Clash"],"picked":"Clothesline","floor":2},{"not_picked":["Clash","Dual Wield"],"picked":"Hemokinesis","floor":4},{"not_picked":["Headbutt","Spot Weakness"],"picked":"Fiend Fire","floor":6},{"not_picked":["Wild Strike","Cleave"],"picked":"Flex","floor":8}],"player_experience":3629848,"relics_obtained":[{"floor":5,"key":"Oddly Smooth Stone"},{"floor":6,"key":"Calipers"},{"floor":8,"key":"Thread and Needle"},{"floor":9,"key":"War Paint"}],"event_choices":[{"cards_removed":["Strike_R"],"damage_healed":0,"gold_gain":0,"player_choice":"Purged","damage_taken":0,"max_hp_gain":0,"max_hp_loss":0,"event_name":"Purifier","floor":10,"gold_loss":0}],"is_beta":false,"boss_relics":[],"items_purged_floors":[3],"is_endless":false,"potions_floor_spawned":[],"killed_by":"Gremlin Nob","ascension_level":20}}