{"host":"szp1d6dso4pv7ddl","time":1609118386,"event":{"mods":["AchievementEnabler","Alarm Clock","BaseMod","Bestiary","Block Reminder","Colored Map","Colored Powertips","Curses Come First","Displayed Cursed Tome","Highlight Path","Minty Spire (QoL Compilation)","Permanent Neow","Quick Restart","Relic Sorter","Relic Stats","StSLib","Synergy Search"],"gold_per_floor":[119,119,134,152,172,202,202,218,242,254,279,291,303,383,395,478,490,512,427,437,457,476,476,491,491,491],"floor_reached":25,"playtime":1090,"items_purged":["Pain"],"score":342,"play_id":"4a794adf-b7b6-447f-ad16-8a64a3ae8149","local_time":"20201227171946","is_ascension_mode":true,"campfire_choices":[{"floor":7,"key":"REST"},{"floor":12,"key":"REST"},{"floor":15,"key":"REST"},{"floor":23,"key":"REST"}],"circlet_count":0,"master_deck":["AscendersBane","Strike_G","Strike_G","Strike_G","Strike_G","Strike_G","Defend_G","Defend_G","Defend_G","Defend_G","Survivor","Neutralize","Sucker Punch","Blade Dance","Acrobatics","Blade Dance","Glass Knife","Backflip","A Thousand Cuts","Cloak And Dagger","Finisher"],"relics":["SlaversCollar","Ninja Scroll","MawBank","WarpedTongs","Pantograph","WristBlade"],"acts_visited":["Exordium","TheCity"],"potions_floor_usage":[6,21],"damage_taken":[{"damage":17,"enemies":"Cultist","floor":1,"turns":7},{"damage":0,"enemies":"2 Louse","floor":3,"turns":2},{"damage":1,"enemies":"Small Slimes","floor":4,"turns":4},{"damage":4,"enemies":"Blue Slaver","floor":5,"turns":5},{"damage":22,"enemies":"3 Sentries","floor":6,"turns":7},{"damage":0,"enemies":"Large Slime","floor":8,"turns":4},{"damage":9,"enemies":"Exordium Wildlife","floor":11,"turns":3},{"damage":60,"enemies":"The Guardian","floor":16,"turns":15},{"damage":2,"enemies":"3 Byrds","floor":18,"turns":3},{"damage":18,"enemies":"Shell Parasite","floor":20,"turns":4},{"damage":13,"enemies":"Snake Plant","floor":21,"turns":3},{"damage":23,"enemies":"Shelled Parasite and Fungi","floor":22,"turns":4},{"damage":18,"enemies":"Cultist and Chosen","floor":24,"turns":5},{"damage":11,"enemies":"Centurion and Healer","floor":25,"turns":3}],"seed_played":"6276197711875152908","potions_obtained":[{"floor":3,"key":"Explosive Potion"},{"floor":4,"key":"BlessingOfTheForge"},{"floor":21,"key":"Dexterity Potion"},{"floor":22,"key":"Fire Potion"},{"floor":24,"key":"CunningPotion"}],"is_trial":false,"path_per_floor":["M","?","M","M","M","E","R","M","T","?","M","R","?","T","R","B",null,"M","$","M","M","M","R","M","M"],"character_chosen":"THE_SILENT","items_purchased":["Cloak And Dagger"],"campfire_rested":4,"item_purchase_floors":[19],"current_hp_per_floor":[46,39,39,38,34,12,33,33,33,33,24,45,50,50,72,15,60,58,58,40,27,4,26,8,0,0],"gold":491,"neow_bonus":"BOSS_RELIC","is_daily":false,"chose_seed":false,"campfire_upgraded":0,"win_rate":0.0,"timestamp":1609118386,"path_taken":["M","?","M","M","M","E","R","M","T","?","?","R","?","?","R","BOSS","M","$","M","M","M","R","M","M"],"items_purchased_type":["Card"],"build_version":"2020-12-22","purchased_purges":1,"victory":false,"max_hp_per_floor":[70,70,70,70,70,70,70,70,70,70,70,70,75,75,75,75,75,75,75,75,75,75,75,75,75,75],"relic_stats":{"counters":[14,69],"Pantograph":3,"MawBank":120,"obtain_stats":[{"SlaversCollar":0,"WristBlade":17,"Ninja Scroll":6,"Pantograph":14,"MawBank":9,"Ring of the Snake":0,"WarpedTongs":10},{"SlaversCollar":0,"WristBlade":8,"Ninja Scroll":5,"Pantograph":7,"MawBank":6,"Ring of the Snake":0,"WarpedTongs":6},{"SlaversCollar":0,"WristBlade":47,"Ninja Scroll":25,"Pantograph":32,"MawBank":29,"Ring of the Snake":0,"WarpedTongs":29}],"WarpedTongs":[40]},"card_choices":[{"not_picked":["Deflect","Acrobatics"],"picked":"Sucker Punch","floor":1},{"not_picked":["Footwork","Eviscerate"],"picked":"Blade Dance","floor":3},{"not_picked":["Flying Knee","Calculated Gamble"],"picked":"Acrobatics","floor":4},{"not_picked":["Grand Finale","Flechettes"],"picked":"Blade Dance","floor":5},{"not_picked":["Blur","Skewer"],"picked":"Glass Knife","floor":6},{"not_picked":["Dodge and Roll","Predator"],"picked":"Backflip","floor":8},{"not_picked":["Skewer","Deflect","Sucker Punch"],"picked":"SKIP","floor":11},{"not_picked":["Wraith Form v2","Glass Knife"],"picked":"A Thousand Cuts","floor":16},{"not_picked":["Deadly Poison","Bane","All Out Attack"],"picked":"SKIP","floor":18},{"not_picked":["Bane","Concentrate","Predator"],"picked":"SKIP","floor":20},{"not_picked":["Choke","Crippling Poison"],"picked":"Finisher","floor":21},{"not_picked":["Finisher","Bane","Quick Slash"],"picked":"SKIP","floor":22},{"not_picked":["Poisoned Stab","Sucker Punch","Dodge and Roll"],"picked":"SKIP","floor":24}],"player_experience":1038626,"relics_obtained":[{"floor":6,"key":"Ninja Scroll"},{"floor":9,"key":"MawBank"},{"floor":14,"key":"Pantograph"}],"event_choices":[{"cards_removed":["Defend_G"],"damage_healed":0,"gold_gain":0,"player_choice":"Card Removal","damage_taken":7,"max_hp_gain":0,"max_hp_loss":0,"event_name":"Golden Wing","floor":2,"gold_loss":0},{"damage_healed":0,"gold_gain":0,"player_choice":"Rummage","damage_taken":0,"relics_obtained":["WarpedTongs"],"max_hp_gain":0,"max_hp_loss":0,"event_name":"Accursed Blacksmith","floor":10,"gold_loss":0,"cards_obtained":["Pain"]},{"damage_healed":0,"gold_gain":0,"player_choice":"Donut","damage_taken":0,"max_hp_gain":5,"max_hp_loss":0,"event_name":"Big Fish","floor":13,"gold_loss":0}],"is_beta":false,"boss_relics":[{"not_picked":["Snecko Eye","HoveringKite"],"picked":"WristBlade"}],"items_purged_floors":[19],"is_endless":false,"potions_floor_spawned":[3,4,5,21,22,24],"killed_by":"Centurion and Healer","ascension_level":13}}