{"host":"04aht2z7d1qbuefv","time":1609116112,"event":{"mods":["AchievementEnabler","BaseMod","Downfall","Minty Spire (QoL Compilation)","StSLib","The Cursed","The Necromancer"],"gold_per_floor":[119,119,119,133,146,180,180,180,229,229,252,99,131,141,141,244,244,257,272,272,272],"floor_reached":20,"playtime":1102,"items_purged":["Regret"],"score":182,"play_id":"55661dbb-9a72-4a33-a98d-e0d34641d6f8","local_time":"20201227214152","is_ascension_mode":false,"campfire_choices":[{"floor":10,"key":"RECALL"},{"floor":15,"key":"REST"}],"circlet_count":0,"master_deck":["TheCursedMod:Strike_TheCursed","TheCursedMod:Strike_TheCursed","TheCursedMod:Strike_TheCursed","TheCursedMod:Strike_TheCursed","TheCursedMod:Defend_TheCursed","TheCursedMod:Defend_TheCursed","TheCursedMod:Defend_TheCursed","TheCursedMod:CursedWand","TheCursedMod:CleanUpWorkshop","TheCursedMod:Dregs","TheCursedMod:CursedArmor","TheCursedMod:HellsGateOpen","TheCursedMod:CircleOfCorruption","TheCursedMod:FleshFromBone+1","TheCursedMod:SoulReap","TheCursedMod:SpitefulPlan","TheCursedMod:CursedRelics","TheCursedMod:SurpriseAttack","TheCursedMod:VoidForm"],"relics":["TheCursedMod:BlackMagic101","MealTicket","Bottled Tornado","Bag of Marbles","Bronze Scales","Akabeko","Black Star"],"acts_visited":["Exordium","TheCity"],"potions_floor_usage":[6,6],"damage_taken":[{"damage":0,"enemies":"Small Slimes","floor":1,"turns":3},{"damage":8,"enemies":"2 Louse","floor":4,"turns":3},{"damage":14,"enemies":"Jaw Worm","floor":5,"turns":4},{"damage":14,"enemies":"3 Sentries","floor":6,"turns":11},{"damage":9,"enemies":"Gremlin Nob","floor":13,"turns":4},{"damage":7,"enemies":"Large Slime","floor":14,"turns":8},{"damage":62,"enemies":"The Guardian","floor":16,"turns":14},{"damage":21,"enemies":"Shell Parasite","floor":18,"turns":7},{"damage":23,"enemies":"3 Byrds","floor":19,"turns":4},{"damage":0,"enemies":"Shelled Parasite and Fungi","floor":20,"turns":1}],"seed_played":"-4487039872931942912","potions_obtained":[{"floor":1,"key":"Slimebound:ThreeZeroPotion"},{"floor":5,"key":"SkillPotion"}],"is_trial":false,"path_per_floor":["M","?","?","M","M","E","?","?","T","R","T","$","E","M","R","B",null,"M","M","M"],"character_chosen":"THE_CURSED","items_purchased":["TheCursedMod:SpitefulPlan"],"campfire_rested":1,"item_purchase_floors":[12],"current_hp_per_floor":[75,68,65,57,43,29,29,29,29,29,29,44,40,38,60,3,75,54,36,36,36],"gold":272,"neow_bonus":"THREE_CARDS","is_daily":false,"chose_seed":false,"campfire_upgraded":0,"win_rate":0.0,"timestamp":1609116112,"path_taken":["M","?","?","M","M","E","?","?","T","R","?","$","E","M","R","BOSS","M","M","M"],"items_purchased_type":["Card"],"build_version":"2020-12-22","purchased_purges":1,"victory":false,"max_hp_per_floor":[75,75,75,75,75,75,75,75,75,75,75,75,75,75,75,75,75,75,75,75,75],"card_choices":[{"not_picked":["TheCursedMod:Wield","TheCursedMod:Evocation"],"picked":"TheCursedMod:CursedArmor","floor":0},{"not_picked":["TheCursedMod:CircleOfWindfury","TheCursedMod:VitalStrike"],"picked":"TheCursedMod:HellsGateOpen","floor":1},{"not_picked":["TheCursedMod:CircleOfFlame","TheCursedMod:CursedMace"],"picked":"TheCursedMod:CircleOfCorruption","floor":4},{"not_picked":["TheCursedMod:CircleOfWindfury","TheCursedMod:Obscuration"],"picked":"TheCursedMod:FleshFromBone","floor":5},{"not_picked":["TheCursedMod:CursedBlade","TheCursedMod:SaltUponWound"],"picked":"TheCursedMod:SoulReap","floor":6},{"not_picked":["TheCursedMod:SmokeScreen","TheCursedMod:CircleOfCorruption"],"picked":"TheCursedMod:CursedRelics","floor":13},{"not_picked":["TheCursedMod:CircleOfBlood","TheCursedMod:RavingStaff"],"picked":"TheCursedMod:SurpriseAttack","floor":14},{"not_picked":["TheCursedMod:ForbiddenAlchemy","TheCursedMod:DemonSword"],"picked":"TheCursedMod:VoidForm","floor":16},{"not_picked":["TheCursedMod:CircleOfCorruption","TheCursedMod:RavingStaff+1","TheCursedMod:CursedMace"],"picked":"SKIP","floor":18},{"not_picked":["TheCursedMod:RapidMovement","TheCursedMod:Stigma","TheCursedMod:CircleOfFlame"],"picked":"SKIP","floor":19}],"player_experience":146090,"relics_obtained":[{"floor":6,"key":"Bottled Tornado"},{"floor":11,"key":"Bronze Scales"},{"floor":13,"key":"Akabeko"}],"event_choices":[{"cards_removed":["TheCursedMod:Defend_TheCursed"],"damage_healed":0,"gold_gain":0,"player_choice":"Card Removal","damage_taken":7,"max_hp_gain":0,"max_hp_loss":0,"event_name":"Golden Wing","floor":2,"gold_loss":0},{"damage_healed":0,"gold_gain":0,"player_choice":"Success","damage_taken":3,"relics_obtained":["MealTicket"],"max_hp_gain":0,"max_hp_loss":0,"event_name":"Scrap Ooze","floor":3,"gold_loss":0},{"damage_healed":0,"gold_gain":0,"player_choice":"Grow","damage_taken":0,"max_hp_gain":0,"max_hp_loss":0,"event_name":"Living Wall","floor":7,"gold_loss":0,"cards_upgraded":["TheCursedMod:FleshFromBone"]},{"damage_healed":0,"gold_gain":0,"player_choice":"Box","damage_taken":0,"relics_obtained":["Bag of Marbles"],"max_hp_gain":0,"max_hp_loss":0,"event_name":"Big Fish","floor":8,"gold_loss":0,"cards_obtained":["Regret"]}],"is_beta":false,"boss_relics":[{"not_picked":["Runic Pyramid","Velvet Choker"],"picked":"Black Star"}],"items_purged_floors":[12],"is_endless":false,"potions_floor_spawned":[1,5],"killed_by":"Shelled Parasite and Fungi","ascension_level":0}}