{"host":"ggy1mjjy92c62u6a","time":1609169319,"event":{"mods":["10 clothes from DAL","BaseMod","LazyManMod","Minty Spire (QoL Compilation)","Quick Restart","Relic Stats","Shop Mod","Spicy Shops","StSLib","【功能Mod】混沌之环修复补丁","【遗物Mod】死灵法师NEW","【遗物卡牌】REMEMod"],"gold_per_floor":[111,131,131,131,145,177,177,208,208,221,239,37,54,87,99,207,219,249,261,292,304,332,372,384,428,485,497,537,559,571,596,608,719,731,762,789,801,826,853,900,912,934,946,958,958],"floor_reached":44,"playtime":2552,"items_purged":[],"score":704,"play_id":"9eb1e4d6-555e-4268-8425-8dc58c5688dd","local_time":"20201228232839","is_ascension_mode":true,"campfire_choices":[{"data":"finger_Of_Death","floor":7.0,"key":"SMITH"},{"data":"Summon_Undead_Army","floor":15.0,"key":"SMITH"},{"data":"Life_Drain","floor":27.0,"key":"SMITH"},{"data":"Posionadd","floor":30.0,"key":"SMITH"},{"data":"Summon_Undead_Army","floor":32.0,"key":"SMITH"}],"circlet_count":0,"master_deck":["Strike_W","Strike_W","Defend_W","Negative_Energy_Arrows","Bone_Wall","Paverschlev","Uncharnel+1","finger_Of_Death+1","Life_Drain+1","ZombiePosion","finger_Of_Death","Summon_Undead_Army+1","Posionadd+1","PosionArmor+1","Consume_Illness+1","Negative_Energy_Mist+1","Plague_Bolt+1","Summon_Undead_Army+1","Summon_Undead_Army+1","Shade_Step+1"],"relics":["Vampire_Amulet","REME_ComplimentaryCards","SumUndead","Art of War","dwlrmod:ProjectRecorder","Toxic Egg 2","REME_PuzzleBoxRelic","MawBank","RingOfChaos2","Happy Flower","Anchor","Nilry\u0027s Codex","Dream Catcher","Toy Ornithopter","Gambling Chip","Coffee Dripper","Vajra","SharePain"],"acts_visited":["Exordium","TheCity","TheBeyond"],"potions_floor_usage":[],"damage_taken":[{"damage":3.0,"enemies":"Cultist","floor":1.0,"turns":4.0},{"damage":2.0,"enemies":"Small Slimes","floor":2.0,"turns":2.0},{"damage":0.0,"enemies":"Jaw Worm","floor":5.0,"turns":1.0},{"damage":0.0,"enemies":"Gremlin Nob","floor":6.0,"turns":2.0},{"damage":0.0,"enemies":"Lagavulin","floor":8.0,"turns":2.0},{"damage":8.0,"enemies":"Lots of Slimes","floor":10.0,"turns":2.0},{"damage":5.0,"enemies":"Exordium Thugs","floor":11.0,"turns":2.0},{"damage":0.0,"enemies":"2 Fungi Beasts","floor":13.0,"turns":2.0},{"damage":6.0,"enemies":"3 Sentries","floor":14.0,"turns":1.0},{"damage":18.0,"enemies":"The Guardian","floor":16.0,"turns":5.0},{"damage":0.0,"enemies":"Spheric Guardian","floor":18.0,"turns":2.0},{"damage":10.0,"enemies":"Shell Parasite","floor":20.0,"turns":2.0},{"damage":29.0,"enemies":"Centurion and Healer","floor":22.0,"turns":4.0},{"damage":0.0,"enemies":"Slavers","floor":23.0,"turns":1.0},{"damage":2.0,"enemies":"Gremlin Leader","floor":25.0,"turns":3.0},{"damage":17.0,"enemies":"REME_1_Revenger","floor":28.0,"turns":3.0},{"damage":0.0,"enemies":"Snake Plant","floor":29.0,"turns":2.0},{"damage":0.0,"enemies":"Chosen and Byrds","floor":31.0,"turns":2.0},{"damage":27.0,"enemies":"Champ","floor":33.0,"turns":6.0},{"damage":8,"enemies":"3 Shapes","floor":35,"turns":3},{"damage":1,"enemies":"3 Darklings","floor":36,"turns":2},{"damage":1,"enemies":"Jaw Worm Horde","floor":38,"turns":2},{"damage":0,"enemies":"4 Shapes","floor":39,"turns":1},{"damage":26,"enemies":"Giant Head","floor":40,"turns":5},{"damage":29,"enemies":"Maw","floor":42,"turns":4},{"damage":67,"enemies":"Transient","floor":44,"turns":4}],"seed_played":"-3281484888479838979","potions_obtained":[{"floor":5.0,"key":"PowerPotion"},{"floor":8.0,"key":"Explosive Potion"},{"floor":11.0,"key":"Block Potion"},{"floor":20.0,"key":"EssenceOfSteel"},{"floor":23.0,"key":"EntropicBrew"},{"floor":33.0,"key":"Fruit Juice"},{"floor":36,"key":"SmokeBomb"}],"is_trial":false,"path_per_floor":["M","M","?","?","M","E","R","E","T","M","M","$","M","E","R","B",null,"M","?","M","?","M","E","?","E","T","R","E","M","R","M","R","B",null,"M","M","?","M","M","E","?","M","T","M"],"character_chosen":"NECROMANCER","items_purchased":["Summon_Undead_Army","REME_PuzzleBoxRelic"],"campfire_rested":0,"item_purchase_floors":[12,12],"current_hp_per_floor":[65,63,63,63,63,63,63,67,67,60,55,55,59,53,53,54,68,68,68,63,63,34,34,18,22,22,22,37,37,37,40,40,45,73,65,64,64,63,63,73,73,51,51,0,0],"gold":958,"neow_bonus":"REMOVE_TWO","is_daily":false,"chose_seed":false,"campfire_upgraded":5,"win_rate":0.0,"timestamp":1609169319,"path_taken":["M","M","?","?","M","E","R","E","T","?","M","$","M","E","R","BOSS","M","?","?","?","M","E","?","E","T","R","E","M","R","M","R","BOSS","M","M","?","M","?","E","?","?","T","?"],"items_purchased_type":["Card","Relic"],"build_version":"2020-12-22","purchased_purges":0,"victory":false,"max_hp_per_floor":[68,68,68,68,68,68,68,68,68,68,68,68,68,68,68,68,68,68,68,68,68,68,68,68,68,68,68,68,68,68,68,68,73,73,73,73,73,73,73,73,73,73,73,73,73],"relic_stats":{"Dream Catcher":0,"Happy Flower":[14],"counters":[26,69],"Gambling Chip":[24],"Art of War":[6],"MawBank":360,"obtain_stats":[{"SumUndead":6,"dwlrmod:ProjectRecorder":8,"Happy Flower":19,"Nilry\u0027s Codex":24,"Vajra":40,"MawBank":14,"SharePain":43,"Anchor":23,"Dream Catcher":25,"Gambling Chip":28,"Vampire_Amulet":0,"RingOfChaos2":17,"Art of War":8,"Coffee Dripper":34,"Toxic Egg 2":9,"REME_PuzzleBoxRelic":12,"Toy Ornithopter":26,"REME_ComplimentaryCards":0},{"SumUndead":4,"dwlrmod:ProjectRecorder":5,"Happy Flower":11,"Nilry\u0027s Codex":14,"Vajra":24,"MawBank":9,"SharePain":25,"Anchor":14,"Dream Catcher":15,"Gambling Chip":16,"Vampire_Amulet":0,"RingOfChaos2":10,"Art of War":5,"Coffee Dripper":19,"Toxic Egg 2":5,"REME_PuzzleBoxRelic":7,"Toy Ornithopter":15,"REME_ComplimentaryCards":0},{"SumUndead":9,"dwlrmod:ProjectRecorder":11,"Happy Flower":25,"Nilry\u0027s Codex":32,"Vajra":61,"MawBank":18,"SharePain":65,"Anchor":32,"Dream Catcher":35,"Gambling Chip":38,"Vampire_Amulet":0,"RingOfChaos2":23,"Art of War":11,"Coffee Dripper":48,"Toxic Egg 2":11,"REME_PuzzleBoxRelic":15,"Toy Ornithopter":35,"REME_ComplimentaryCards":0}],"Toy Ornithopter":20},"card_choices":[{"not_picked":["Negative_Energy_Burst","Life_Tap"],"picked":"Uncharnel","floor":1.0},{"not_picked":["Violent_Necrosis","Bone_Shift"],"picked":"finger_Of_Death","floor":2.0},{"not_picked":["Acid_Javelin","Bone_Spikes","Blood_Magic"],"picked":"SKIP","floor":5.0},{"not_picked":["Kotodama","Negative_Energy_Javelin"],"picked":"Life_Drain","floor":6.0},{"not_picked":["Shade_Step","Bone_Shift"],"picked":"ZombiePosion","floor":8.0},{"not_picked":["finger_Of_Death","Negative_Energy_Javelin","Bone_Armor+1"],"picked":"SKIP","floor":10.0},{"not_picked":["Blood_Curse+1","Vampiric_Strike"],"picked":"finger_Of_Death","floor":11.0},{"not_picked":["Scare+1","Hellfire"],"picked":"Posionadd","floor":13.0},{"not_picked":["Bone_Prison+1","Vampiric_Strike"],"picked":"PosionArmor+1","floor":14.0},{"not_picked":["Epidemicn","Cloudkill+1"],"picked":"Consume_Illness+1","floor":16.0},{"not_picked":["finger_Of_Death","Stop_Heart+1"],"picked":"Negative_Energy_Mist+1","floor":18.0},{"not_picked":["Bone_Armory","Blood_Whip","PosionRing+1"],"picked":"SKIP","floor":20.0},{"not_picked":["Negative_Energy_Burst+1","Spectral_Walk+1","Bone_Armory"],"picked":"SKIP","floor":22.0},{"not_picked":["Hellfire","PosionArmor+1","Vampiric_Strike"],"picked":"SKIP","floor":23.0},{"not_picked":["Summon_Undead+1","Blood_Hammer","Hellfire"],"picked":"SKIP","floor":25.0},{"not_picked":["Thousand_Bone_Knives+1","Scare+1","Bone_Armory"],"picked":"SKIP","floor":28.0},{"not_picked":["Toxic_Smoke_Screen+1","Blood_Is_Power+1"],"picked":"Plague_Bolt+1","floor":29.0},{"not_picked":["Negative_Energy_Mist+1","finger_Of_Death"],"picked":"Summon_Undead_Army","floor":31.0},{"not_picked":["Bone_Armory","Bone_Spikes"],"picked":"Summon_Undead_Army+1","floor":35},{"not_picked":["Bone_Spikes","Blood_Whip","Negative_Energy_Sphere+1"],"picked":"SKIP","floor":36},{"not_picked":["Negative_Energy_Sphere","Necrotic_Claws","Toxic_Smoke_Screen+1"],"picked":"SKIP","floor":38},{"not_picked":["Necrotic_Claws","PosionRing+1"],"picked":"Shade_Step+1","floor":39},{"not_picked":["Negative_Energy_Javelin","PosionWeak+1","Uncharnel+1"],"picked":"SKIP","floor":40},{"not_picked":["Negative_Energy_Javelin","PosionWeak+1","Uncharnel+1"],"picked":"SKIP","floor":40},{"not_picked":["Blood_for_Blood+1","Thousand_Bone_Knives+1","ZombiePosion"],"picked":"SKIP","floor":42}],"player_experience":50891,"relics_obtained":[{"floor":6.0,"key":"SumUndead"},{"floor":8.0,"key":"Art of War"},{"floor":8.0,"key":"dwlrmod:ProjectRecorder"},{"floor":9.0,"key":"Toxic Egg 2"},{"floor":14.0,"key":"MawBank"},{"floor":23.0,"key":"Anchor"},{"floor":24.0,"key":"Nilry\u0027s Codex"},{"floor":25.0,"key":"Dream Catcher"},{"floor":26.0,"key":"Toy Ornithopter"},{"floor":28.0,"key":"Gambling Chip"},{"floor":40,"key":"Vajra"},{"floor":43,"key":"SharePain"}],"event_choices":[{"cards_removed":["Strike_W"],"damage_healed":0.0,"max_hp_gain":0.0,"max_hp_loss":0.0,"gold_gain":0.0,"event_name":"Living Wall","player_choice":"Forget","floor":3.0,"gold_loss":0.0,"damage_taken":0.0},{"cards_removed":["Defend_W"],"damage_healed":0.0,"max_hp_gain":0.0,"max_hp_loss":0.0,"gold_gain":0.0,"event_name":"Bonfire Elementals","player_choice":"Offered Basic","floor":4.0,"gold_loss":0.0,"damage_taken":0.0},{"damage_healed":0.0,"max_hp_gain":0.0,"max_hp_loss":0.0,"gold_gain":0.0,"event_name":"WeMeetAgain","player_choice":"Gave Potion","floor":19.0,"gold_loss":0.0,"damage_taken":0.0,"relics_obtained":["Happy Flower"]},{"damage_healed":0.0,"max_hp_gain":0.0,"max_hp_loss":0.0,"gold_gain":0.0,"event_name":"Vampires","player_choice":"Ignored","floor":21.0,"gold_loss":0.0,"damage_taken":0.0},{"damage_healed":0.0,"max_hp_gain":0.0,"max_hp_loss":0.0,"gold_gain":0.0,"event_name":"Cursed Tome","player_choice":"Obtained Book","floor":24.0,"gold_loss":0.0,"damage_taken":16.0},{"damage_healed":0,"gold_gain":0,"player_choice":"Upgraded","damage_taken":0,"max_hp_gain":0,"max_hp_loss":0,"event_name":"Upgrade Shrine","floor":37,"gold_loss":0,"cards_upgraded":["Uncharnel"]},{"cards_removed":["Defend_W"],"damage_healed":0,"gold_gain":0,"player_choice":"Purged","damage_taken":0,"max_hp_gain":0,"max_hp_loss":0,"event_name":"Purifier","floor":41,"gold_loss":0}],"is_beta":false,"boss_relics":[{"not_picked":["Pandora\u0027s Box","Snecko Eye"],"picked":"RingOfChaos2"},{"not_picked":["Velvet Choker","Calling Bell"],"picked":"Coffee Dripper"}],"items_purged_floors":[],"is_endless":false,"potions_floor_spawned":[5,8,11,13,18,20,23,33,36,39],"killed_by":"Transient","ascension_level":1}}