{"host":"hemshb5b6cie9gjx","time":1609146366,"event":{"mods":["BaseMod","Better Note","Better Third Choice","Better Vampires","BetterRewards","Colored Map","Colored Powertips","DeckTracker","Googly Eyes","Infinite Spire","Minty Spire (QoL Compilation)","Permanent Neow","Relic Stats","Replay The Spire","StSLib","SuperFastMode","Uncapped","slay the spire mod where everything is the same but ironclad has a cowboy hat"],"gold_per_floor":[116,128,128,142,160,170,170,170,170,190,190,205,205,236,236,332,332,348,366,366,395,409,436,351,369,392,410,410,426,426,187,187,292,292,307,321,106,106,106,122,136,136,136,136,155,172,172,183,183,183],"floor_reached":51,"playtime":2437,"items_purged":[],"score":925,"play_id":"e06e1c9b-787a-4955-a2d0-f72530bd9c7e","local_time":"20201228200606","is_ascension_mode":false,"campfire_choices":[{"data":"Zap","floor":7.0,"key":"SMITH"},{"data":"Mirror Shield","floor":11.0,"key":"SMITH"},{"data":"Gash","floor":15.0,"key":"PURGE"},{"floor":28.0,"key":"REST"},{"floor":30.0,"key":"REST"},{"floor":32.0,"key":"REST"},{"floor":44,"key":"REST"},{"data":"ReplayTheSpireMod:Chaos Vortex","floor":47,"key":"SMITH"},{"data":"ReplayTheSpireMod:Brewmster","floor":49,"key":"SMITH"}],"circlet_count":0,"master_deck":["Strike_B","Strike_B+1","Strike_B","Strike_B","Defend_B","Defend_B","Defend_B","Defend_B","Zap+1","Dualcast+1","Conserve Battery+1","Cold Snap","Hologram","Echo Form","Chaos","Undo","Mirror Shield+1","Cold Snap","Glacier+1","ReplayRNGCard","Fusion+1","BasicCrystalCard","BootSequence+1","Coolheaded","Ball Lightning","Conserve Battery","Time Bomb","ReplayTheSpireMod:Brewmster+1","Machine Learning","BasicCrystalCard+1","Undo+1","Capacitor","Jack Of All Trades","ReplayTheSpireMod:Trickstab","Redo+1","Crystallizer+1","ReplayTheSpireMod:??????????????????????","ReplayTheSpireMod:Chaos Vortex+1","infinitespire:Oblivion","Ball Lightning+1","Double Energy+1","Leap+1"],"relics":["Cracked Core","Lee\u0027s Waffle","Pet Ghost","Toy Ornithopter","ReplayTheSpireMod:TigerMarble","Inserter","Red Mask","Matryoshka","Replay:Bottled Snecko","War Paint","PreservedInsect","Black Star","Replay:Frozen Program","TungstenRod","Smiling Mask","CaptainsWheel"],"acts_visited":["TheCity","TheBeyond"],"potions_floor_usage":[35,40,40,40,40,41,41,41,46,48,48,50,50,50,50,50,50,50],"damage_taken":[{"damage":12.0,"enemies":"infinitespire:Voidling","floor":1.0,"turns":5.0},{"damage":0.0,"enemies":"Jaw Worm","floor":2.0,"turns":3.0},{"damage":0.0,"enemies":"Cultist","floor":4.0,"turns":3.0},{"damage":9.0,"enemies":"Gremlin Gang","floor":5.0,"turns":8.0},{"damage":6.0,"enemies":"Exordium Wildlife","floor":6.0,"turns":7.0},{"damage":5.0,"enemies":"Looter","floor":10.0,"turns":3.0},{"damage":9.0,"enemies":"2 Fungi Beasts","floor":12.0,"turns":4.0},{"damage":7.0,"enemies":"3 Sentries","floor":14.0,"turns":7.0},{"damage":28.0,"enemies":"Slime Boss","floor":16.0,"turns":15.0},{"damage":13.0,"enemies":"Shell Parasite","floor":18.0,"turns":6.0},{"damage":0.0,"enemies":"Spheric Guardian","floor":19.0,"turns":5.0},{"damage":4.0,"enemies":"Masked Bandits","floor":21.0,"turns":5.0},{"damage":18.0,"enemies":"Cultist and Chosen","floor":22.0,"turns":9.0},{"damage":8.0,"enemies":"Book of Stabbing","floor":23.0,"turns":6.0},{"damage":13.0,"enemies":"Chosen and Byrds","floor":25.0,"turns":8.0},{"damage":13.0,"enemies":"Snake Plant","floor":27.0,"turns":4.0},{"damage":14.0,"enemies":"Snecko","floor":29.0,"turns":5.0},{"damage":3.0,"enemies":"Champ","floor":33.0,"turns":11.0},{"damage":9,"enemies":"Orb Walker","floor":35,"turns":3},{"damage":2,"enemies":"3 Shapes","floor":36,"turns":7},{"damage":28,"enemies":"Maw","floor":40,"turns":11},{"damage":29,"enemies":"Sphere and 2 Shapes","floor":41,"turns":10},{"damage":0,"enemies":"Spire Growth","floor":45,"turns":5},{"damage":0,"enemies":"4 Shapes","floor":46,"turns":7},{"damage":11,"enemies":"Jaw Worm Horde","floor":48,"turns":3},{"damage":71,"enemies":"Donu and Deca","floor":50,"turns":13}],"seed_played":"-5899142836328215198","potions_obtained":[{"floor":4.0,"key":"SneckoOil"},{"floor":6.0,"key":"Energy Potion"},{"floor":16.0,"key":"Explosive Potion"},{"floor":19.0,"key":"LifebloodPotion"},{"floor":21.0,"key":"SkillPotion"},{"floor":25.0,"key":"SteroidPotion"},{"floor":33.0,"key":"Energy Potion"},{"floor":48,"key":"Elixir"}],"is_trial":false,"path_per_floor":["M","M","?","M","M","M","R","?","T","M","R","M","?","E","R_BF","B",null,"M","M","?","?","M","E","?","M","T","M","R","M","R","$","R","B",null,"M","M","$","?","?","M","M","AVR","T","R","M","M","R","M","R","B",null],"character_chosen":"DEFECT","items_purchased":["Lee\u0027s Waffle","Pet Ghost","Conserve Battery","Time Bomb","ReplayTheSpireMod:Brewmster","Capacitor","Replay:Frozen Program"],"campfire_rested":4,"item_purchase_floors":[0,0,0,31,31,37,37],"current_hp_per_floor":[79,79,79,79,70,64,64,64,64,59,59,50,50,43,43,15,82,69,69,69,75,57,49,49,36,36,23,47,33,57,57,81,79,82,78,76,76,71,71,59,45,45,45,69,69,74,74,73,73,37],"gold":183,"neow_bonus":"","is_daily":false,"chose_seed":false,"campfire_upgraded":4,"win_rate":0.0,"timestamp":1609146366,"path_taken":["M","?","?","M","?","?","R","?","T","M","R","?","?","E","R_BF","BOSS","M","M","?","?","M","E","?","M","T","M","R","M","R","?","R","BOSS","M","M","$","?","?","?","?","AVR","T","R","M","?","R","M","R","BOSS"],"items_purchased_type":["Relic","Relic","Card","Card","Card","Card","Relic"],"build_version":"2020-12-22","purchased_purges":0,"victory":true,"max_hp_per_floor":[82,82,82,82,82,82,82,82,82,82,82,82,82,82,82,82,82,82,82,82,82,82,82,82,82,82,82,82,82,82,82,82,82,82,82,82,82,82,82,82,82,82,82,82,82,82,82,82,82,82],"relic_stats":{"Lee\u0027s Waffle":19,"Inserter":[52],"counters":[51,298],"PreservedInsect":0,"Black Star":0,"War Paint":["Conserve Battery","Glacier"],"Smiling Mask":0,"obtain_stats":[{"Tiny House":17,"Blue Doll":9,"infinitespire:Cubic Diamond":13,"Juzu Bracelet":10,"Bag of Preparation":25,"Smiling Mask":43,"Pet Ghost":0,"Matryoshka":23,"Replay:Frozen Program":37,"Prayer Wheel":18,"Fusion Hammer":0,"Red Mask":21,"Replay:Bottled Snecko":24,"Cracked Core":0,"BargainBundle":20,"Lee\u0027s Waffle":0,"Inserter":17,"Astrolabe":17,"infinitespire:FocusingShard":14,"PreservedInsect":26,"Frozen Egg 2":26,"War Paint":26,"CaptainsWheel":43,"Bronze Scales":12,"Simple Rune":21,"Nloth\u0027s Gift":21,"ReplayTheSpireMod:TigerMarble":14,"Black Star":34,"Toy Ornithopter":9,"TungstenRod":42},{"Tiny House":10,"Blue Doll":5,"infinitespire:Cubic Diamond":8,"Juzu Bracelet":6,"Bag of Preparation":22,"Smiling Mask":47,"Pet Ghost":25,"Matryoshka":39,"Replay:Frozen Program":45,"Prayer Wheel":11,"Fusion Hammer":0,"Red Mask":37,"Replay:Bottled Snecko":39,"Cracked Core":0,"BargainBundle":20,"Lee\u0027s Waffle":25,"Inserter":34,"Astrolabe":19,"infinitespire:FocusingShard":9,"PreservedInsect":40,"Frozen Egg 2":22,"War Paint":40,"CaptainsWheel":47,"Bronze Scales":16,"Simple Rune":20,"Nloth\u0027s Gift":11,"ReplayTheSpireMod:TigerMarble":33,"Black Star":43,"Toy Ornithopter":30,"TungstenRod":47},{"Tiny House":42,"Blue Doll":13,"infinitespire:Cubic Diamond":24,"Juzu Bracelet":18,"Bag of Preparation":105,"Smiling Mask":270,"Pet Ghost":125,"Matryoshka":211,"Replay:Frozen Program":249,"Prayer Wheel":48,"Fusion Hammer":0,"Red Mask":196,"Replay:Bottled Snecko":211,"Cracked Core":0,"BargainBundle":94,"Lee\u0027s Waffle":125,"Inserter":180,"Astrolabe":86,"infinitespire:FocusingShard":30,"PreservedInsect":219,"Frozen Egg 2":105,"War Paint":219,"CaptainsWheel":270,"Bronze Scales":72,"Simple Rune":94,"Nloth\u0027s Gift":50,"ReplayTheSpireMod:TigerMarble":165,"Black Star":239,"Toy Ornithopter":151,"TungstenRod":270}],"Toy Ornithopter":97,"TungstenRod":7},"card_choices":[{"not_picked":["Tempest","Rebound"],"picked":"Cold Snap","floor":1.0},{"not_picked":["Sweeping Beam","Barrage"],"picked":"Hologram","floor":2.0},{"not_picked":["Barrage","Stack"],"picked":"Chaos","floor":4.0},{"not_picked":["Hello World","Redo"],"picked":"Undo","floor":5.0},{"not_picked":["FTL","Cold Snap"],"picked":"Gash","floor":6.0},{"not_picked":["Sweeping Beam","Steam"],"picked":"Mirror Shield","floor":10.0},{"not_picked":["Storm","Redo"],"picked":"Cold Snap","floor":12.0},{"not_picked":["Streamline","Chill"],"picked":"Glacier","floor":14.0},{"not_picked":["Meteor Strike","Seek"],"picked":"ReplayRNGCard","floor":16.0},{"not_picked":["Barrage","Streamline","Sweeping Beam"],"picked":"SKIP","floor":18.0},{"not_picked":["Gash","Hologram","Auto Shields"],"picked":"SKIP","floor":19.0},{"not_picked":["Streamline","Panic Button"],"picked":"Fusion+1","floor":21.0},{"not_picked":["Steam","Ball Lightning+1"],"picked":"BasicCrystalCard","floor":22.0},{"not_picked":["Compile Driver","Seek"],"picked":"BootSequence+1","floor":23.0},{"not_picked":["Go for the Eyes","Compile Driver"],"picked":"Coolheaded","floor":25.0},{"not_picked":["Sweeping Beam+1","Rebound"],"picked":"Ball Lightning","floor":27.0},{"not_picked":["FTL","Redo+1"],"picked":"Conserve Battery","floor":29.0},{"not_picked":["Amplify","Reboot"],"picked":"Machine Learning","floor":33.0},{"not_picked":["Lockon","Loop"],"picked":"BasicCrystalCard+1","floor":35},{"not_picked":["Sweeping Beam+1","Stack"],"picked":"Undo+1","floor":36},{"not_picked":["Enlightenment","ReplayTheSpireMod:Private Reserves"],"picked":"Jack Of All Trades","floor":38},{"not_picked":["Finesse","Survey Options"],"picked":"Crow Ritual","floor":38},{"not_picked":["Doom and Gloom","Ball Lightning"],"picked":"Redo+1","floor":40},{"not_picked":["Beam Cell+1","BasicCrystalCard+1"],"picked":"Crystallizer+1","floor":41},{"not_picked":["Steam Power","Turbo+1"],"picked":"Ball Lightning+1","floor":45},{"not_picked":["Ball Lightning","Sweeping Beam+1"],"picked":"Double Energy+1","floor":46},{"not_picked":["Rebound+1","Hologram+1"],"picked":"Leap+1","floor":48}],"player_experience":460797,"relics_obtained":[{"floor":9.0,"key":"Toy Ornithopter"},{"floor":14.0,"key":"ReplayTheSpireMod:TigerMarble"},{"floor":21.0,"key":"Red Mask"},{"floor":23.0,"key":"Matryoshka"},{"floor":26.0,"key":"War Paint"},{"floor":26.0,"key":"PreservedInsect"},{"floor":43,"key":"Smiling Mask"},{"floor":43,"key":"CaptainsWheel"}],"event_choices":[{"cards_removed":["Cold Snap"],"damage_healed":0.0,"max_hp_gain":0.0,"max_hp_loss":0.0,"gold_gain":0.0,"event_name":"betterNote:BetterNote","player_choice":"Take \u0026 Give","floor":3.0,"gold_loss":0.0,"damage_taken":0.0,"cards_obtained":["Echo Form"]},{"damage_healed":0.0,"max_hp_gain":0.0,"max_hp_loss":0.0,"gold_gain":0.0,"event_name":"Accursed Blacksmith","player_choice":"Forge","floor":8.0,"gold_loss":0.0,"damage_taken":0.0,"cards_upgraded":["Dualcast"]},{"damage_healed":0.0,"max_hp_gain":0.0,"max_hp_loss":0.0,"gold_gain":0.0,"event_name":"Vampires","player_choice":"Ignored","floor":20.0,"gold_loss":0.0,"damage_taken":0.0},{"damage_healed":0.0,"max_hp_gain":0.0,"max_hp_loss":0.0,"gold_gain":0.0,"event_name":"Masked Bandits","player_choice":"Fought Bandits","floor":21.0,"gold_loss":0.0,"damage_taken":0.0},{"damage_healed":0.0,"max_hp_gain":0.0,"max_hp_loss":0.0,"gold_gain":0.0,"event_name":"Addict","player_choice":"Obtained Relic","floor":24.0,"gold_loss":85.0,"damage_taken":0.0,"relics_obtained":["Replay:Bottled Snecko"]},{"damage_healed":0,"gold_gain":0,"player_choice":"Memory 2","damage_taken":5,"max_hp_gain":0,"max_hp_loss":0,"event_name":"SensoryStone","floor":38,"gold_loss":0},{"damage_healed":0,"gold_gain":0,"cards_transformed":["Crow Ritual"],"player_choice":"Transformed","damage_taken":0,"max_hp_gain":0,"max_hp_loss":0,"event_name":"Transmorgrifier","floor":39,"gold_loss":0,"cards_obtained":["ReplayTheSpireMod:Trickstab"]}],"is_beta":false,"boss_relics":[{"not_picked":["Busted Crown","Tiny House"],"picked":"Inserter"},{"not_picked":["infinitespire:Cupcake","FrozenCore"],"picked":"Black Star"}],"items_purged_floors":[],"is_endless":false,"potions_floor_spawned":[4,6,16,19,21,25,29,33,36,40,48],"ascension_level":0}}