{"host":"vumwfieg2b2mnrfl","time":1609123800,"event":{"mods":["AchievementEnabler","BaseMod","Minty Spire (QoL Compilation)","Rare Cards Sparkle","Relic Stats"],"gold_per_floor":[114,127,127,142,155,181,195,195,195],"floor_reached":8,"playtime":280,"items_purged":[],"score":105,"play_id":"4d45f305-0992-41fe-9c64-b85b2bdcd061","local_time":"20201227205000","is_ascension_mode":true,"campfire_choices":[],"circlet_count":0,"master_deck":["AscendersBane","Strike_R","Strike_R","Strike_R","Strike_R","Strike_R","Defend_R","Defend_R","Defend_R","Defend_R","Bash+1","Panache","Pommel Strike","Rampage","Disarm","Shrug It Off","Fire Breathing","Sword Boomerang"],"relics":["Burning Blood","Calipers"],"acts_visited":["Exordium"],"potions_floor_usage":[8],"damage_taken":[{"damage":7,"enemies":"Jaw Worm","floor":1,"turns":3},{"damage":6,"enemies":"Cultist","floor":2,"turns":3},{"damage":6,"enemies":"2 Louse","floor":4,"turns":3},{"damage":12,"enemies":"Blue Slaver","floor":5,"turns":4},{"damage":34,"enemies":"Gremlin Nob","floor":6,"turns":5},{"damage":24,"enemies":"Lots of Slimes","floor":7,"turns":6},{"damage":15,"enemies":"3 Sentries","floor":8,"turns":2}],"seed_played":"-6893272946794617782","potions_obtained":[{"floor":5,"key":"Dexterity Potion"},{"floor":7,"key":"Energy Potion"}],"is_trial":false,"path_per_floor":["M","M","?","M","M","E","M","E"],"character_chosen":"IRONCLAD","items_purchased":[],"campfire_rested":0,"item_purchase_floors":[],"current_hp_per_floor":[67,67,67,67,61,33,15,0,0],"gold":195,"neow_bonus":"RANDOM_COLORLESS_2","is_daily":false,"chose_seed":false,"campfire_upgraded":0,"win_rate":0.0,"timestamp":1609123800,"path_taken":["M","M","?","M","?","E","M","E"],"items_purchased_type":[],"build_version":"2020-12-22","purchased_purges":0,"victory":false,"max_hp_per_floor":[68,68,68,68,68,68,68,68,68],"relic_stats":{"counters":[7,26],"obtain_stats":[{"Calipers":6,"Burning Blood":0},{"Calipers":5,"Burning Blood":0},{"Calipers":18,"Burning Blood":0}],"Burning Blood":36},"card_choices":[{"not_picked":["Transmutation","Thinking Ahead"],"picked":"Panache","floor":0},{"not_picked":["Thunderclap","Reckless Charge"],"picked":"Pommel Strike","floor":1},{"not_picked":["Rage","Pommel Strike"],"picked":"Rampage","floor":2},{"not_picked":["Rupture","Havoc"],"picked":"Disarm","floor":4},{"not_picked":["True Grit","Twin Strike"],"picked":"Shrug It Off","floor":5},{"not_picked":["Headbutt","Perfected Strike"],"picked":"Fire Breathing","floor":6},{"not_picked":["Intimidate","True Grit"],"picked":"Sword Boomerang","floor":7}],"player_experience":321350,"relics_obtained":[{"floor":6,"key":"Calipers"}],"event_choices":[{"damage_healed":0,"gold_gain":0,"player_choice":"Upgraded","damage_taken":0,"max_hp_gain":0,"max_hp_loss":0,"event_name":"Upgrade Shrine","floor":3,"gold_loss":0,"cards_upgraded":["Bash"]}],"is_beta":false,"boss_relics":[],"items_purged_floors":[],"is_endless":false,"potions_floor_spawned":[5,7],"killed_by":"3 Sentries","ascension_level":15}}