{"host":"56ghxnzsglgdq727","time":1609144443,"event":{"mods":["AchievementEnabler","BaseMod","Minty Spire (QoL Compilation)"],"gold_per_floor":[109,109,124,124,124,157,157,168,168,185,196,221,234,199,199,304,304,319,334,274,12,27,27,39,50,95,95,95],"floor_reached":27,"playtime":916,"items_purged":["Weave"],"score":302,"play_id":"fdb1669c-2141-4995-9d00-0f72aeb0ab15","local_time":"20201228033403","is_ascension_mode":false,"campfire_choices":[{"data":"Tantrum","floor":7,"key":"SMITH"},{"floor":15,"key":"REST"},{"data":"Adaptation","floor":23,"key":"SMITH"}],"circlet_count":0,"master_deck":["Strike_P","Strike_P","Strike_P","Strike_P","Defend_P","Defend_P","Defend_P","Defend_P","Eruption","Impatience+1","CarveReality","Eruption","Tantrum+1","Halt","SignatureMove","Vault","Halt","ConjureBlade","DeusExMachina","ReachHeaven","Adaptation+1"],"relics":["HolyWater","Mercury Hourglass","Strawberry","Nunchaku","Ancient Tea Set"],"acts_visited":["Exordium","TheCity"],"potions_floor_usage":[12,16,22,22,24,27],"damage_taken":[{"damage":0,"enemies":"Small Slimes","floor":1,"turns":2},{"damage":7,"enemies":"Cultist","floor":3,"turns":3},{"damage":19,"enemies":"3 Sentries","floor":6,"turns":4},{"damage":0,"enemies":"Jaw Worm","floor":8,"turns":1},{"damage":12,"enemies":"Exordium Thugs","floor":10,"turns":3},{"damage":15,"enemies":"Gremlin Gang","floor":11,"turns":2},{"damage":0,"enemies":"Lagavulin","floor":12,"turns":2},{"damage":0,"enemies":"2 Fungi Beasts","floor":13,"turns":1},{"damage":0,"enemies":"Slime Boss","floor":16,"turns":4},{"damage":0,"enemies":"Spheric Guardian","floor":18,"turns":2},{"damage":14,"enemies":"2 Thieves","floor":19,"turns":3},{"damage":0,"enemies":"Cultist and Chosen","floor":22,"turns":3},{"damage":13,"enemies":"Snake Plant","floor":24,"turns":3},{"damage":0,"enemies":"Shelled Parasite and Fungi","floor":25,"turns":3},{"damage":14,"enemies":"Colosseum Slavers","floor":27,"turns":3},{"damage":1,"enemies":"Colosseum Nobs","floor":27,"turns":3}],"seed_played":"-5559251053697962887","potions_obtained":[{"floor":6,"key":"Block Potion"},{"floor":10,"key":"Block Potion"},{"floor":11,"key":"FearPotion"},{"floor":12,"key":"Strength Potion"},{"floor":13,"key":"Explosive Potion"},{"floor":16,"key":"SneckoOil"},{"floor":24,"key":"SkillPotion"}],"is_trial":false,"path_per_floor":["M","?","M","$","?","E","R","M","T","M","M","E","M","?","R","B",null,"M","M","?","$","M","R","M","M","T","?"],"character_chosen":"WATCHER","items_purchased":["DeusExMachina","ReachHeaven"],"campfire_rested":1,"item_purchase_floors":[21,21],"current_hp_per_floor":[72,72,65,65,65,46,46,46,53,41,26,26,26,45,68,68,79,79,65,65,65,65,65,52,52,52,37,37],"gold":95,"neow_bonus":"RANDOM_COLORLESS","is_daily":false,"chose_seed":false,"campfire_upgraded":2,"win_rate":0.0,"timestamp":1609144443,"path_taken":["M","?","?","$","?","E","R","M","T","M","?","E","?","?","R","BOSS","M","M","?","?","M","R","M","?","T","?"],"items_purchased_type":["Card","Card"],"build_version":"2020-12-22","purchased_purges":1,"victory":false,"max_hp_per_floor":[72,72,72,72,72,72,72,72,79,79,79,79,79,79,79,79,79,79,79,79,79,79,79,79,79,79,79,79],"card_choices":[{"not_picked":["Dramatic Entrance","Dark Shackles"],"picked":"Impatience","floor":0},{"not_picked":["WaveOfTheHand","ThirdEye","CrushJoints"],"picked":"SKIP","floor":1},{"not_picked":["CutThroughFate","FlurryOfBlows"],"picked":"Tantrum","floor":3},{"not_picked":["Pray","WreathOfFlame"],"picked":"FearNoEvil","floor":6},{"not_picked":["Perseverance","Swivel"],"picked":"Halt","floor":8},{"not_picked":["TalkToTheHand","BowlingBash"],"picked":"SignatureMove","floor":10},{"not_picked":["Prostrate","BowlingBash","ThirdEye"],"picked":"SKIP","floor":11},{"not_picked":["Protect","PathToVictory","FlurryOfBlows"],"picked":"SKIP","floor":12},{"not_picked":["Worship","Swivel","Meditate"],"picked":"SKIP","floor":13},{"not_picked":["MasterReality","Establishment"],"picked":"Vault","floor":16},{"not_picked":["Crescendo","WaveOfTheHand","Consecrate"],"picked":"SKIP","floor":18},{"not_picked":["Pray","FlurryOfBlows"],"picked":"Halt","floor":19},{"not_picked":["Consecrate","FearNoEvil+1"],"picked":"Adaptation","floor":22},{"not_picked":["CrushJoints+1","FlurryOfBlows","EmptyFist"],"picked":"SKIP","floor":24},{"not_picked":["TalkToTheHand+1","Prostrate+1","ClearTheMind"],"picked":"SKIP","floor":25}],"player_experience":37211,"relics_obtained":[{"floor":6,"key":"Mercury Hourglass"},{"floor":9,"key":"Strawberry"},{"floor":12,"key":"Nunchaku"},{"floor":26,"key":"Ancient Tea Set"}],"event_choices":[{"damage_healed":0,"gold_gain":0,"player_choice":"2 cards matched","damage_taken":0,"max_hp_gain":0,"max_hp_loss":0,"event_name":"Match and Keep!","floor":2,"gold_loss":0,"cards_obtained":["CarveReality","Eruption"]},{"damage_healed":0,"gold_gain":0,"player_choice":"Upgraded","damage_taken":0,"max_hp_gain":0,"max_hp_loss":0,"event_name":"Upgrade Shrine","floor":5,"gold_loss":0,"cards_upgraded":["Impatience"]},{"damage_healed":19,"gold_gain":0,"player_choice":"Healed","damage_taken":0,"max_hp_gain":0,"max_hp_loss":0,"event_name":"The Cleric","floor":14,"gold_loss":35},{"damage_healed":0,"gold_gain":0,"cards_transformed":["Vigilance","FearNoEvil"],"player_choice":"Transformed Cards","damage_taken":0,"max_hp_gain":0,"max_hp_loss":0,"event_name":"Designer","floor":20,"gold_loss":60,"cards_obtained":["ConjureBlade","Weave"]},{"damage_healed":0,"gold_gain":0,"player_choice":"Fight","damage_taken":0,"max_hp_gain":0,"max_hp_loss":0,"event_name":"Colosseum","floor":27,"gold_loss":0},{"damage_healed":0,"gold_gain":0,"player_choice":"Fought Nobs","damage_taken":0,"max_hp_gain":0,"max_hp_loss":0,"event_name":"Colosseum","floor":27,"gold_loss":0}],"is_beta":false,"boss_relics":[{"not_picked":["Ectoplasm","Cursed Key"],"picked":"HolyWater"}],"items_purged_floors":[21],"is_endless":false,"potions_floor_spawned":[6,10,11,12,13,16,24,27],"killed_by":"Colosseum Nobs","ascension_level":0}}