{"host":"os9owiyb0rak6c8n","time":1609189080,"event":{"mods":["AchievementEnabler","BaseMod","Beaked The Cultist","Better Third Choice","Block Reminder","Colored Map","Colored Powertips","Dio Mod","Downfall","Minty Spire (QoL Compilation)","Spicy Shops","StSLib","The Death Knight","The Necromancer"],"gold_per_floor":[112,112,112,128,151,185,107,134,134,134,59,87,105,122,122,221,221,234,234,234,234,246,276,276,276],"floor_reached":24,"playtime":1275,"items_purged":["DeathKnight:Defend_DeathKnight"],"score":338,"play_id":"1f1b511b-f7cc-47c9-8562-b1cb0a428213","local_time":"20201228215800","is_ascension_mode":true,"campfire_choices":[{"floor":10,"key":"REST"},{"data":"DeathKnight:UnholyAssault","floor":15,"key":"SMITH"}],"circlet_count":0,"master_deck":["DeathKnight:Strike_DeathKnight","DeathKnight:Strike_DeathKnight","DeathKnight:Strike_DeathKnight","DeathKnight:Strike_DeathKnight","DeathKnight:Strike_DeathKnight","DeathKnight:Defend_DeathKnight","DeathKnight:Defend_DeathKnight","DeathKnight:Defend_DeathKnight","DeathKnight:Defend_DeathKnight","DeathKnight:RuneTap","DeathKnight:RuneStrike","DeathKnight:Marrowrend","DeathKnight:RuneShock","DeathKnight:SindragosasBreath","DeathKnight:IceboundArmor","DeathKnight:MindFreeze","DeathKnight:IcyTouch","DeathKnight:UnholyAssault+1","DeathKnight:DarkSuccor","DeathKnight:Outbreak","DeathKnight:PathOfFrost"],"relics":["DeathKnight:BrokenRuneblade","Ice Cream","DeathKnight:SylvanasMusicBox","Toy Ornithopter","Bag of Preparation","Sling","Dream Catcher","Ancient Tea Set","Darkstone Periapt","Philosopher\u0027s Stone","Molten Egg 2","MutagenicStrength","DeathKnight:PutricidesVial"],"acts_visited":["Exordium","TheCity"],"potions_floor_usage":[6,16,18,23,23],"damage_taken":[{"damage":5,"enemies":"Jaw Worm","floor":1,"turns":5},{"damage":1,"enemies":"2 Louse","floor":4,"turns":3},{"damage":18,"enemies":"Gremlin Nob","floor":6,"turns":4},{"damage":35,"enemies":"3 Sentries","floor":8,"turns":8},{"damage":0,"enemies":"Lagavulin","floor":12,"turns":7},{"damage":0,"enemies":"Cultist","floor":13,"turns":4},{"damage":4,"enemies":"Exordium Wildlife","floor":14,"turns":2},{"damage":0,"enemies":"The Guardian","floor":16,"turns":12},{"damage":0,"enemies":"Shell Parasite","floor":18,"turns":4},{"damage":0,"enemies":"Chosen","floor":22,"turns":3},{"damage":32,"enemies":"Gremlin Leader","floor":23,"turns":6},{"damage":31,"enemies":"Sentry and Sphere","floor":24,"turns":5}],"seed_played":"5076587481456846579","potions_obtained":[{"floor":4,"key":"SkillPotion"},{"floor":12,"key":"ColorlessPotion"},{"floor":13,"key":"Fire Potion"},{"floor":14,"key":"Guardian:BlockOnCardUsePotion"},{"floor":22,"key":"PowerPotion"}],"is_trial":false,"path_per_floor":["M","?","?","M","T","E","$","E","T","R","$","E","M","M","R","B",null,"M","T","?","?","M","E","M"],"character_chosen":"DEATH_KNIGHT","items_purchased":["Sling"],"campfire_rested":1,"item_purchase_floors":[7],"current_hp_per_floor":[70,67,67,66,66,53,53,18,18,40,40,40,40,36,36,41,75,75,75,75,61,61,39,8,8],"gold":276,"neow_bonus":"ONE_RARE_RELIC","is_daily":false,"chose_seed":false,"campfire_upgraded":1,"win_rate":0.0,"timestamp":1609189080,"path_taken":["M","?","?","?","?","E","$","E","T","R","$","E","M","?","R","BOSS","M","?","?","?","M","E","M"],"items_purchased_type":["Relic"],"build_version":"2020-12-22","purchased_purges":1,"victory":false,"max_hp_per_floor":[75,75,75,75,75,75,75,75,75,75,75,75,75,75,75,75,75,75,75,75,80,80,80,80,80],"card_choices":[{"not_picked":["DeathKnight:ShatteringStrikes","DeathKnight:DeathRune"],"picked":"DeathKnight:Marrowrend","floor":1},{"not_picked":["DeathKnight:Parry","DeathKnight:BladedArmor"],"picked":"DeathKnight:RuneShock","floor":4},{"not_picked":["DeathKnight:FrosPresence","DeathKnight:ShatteringStrikes"],"picked":"DeathKnight:SindragosasBreath","floor":6},{"not_picked":["DeathKnight:UnholyPresence","DeathKnight:WraithWalk"],"picked":"DeathKnight:IceboundArmor","floor":8},{"not_picked":["DeathKnight:Hemostasis","DeathKnight:DeathGrip"],"picked":"DeathKnight:MindFreeze","floor":10},{"not_picked":["DeathKnight:ShatteringStrikes","DeathKnight:BladedArmor"],"picked":"DeathKnight:IcyTouch","floor":12},{"not_picked":["DeathKnight:DeathAndDecay","DeathKnight:Pestilence"],"picked":"DeathKnight:UnholyAssault","floor":13},{"not_picked":["DeathKnight:ScourgeStrike","DeathKnight:BludPresence"],"picked":"DeathKnight:DarkSuccor","floor":14},{"not_picked":["DeathKnight:SindragosasBreath","DeathKnight:Defile"],"picked":"DeathKnight:Outbreak","floor":16},{"not_picked":["DeathKnight:Rot+1","DeathKnight:DeathGrip"],"picked":"DeathKnight:PathOfFrost","floor":18},{"not_picked":["DeathKnight:UnholyPresence","DeathKnight:DeathAndDecay+1","DeathKnight:DancingRuneblade"],"picked":"SKIP","floor":22},{"not_picked":["DeathKnight:Marrowrend+1","DeathKnight:RuneShock+1","DeathKnight:DeathAndDecay+1"],"picked":"SKIP","floor":23}],"player_experience":608082,"relics_obtained":[{"floor":5,"key":"Toy Ornithopter"},{"floor":6,"key":"Bag of Preparation"},{"floor":8,"key":"Dream Catcher"},{"floor":9,"key":"Ancient Tea Set"},{"floor":12,"key":"Darkstone Periapt"},{"floor":19,"key":"Molten Egg 2"},{"floor":23,"key":"DeathKnight:PutricidesVial"}],"event_choices":[{"damage_healed":0,"gold_gain":0,"player_choice":"Relic ","damage_taken":3,"max_hp_gain":0,"max_hp_loss":0,"event_name":"betterThird:BetterScrap","floor":2,"gold_loss":0,"cards_obtained":["Sanctity"]},{"cards_removed":["Writhe"],"damage_healed":0,"gold_gain":0,"player_choice":"Removed Curses","damage_taken":0,"max_hp_gain":0,"max_hp_loss":0,"event_name":"Fountain of Cleansing","floor":3,"gold_loss":0},{"damage_healed":0,"gold_gain":0,"player_choice":"Inject Mutagens","damage_taken":0,"relics_obtained":["MutagenicStrength"],"max_hp_gain":0,"max_hp_loss":0,"event_name":"Drug Dealer","floor":20,"gold_loss":0},{"damage_healed":0,"gold_gain":0,"player_choice":"Shed Blood","damage_taken":19,"max_hp_gain":5,"max_hp_loss":0,"event_name":"Forgotten Altar","floor":21,"gold_loss":0}],"is_beta":false,"boss_relics":[{"not_picked":["Pandora\u0027s Box","Runic Pyramid"],"picked":"Philosopher\u0027s Stone"}],"items_purged_floors":[11],"is_endless":false,"potions_floor_spawned":[4,12,13,14,22],"killed_by":"Sentry and Sphere","ascension_level":2}}