{"host":"jm9833yuloeli2yd","time":1609126658,"event":{"mods":["AchievementEnabler","BaseMod","Better Altar","Better Match","Better Note","Better Sensory Stone","Better Skull","Better Third Choice","Better Vampires","BetterRewards","Colored Map","Colored Powertips","DeckTracker","Marked Mod","Minty Spire (QoL Compilation)","Permanent Neow","Quick Restart","StSLib","SuperFastMode"],"gold_per_floor":[117,127,145,163,163,163,196,196,196,214,214,214],"floor_reached":11,"playtime":296,"items_purged":["Pain"],"score":150,"play_id":"ed03bfe7-12a6-4b2d-8965-092bf4ab27f4","local_time":"20201227223738","is_ascension_mode":true,"campfire_choices":[{"data":"Ball Lightning","floor":6.0,"key":"SMITH"}],"circlet_count":0,"master_deck":["AscendersBane","Strike_B","Strike_B","Strike_B","Strike_B","Defend_B","Defend_B","Defend_B","Defend_B","Zap","Dualcast","Self Repair","Leap","Capacitor","Genetic Algorithm","Ball Lightning+1","Barrage","Parasite","Doom and Gloom+1"],"relics":["Cracked Core","The Courier","Darkstone Periapt","Molten Egg 2"],"acts_visited":["Exordium"],"potions_floor_usage":[11,11],"damage_taken":[{"damage":7.0,"enemies":"Small Slimes","floor":1.0,"turns":3.0},{"damage":2.0,"enemies":"Jaw Worm","floor":2.0,"turns":4.0},{"damage":14.0,"enemies":"Cultist","floor":3.0,"turns":5.0},{"damage":3.0,"enemies":"2 Fungi Beasts","floor":4.0,"turns":5.0},{"damage":35.0,"enemies":"Lagavulin","floor":7.0,"turns":9.0},{"damage":33.0,"enemies":"Exordium Wildlife","floor":10.0,"turns":6.0},{"damage":48,"enemies":"Gremlin Nob","floor":11,"turns":3}],"seed_played":"-1039199807085470568","potions_obtained":[{"floor":2.0,"key":"FearPotion"},{"floor":10.0,"key":"LiquidMemories"}],"is_trial":false,"path_per_floor":["M","M","M","M","?","R","E","?","T","M","E"],"character_chosen":"DEFECT","items_purchased":["Self Repair","Ball Lightning","Leap","Strength Potion"],"campfire_rested":0,"item_purchase_floors":[0,0,0,0],"current_hp_per_floor":[64,69,62,66,48,48,20,43,43,17,0,0],"gold":214,"neow_bonus":"","is_daily":false,"chose_seed":false,"campfire_upgraded":1,"win_rate":0.0,"timestamp":1609126658,"path_taken":["M","M","M","M","?","R","E","?","T","?","E"],"items_purchased_type":["Card","Card","Card","Potion"],"build_version":"2020-12-22","purchased_purges":1,"victory":false,"max_hp_per_floor":[71,71,71,71,71,71,71,77,77,77,77,77],"card_choices":[{"not_picked":["Steam Power","Leap","Steam"],"picked":"SKIP","floor":1.0},{"not_picked":["Auto Shields","Coolheaded"],"picked":"Capacitor","floor":2.0},{"not_picked":["Heatsinks","Compile Driver"],"picked":"Genetic Algorithm","floor":3.0},{"not_picked":["Stack","Hologram"],"picked":"Ball Lightning","floor":4.0},{"not_picked":["Auto Shields","Consume"],"picked":"Barrage","floor":7.0},{"not_picked":["Self Repair","Ball Lightning+1"],"picked":"Doom and Gloom+1","floor":10.0}],"player_experience":1172101,"relics_obtained":[{"floor":7.0,"key":"Darkstone Periapt"},{"floor":9.0,"key":"Molten Egg 2"}],"event_choices":[{"damage_healed":0.0,"max_hp_gain":0.0,"max_hp_loss":0.0,"gold_gain":0.0,"event_name":"betterThird:BetterScrap","player_choice":"Relic ","floor":5.0,"gold_loss":0.0,"damage_taken":18.0,"cards_obtained":["MarkedMod:PinPointDefense"]},{"damage_healed":17.0,"max_hp_gain":0.0,"max_hp_loss":0.0,"gold_gain":0.0,"event_name":"Mushrooms","player_choice":"Healed and dodged fight","floor":8.0,"gold_loss":0.0,"damage_taken":0.0,"cards_obtained":["Parasite"]}],"is_beta":false,"boss_relics":[],"items_purged_floors":[0],"is_endless":false,"potions_floor_spawned":[2,4,10],"killed_by":"Gremlin Nob","ascension_level":20}}