{"host":"1eo5f82aifdzd7pr","time":1609137068,"event":{"mods":["AchievementEnabler","BaseMod","Colored Map","Colored Powertips","DeckTracker","Minty Spire (QoL Compilation)","SuperFastMode","The Servant 0.9.4"],"gold_per_floor":[16,16,16,39,39,39,58,58,58,58,79,79,118,162,162,162,162],"floor_reached":16,"playtime":615,"items_purged":[],"score":138,"play_id":"3a8a3c3d-1a6e-427d-b126-878622f56088","local_time":"20201228083108","is_ascension_mode":true,"campfire_choices":[{"data":"SilverBlades","floor":6,"key":"SMITH"},{"data":"FanOfKnives","floor":8,"key":"SMITH"},{"data":"Exchange","floor":12,"key":"SMITH"},{"floor":15,"key":"REST"}],"circlet_count":0,"master_deck":["Strike_S","Strike_S","Strike_S","Defend_S","Defend_S","Defend_S","KidneyShot","Exchange+1","FanOfKnives+1","SilverBlades+1","Revamp","ShatteredReality"],"relics":["Uniform","Golden Idol","Gremlin Horn","Matryoshka","Dead Branch"],"acts_visited":["Exordium"],"potions_floor_usage":[13,14,14],"damage_taken":[{"damage":0,"enemies":"Jaw Worm","floor":1,"turns":6},{"damage":0,"enemies":"Small Slimes","floor":4,"turns":2},{"damage":3,"enemies":"2 Louse","floor":7,"turns":2},{"damage":22,"enemies":"Exordium Wildlife","floor":11,"turns":4},{"damage":0,"enemies":"3 Sentries","floor":13,"turns":1},{"damage":0,"enemies":"Blue Slaver","floor":14,"turns":1},{"damage":43,"enemies":"Hexaghost","floor":16,"turns":9}],"seed_played":"-4076312326896237357","potions_obtained":[{"floor":1,"key":"ColorlessPotion"},{"floor":7,"key":"SteroidPotion"},{"floor":11,"key":"AttackPotion"}],"is_trial":false,"path_per_floor":["M","?","?","M","?","R","M","R","T","?","M","R","E","M","R","B"],"character_chosen":"THE_SERVANT","items_purchased":[],"campfire_rested":1,"item_purchase_floors":[],"current_hp_per_floor":[65,49,54,54,54,54,51,51,51,44,22,22,22,22,43,0,0],"gold":162,"neow_bonus":"REMOVE_TWO","is_daily":false,"chose_seed":false,"campfire_upgraded":3,"win_rate":0.0,"timestamp":1609137068,"path_taken":["M","?","?","M","?","R","M","R","T","?","M","R","E","M","R","BOSS"],"items_purchased_type":[],"build_version":"2020-12-22","purchased_purges":0,"victory":false,"max_hp_per_floor":[65,65,70,70,70,70,70,70,70,70,70,70,70,70,70,70,70],"card_choices":[{"not_picked":["SurpressingFire","Starlight"],"picked":"FanOfKnives","floor":1},{"not_picked":["Moonlight","Unruled"],"picked":"SilverBlades","floor":4},{"not_picked":["Desolation","BestPractice"],"picked":"Revamp","floor":7},{"not_picked":["Starlight","Rewind","FastForward"],"picked":"SKIP","floor":11},{"not_picked":["TimeWarp","Embodiment","Luminosity"],"picked":"SKIP","floor":13},{"not_picked":["Read","FastForward"],"picked":"ShatteredReality","floor":14}],"player_experience":717294,"relics_obtained":[{"floor":9,"key":"Gremlin Horn"},{"floor":13,"key":"Dead Branch"}],"event_choices":[{"damage_healed":0,"gold_gain":0,"player_choice":"Take Damage","damage_taken":16,"relics_obtained":["Golden Idol"],"max_hp_gain":0,"max_hp_loss":0,"event_name":"Golden Idol","floor":2,"gold_loss":0},{"damage_healed":0,"gold_gain":0,"player_choice":"Donut","damage_taken":0,"max_hp_gain":5,"max_hp_loss":0,"event_name":"Big Fish","floor":3,"gold_loss":0},{"damage_healed":0,"gold_gain":0,"player_choice":"Ignored","damage_taken":0,"max_hp_gain":0,"max_hp_loss":0,"event_name":"Liars Game","floor":5,"gold_loss":0},{"damage_healed":0,"gold_gain":0,"player_choice":"Success","damage_taken":7,"relics_obtained":["Matryoshka"],"max_hp_gain":0,"max_hp_loss":0,"event_name":"Scrap Ooze","floor":10,"gold_loss":0}],"is_beta":false,"boss_relics":[],"items_purged_floors":[],"is_endless":false,"potions_floor_spawned":[1,7,11],"killed_by":"Hexaghost","ascension_level":2}}