{"host":"9tzam4717zt8ei1o","time":1609168438,"event":{"mods":["BaseMod","Colored Map","Keyboard Shortcuts","Minty Spire (QoL Compilation)","Quick Restart","StSLib","SuperFastMode"],"gold_per_floor":[16,32,32,45,65,65,90,90,90,104,104,121,149,149,149,225,225,239,239,120,120,90,4,21,21,49,118,118,133,133,44,57,57,130,130,149,149,149,165,89,116,16,16,16,16,16,27,27,27],"floor_reached":48,"playtime":1181,"items_purged":["Strike_G","Strike_G"],"score":1076,"play_id":"e3f0e4e9-bb3f-460a-b601-180a46a7858e","local_time":"20201229001358","is_ascension_mode":true,"campfire_choices":[{"data":"Deadly Poison","floor":6.0,"key":"SMITH"},{"data":"Noxious Fumes","floor":8.0,"key":"SMITH"},{"data":"Neutralize","floor":15.0,"key":"SMITH"},{"data":"Crippling Poison","floor":25.0,"key":"SMITH"},{"floor":28.0,"key":"REST"},{"data":"Burst","floor":30.0,"key":"SMITH"},{"data":"Prepared","floor":33.0,"key":"SMITH"},{"data":"Tactician","floor":43.0,"key":"SMITH"},{"data":"Eviscerate","floor":45.0,"key":"SMITH"}],"circlet_count":0,"master_deck":["AscendersBane","Strike_G","Defend_G","Defend_G","Defend_G","Defend_G","Survivor","Neutralize+1","Setup","Endless Agony","Deadly Poison+1","Noxious Fumes+1","Catalyst+1","Backflip","PiercingWail","Burst+1","Eviscerate+1","Noxious Fumes+1","Escape Plan","Noxious Fumes+1","Crippling Poison+1","Well Laid Plans+1","Clumsy","Footwork+1","Prepared+1","Venomology+1","Eviscerate+1","Tactician+1","Shame","Acrobatics"],"relics":["Ring of the Snake","Bag of Preparation","Frozen Egg 2","Bird Faced Urn","Cursed Key","Unceasing Top","Eternal Feather","Black Star","Vajra","Bronze Scales","Torii"],"acts_visited":["Exordium","TheCity","TheBeyond"],"potions_floor_usage":[48,48,48],"damage_taken":[{"damage":5.0,"enemies":"Small Slimes","floor":1.0,"turns":5.0},{"damage":7.0,"enemies":"Jaw Worm","floor":2.0,"turns":5.0},{"damage":1.0,"enemies":"Cultist","floor":4.0,"turns":4.0},{"damage":3.0,"enemies":"Looter","floor":5.0,"turns":4.0},{"damage":13.0,"enemies":"3 Sentries","floor":7.0,"turns":8.0},{"damage":4.0,"enemies":"2 Fungi Beasts","floor":10.0,"turns":4.0},{"damage":11.0,"enemies":"Exordium Thugs","floor":12.0,"turns":5.0},{"damage":0.0,"enemies":"Gremlin Nob","floor":13.0,"turns":3.0},{"damage":9.0,"enemies":"Hexaghost","floor":16.0,"turns":7.0},{"damage":3.0,"enemies":"Spheric Guardian","floor":18.0,"turns":4.0},{"damage":12.0,"enemies":"2 Thieves","floor":22.0,"turns":4.0},{"damage":10.0,"enemies":"Chosen and Byrds","floor":24.0,"turns":4.0},{"damage":38.0,"enemies":"Book of Stabbing","floor":26.0,"turns":5.0},{"damage":19.0,"enemies":"Sentry and Sphere","floor":29.0,"turns":4.0},{"damage":19.0,"enemies":"Snecko","floor":32.0,"turns":7.0},{"damage":23.0,"enemies":"Champ","floor":34.0,"turns":7.0},{"damage":5.0,"enemies":"3 Shapes","floor":36.0,"turns":4.0},{"damage":14.0,"enemies":"3 Darklings","floor":39.0,"turns":4.0},{"damage":38.0,"enemies":"Nemesis","floor":41.0,"turns":7.0},{"damage":45.0,"enemies":"Spire Growth","floor":47.0,"turns":4.0},{"damage":26,"enemies":"Reptomancer","floor":48,"turns":3}],"seed_played":"-4970018925578730838","potions_obtained":[{"floor":5.0,"key":"EssenceOfSteel"},{"floor":12.0,"key":"BlessingOfTheForge"},{"floor":13.0,"key":"Ancient Potion"},{"floor":22.0,"key":"PowerPotion"},{"floor":34.0,"key":"Strength Potion"},{"floor":47.0,"key":"Block Potion"}],"is_trial":false,"path_per_floor":["M","M","?","M","M","R","E","R","T","M","?","M","E","?","R","B",null,"M","?","$","$","M","$","M","R","E","T","R","M","R","$","M","R","B",null,"M","?","?","M","$","E","$","R","T","R","?","M","E"],"character_chosen":"THE_SILENT","items_purchased":["Noxious Fumes+1","Noxious Fumes+1","Footwork+1","Tactician"],"campfire_rested":1,"item_purchase_floors":[20,23,31,40],"current_hp_per_floor":[54,47,47,46,43,43,30,30,30,26,26,15,15,15,15,8,52,51,51,51,51,43,43,39,39,7,7,38,23,35,35,22,37,24,56,57,57,57,53,53,25,25,40,40,55,55,18,0,0],"gold":27,"neow_bonus":"TRANSFORM_TWO_CARDS","is_daily":false,"chose_seed":false,"campfire_upgraded":8,"win_rate":0.0,"timestamp":1609168438,"path_taken":["M","M","?","M","M","R","E","R","T","M","?","?","E","?","R","BOSS","M","?","$","$","M","$","M","R","E","T","R","M","R","?","M","R","BOSS","M","?","?","?","$","E","$","R","T","R","?","M","E"],"items_purchased_type":["Card","Card","Card","Card"],"build_version":"2020-12-22","purchased_purges":2,"victory":false,"max_hp_per_floor":[66,66,66,66,66,66,66,66,66,66,66,66,66,66,66,66,66,66,66,66,66,66,66,66,66,66,66,66,66,66,66,66,66,66,66,66,66,66,66,66,66,66,66,66,66,63,63,63,63],"card_choices":[{"not_picked":["Poisoned Stab","Cloak And Dagger"],"picked":"Deadly Poison","floor":1.0},{"not_picked":["Underhanded Strike","Concentrate"],"picked":"Noxious Fumes","floor":2.0},{"not_picked":["Slice","Poisoned Stab","Bane"],"picked":"SKIP","floor":4.0},{"not_picked":["Endless Agony","Poisoned Stab","Predator"],"picked":"SKIP","floor":5.0},{"not_picked":["Caltrops","PiercingWail"],"picked":"Catalyst","floor":7.0},{"not_picked":["Predator","Finisher","Deadly Poison"],"picked":"SKIP","floor":10.0},{"not_picked":["Predator","Bane"],"picked":"Backflip","floor":12.0},{"not_picked":["Eviscerate","Dagger Spray"],"picked":"PiercingWail","floor":13.0},{"not_picked":["Die Die Die","Doppelganger"],"picked":"Burst","floor":16.0},{"not_picked":["Dodge and Roll","Underhanded Strike+1"],"picked":"Eviscerate","floor":18.0},{"not_picked":["Deflect","All Out Attack"],"picked":"Escape Plan","floor":22.0},{"not_picked":["Crippling Poison","Quick Slash","Dodge and Roll"],"picked":"SKIP","floor":24.0},{"not_picked":["Quick Slash","Dodge and Roll"],"picked":"Crippling Poison","floor":24.0},{"not_picked":["Endless Agony","Caltrops+1"],"picked":"Well Laid Plans+1","floor":26.0},{"not_picked":["Sucker Punch","Noxious Fumes+1","All Out Attack"],"picked":"SKIP","floor":29.0},{"not_picked":["Concentrate","Dagger Spray"],"picked":"Prepared","floor":32.0},{"not_picked":["A Thousand Cuts+1","Bullet Time"],"picked":"Venomology","floor":34.0},{"not_picked":["Endless Agony","Blade Dance","Well Laid Plans+1"],"picked":"SKIP","floor":36.0},{"not_picked":["PiercingWail","Prepared"],"picked":"Eviscerate","floor":39.0},{"not_picked":["Backflip","Slice","Dagger Spray+1"],"picked":"SKIP","floor":41.0},{"not_picked":["Grand Finale","Eviscerate"],"picked":"Acrobatics","floor":47.0}],"player_experience":126003,"relics_obtained":[{"floor":7.0,"key":"Bag of Preparation"},{"floor":9.0,"key":"Frozen Egg 2"},{"floor":13.0,"key":"Bird Faced Urn"},{"floor":26.0,"key":"Unceasing Top"},{"floor":27.0,"key":"Eternal Feather"},{"floor":41.0,"key":"Vajra"},{"floor":41.0,"key":"Bronze Scales"},{"floor":44.0,"key":"Torii"}],"event_choices":[{"cards_removed":["Strike_G"],"damage_healed":0.0,"max_hp_gain":0.0,"max_hp_loss":0.0,"gold_gain":0.0,"event_name":"Living Wall","player_choice":"Forget","floor":3.0,"gold_loss":0.0,"damage_taken":0.0},{"damage_healed":0.0,"max_hp_gain":0.0,"max_hp_loss":0.0,"gold_gain":0.0,"event_name":"Upgrade Shrine","player_choice":"Upgraded","floor":11.0,"gold_loss":0.0,"damage_taken":0.0,"cards_upgraded":["Catalyst"]},{"damage_healed":0.0,"max_hp_gain":0.0,"max_hp_loss":0.0,"gold_gain":0.0,"event_name":"Dead Adventurer","player_choice":"Searched \u00270\u0027 times","floor":14.0,"gold_loss":0.0,"damage_taken":0.0},{"damage_healed":0.0,"max_hp_gain":0.0,"max_hp_loss":0.0,"gold_gain":0.0,"event_name":"Accursed Blacksmith","player_choice":"Forge","floor":19.0,"gold_loss":0.0,"damage_taken":0.0,"cards_upgraded":["Eviscerate"]},{"damage_healed":0.0,"max_hp_gain":0.0,"max_hp_loss":0.0,"gold_gain":0.0,"event_name":"Tomb of Lord Red Mask","player_choice":"Ignored","floor":37.0,"gold_loss":0.0,"damage_taken":0.0},{"damage_healed":0.0,"max_hp_gain":0.0,"max_hp_loss":0.0,"gold_gain":0.0,"event_name":"Upgrade Shrine","player_choice":"Upgraded","floor":38.0,"gold_loss":0.0,"damage_taken":0.0,"cards_upgraded":["Venomology"]},{"damage_healed":0.0,"max_hp_gain":0.0,"max_hp_loss":3.0,"gold_gain":0.0,"event_name":"Winding Halls","player_choice":"Max HP","floor":46.0,"gold_loss":0.0,"damage_taken":0.0}],"is_beta":false,"boss_relics":[{"not_picked":["Philosopher\u0027s Stone","Runic Dome"],"picked":"Cursed Key"},{"not_picked":["Sozu","Velvet Choker"],"picked":"Black Star"}],"items_purged_floors":[20,42],"is_endless":false,"potions_floor_spawned":[5,12,13,16,18,22,34,47],"killed_by":"Reptomancer","ascension_level":20}}