{"host":"lgcfsflrbypvnipj","time":1609131479,"event":{"mods":["2.2 Compatiblity","BaseMod","Bestiary","Block Reminder","Colored Map","Colored Powertips","Hermit","Minty Spire (QoL Compilation)","Quick Restart","Rare Cards Sparkle","Relic Stats","StSLib","everything is the same but u backflip on backflip"],"gold_per_floor":[110,125,95,113,37,64,64,98,123,137,147,147,162,180,180,275,275,290,306,306,341,20,40,58,87,110,72,105,105,105,55,55,152,152,164,386,386,386,405,405,352,21,21,21,39,54,69,88,88,88],"floor_reached":51,"playtime":2132,"items_purged":["hermit:Strike_Hermit","hermit:Defend_Hermit","hermit:Defend_Hermit"],"score":849,"play_id":"12f7cfdd-a887-4163-93cd-a119214f2249","local_time":"20201227235759","is_ascension_mode":false,"campfire_choices":[{"data":"hermit:GoldenBullet","floor":7,"key":"SMITH"},{"data":"hermit:Manifest","floor":12,"key":"SMITH"},{"data":"hermit:Dissolve","floor":15,"key":"SMITH"},{"floor":29,"key":"REST"},{"floor":32,"key":"REST"},{"floor":40,"key":"REST"},{"floor":44,"key":"REST"},{"floor":49,"key":"REST"}],"circlet_count":0,"master_deck":["hermit:Strike_Hermit+1","hermit:Defend_Hermit+1","hermit:Defend_Hermit","hermit:Snapshot","hermit:Covet","hermit:Cheat","hermit:Glare+1","hermit:GoldenBullet+1","hermit:Malice","hermit:Headshot+1","hermit:Brawl","hermit:Manifest+1","hermit:LuckOfTheDraw","hermit:Dissolve+1","hermit:Reprieve","Necronomicurse","hermit:Dive+1","hermit:FinalCanter","hermit:Determination","J.A.X.","hermit:Magnum","hermit:NoHoldsBarred","hermit:OverwhelmingPower"],"relics":["hermit:Momento","NeowsBlessing","War Paint","Potion Belt","PreservedInsect","Fusion Hammer","Necronomicon","Red Mask","Medical Kit","Bottled Flame","Whetstone","Smiling Mask","Empty Cage","CaptainsWheel","Vajra","White Beast Statue"],"acts_visited":["Exordium","TheCity","TheBeyond"],"potions_floor_usage":[6,6,8,18,33,33,33,46,47,47,50,50,50,50],"damage_taken":[{"damage":0,"enemies":"Cultist","floor":1,"turns":1},{"damage":0,"enemies":"2 Louse","floor":2,"turns":1},{"damage":0,"enemies":"Jaw Worm","floor":4,"turns":1},{"damage":26,"enemies":"Lagavulin","floor":6,"turns":5},{"damage":0,"enemies":"Gremlin Nob","floor":8,"turns":2},{"damage":0,"enemies":"Exordium Wildlife","floor":10,"turns":2},{"damage":0,"enemies":"Looter","floor":11,"turns":2},{"damage":0,"enemies":"Large Slime","floor":13,"turns":4},{"damage":0,"enemies":"2 Fungi Beasts","floor":14,"turns":2},{"damage":11,"enemies":"The Guardian","floor":16,"turns":11},{"damage":0,"enemies":"2 Thieves","floor":18,"turns":3},{"damage":0,"enemies":"Chosen","floor":19,"turns":3},{"damage":10,"enemies":"Masked Bandits","floor":21,"turns":3},{"damage":9,"enemies":"Centurion and Healer","floor":23,"turns":9},{"damage":0,"enemies":"3 Cultists","floor":24,"turns":3},{"damage":0,"enemies":"Slavers","floor":25,"turns":6},{"damage":5,"enemies":"Book of Stabbing","floor":28,"turns":3},{"damage":40,"enemies":"Automaton","floor":33,"turns":11},{"damage":21,"enemies":"3 Darklings","floor":35,"turns":6},{"damage":20,"enemies":"3 Shapes","floor":39,"turns":4},{"damage":12,"enemies":"Jaw Worm Horde","floor":45,"turns":4},{"damage":0,"enemies":"Spire Growth","floor":46,"turns":3},{"damage":16,"enemies":"Writhing Mass","floor":47,"turns":4},{"damage":31,"enemies":"Maw","floor":48,"turns":8},{"damage":58,"enemies":"Donu and Deca","floor":50,"turns":7}],"seed_played":"2976002798128333799","potions_obtained":[{"floor":1,"key":"SteroidPotion"},{"floor":3,"key":"Explosive Potion"},{"floor":3,"key":"SmokeBomb"},{"floor":6,"key":"Fire Potion"},{"floor":10,"key":"AttackPotion"},{"floor":13,"key":"Fire Potion"},{"floor":14,"key":"FearPotion"},{"floor":16,"key":"Strength Potion"},{"floor":19,"key":"hermit:Tonic"},{"floor":33,"key":"Fruit Juice"},{"floor":35,"key":"SkillPotion"},{"floor":46,"key":"ColorlessPotion"},{"floor":47,"key":"SpeedPotion"},{"floor":48,"key":"Regen Potion"}],"is_trial":false,"path_per_floor":["M","M","?","M","$","E","R","E","T","M","M","R","M","M","R","B",null,"M","M","?","?","$","M","M","E","T","$","E","R","?","$","R","B",null,"M","?","?","?","M","R","?","$","T","R","M","M","M","M","R","B",null],"character_chosen":"HERMIT","items_purchased":["hermit:Malice","Medical Kit","CultistPotion","hermit:Determination","hermit:NoHoldsBarred","Vajra","SkillPotion"],"campfire_rested":5,"item_purchase_floors":[5,22,22,27,42,42,42],"current_hp_per_floor":[75,75,75,75,75,49,49,49,49,49,49,49,49,49,49,38,75,75,75,59,53,53,44,44,56,56,56,51,73,73,73,75,40,80,79,79,69,69,49,73,73,73,73,80,68,68,60,29,53,10],"gold":88,"neow_bonus":"THREE_ENEMY_KILL","is_daily":false,"chose_seed":false,"campfire_upgraded":3,"win_rate":0.0,"timestamp":1609131479,"path_taken":["M","?","?","M","$","E","R","E","T","M","M","R","?","M","R","BOSS","M","M","?","?","$","M","M","E","T","?","E","R","?","?","R","BOSS","M","?","?","?","?","R","?","$","T","R","?","M","M","M","R","BOSS"],"items_purchased_type":["Card","Relic","Potion","Card","Card","Relic","Potion"],"build_version":"2020-12-22","purchased_purges":3,"victory":true,"max_hp_per_floor":[75,75,75,75,75,75,75,75,75,75,75,75,75,75,75,75,75,75,75,75,75,75,75,75,75,75,75,75,75,75,75,75,80,80,80,80,80,80,80,80,80,80,80,80,80,80,80,80,80,80],"relic_stats":{"counters":[25,108],"PreservedInsect":80,"Necronomicon":[21],"Whetstone":["hermit:Strike_Hermit","hermit:Headshot"],"War Paint":["hermit:Defend_Hermit","hermit:Glare"],"Medical Kit":[4],"Smiling Mask":125,"obtain_stats":[{"Potion Belt":8,"NeowsBlessing":0,"Vajra":42,"PreservedInsect":9,"Whetstone":26,"War Paint":6,"Medical Kit":22,"Smiling Mask":28,"Empty Cage":34,"White Beast Statue":43,"Bottled Flame":25,"CaptainsWheel":41,"Fusion Hammer":17,"Necronomicon":20,"Red Mask":21,"hermit:Momento":0},{"Potion Belt":5,"NeowsBlessing":0,"Vajra":20,"PreservedInsect":5,"Whetstone":16,"War Paint":4,"Medical Kit":13,"Smiling Mask":17,"Empty Cage":18,"White Beast Statue":20,"Bottled Flame":16,"CaptainsWheel":20,"Fusion Hammer":10,"Necronomicon":12,"Red Mask":13,"hermit:Momento":0},{"Potion Belt":10,"NeowsBlessing":0,"Vajra":82,"PreservedInsect":10,"Whetstone":58,"War Paint":8,"Medical Kit":40,"Smiling Mask":61,"Empty Cage":72,"White Beast Statue":82,"Bottled Flame":58,"CaptainsWheel":82,"Fusion Hammer":31,"Necronomicon":37,"Red Mask":40,"hermit:Momento":0}]},"card_choices":[{"not_picked":["hermit:HighCaliber","hermit:Coalescence"],"picked":"hermit:Cheat","floor":1},{"not_picked":["hermit:Desperado","hermit:Dive"],"picked":"hermit:Glare","floor":2},{"not_picked":["hermit:Glare","hermit:BigShot"],"picked":"hermit:GoldenBullet","floor":4},{"not_picked":["hermit:TakeAim","hermit:GoldenBullet"],"picked":"hermit:Headshot","floor":6},{"not_picked":["hermit:Headshot","hermit:Quickdraw"],"picked":"hermit:Brawl","floor":8},{"not_picked":["hermit:Glare","hermit:TakeCover","hermit:ItchyTrigger"],"picked":"SKIP","floor":10},{"not_picked":["hermit:Coalescence","hermit:HeroicBravado"],"picked":"hermit:Manifest","floor":11},{"not_picked":["hermit:FullyLoaded","hermit:Roulette"],"picked":"hermit:LuckOfTheDraw","floor":13},{"not_picked":["hermit:GhostlyPresence","hermit:CalledShot"],"picked":"hermit:Dissolve","floor":14},{"not_picked":["hermit:FromBeyond","hermit:DeadOrAlive"],"picked":"hermit:Reprieve","floor":16},{"not_picked":["hermit:Quickdraw","hermit:Headshot","hermit:Coalescence"],"picked":"SKIP","floor":18},{"not_picked":["hermit:Ricochet","hermit:Feint","hermit:Headshot"],"picked":"SKIP","floor":19},{"not_picked":["hermit:Enervate","hermit:Glare"],"picked":"hermit:Dive+1","floor":21},{"not_picked":["hermit:Shortfuse","hermit:Quickdraw","hermit:CalledShot"],"picked":"SKIP","floor":23},{"not_picked":["hermit:Horror","hermit:Quickdraw","hermit:Showdown"],"picked":"SKIP","floor":24},{"not_picked":["hermit:TakeAim","hermit:Quickdraw"],"picked":"hermit:FinalCanter","floor":25},{"not_picked":["hermit:Headshot","hermit:CalledShot+1","hermit:Grudge"],"picked":"SKIP","floor":28},{"not_picked":["hermit:DeadOrAlive","hermit:Reprieve"],"picked":"hermit:Magnum","floor":33},{"not_picked":["hermit:TrackingShot","hermit:Quickdraw+1","hermit:LuckOfTheDraw"],"picked":"SKIP","floor":35},{"not_picked":["hermit:Cheat+1","hermit:Glare+1","hermit:BodyArmor+1"],"picked":"SKIP","floor":39},{"not_picked":["hermit:Midnight","hermit:LuckOfTheDraw","hermit:Brawl"],"picked":"SKIP","floor":45},{"not_picked":["hermit:Headshot+1","hermit:Manifest","hermit:Quickdraw+1"],"picked":"SKIP","floor":46},{"not_picked":["hermit:Misfire","hermit:LowProfile+1","hermit:Enervate+1"],"picked":"SKIP","floor":47},{"not_picked":["hermit:LowProfile+1","hermit:Enervate+1"],"picked":"hermit:OverwhelmingPower","floor":48}],"player_experience":8046,"relics_obtained":[{"floor":6,"key":"War Paint"},{"floor":8,"key":"Potion Belt"},{"floor":9,"key":"PreservedInsect"},{"floor":20,"key":"Necronomicon"},{"floor":21,"key":"Red Mask"},{"floor":25,"key":"Bottled Flame"},{"floor":26,"key":"Whetstone"},{"floor":28,"key":"Smiling Mask"},{"floor":43,"key":"White Beast Statue"}],"event_choices":[{"damage_healed":0,"gold_gain":0,"player_choice":"Bought 2 Potions","damage_taken":0,"max_hp_gain":0,"max_hp_loss":0,"event_name":"The Woman in Blue","floor":3,"gold_loss":0},{"damage_healed":0,"gold_gain":0,"player_choice":"Obtained Book","damage_taken":16,"max_hp_gain":0,"max_hp_loss":0,"event_name":"Cursed Tome","floor":20,"gold_loss":0},{"damage_healed":0,"gold_gain":0,"player_choice":"Fought Bandits","damage_taken":0,"max_hp_gain":0,"max_hp_loss":0,"event_name":"Masked Bandits","floor":21,"gold_loss":0},{"damage_healed":0,"gold_gain":0,"player_choice":"Obtain J.A.X.","damage_taken":0,"max_hp_gain":0,"max_hp_loss":0,"event_name":"Drug Dealer","floor":30,"gold_loss":0,"cards_obtained":["J.A.X."]},{"damage_healed":0,"gold_gain":222,"player_choice":"Wore Mask","damage_taken":0,"max_hp_gain":0,"max_hp_loss":0,"event_name":"Tomb of Lord Red Mask","floor":36,"gold_loss":0},{"damage_healed":0,"gold_gain":0,"player_choice":"Memory 3","damage_taken":10,"max_hp_gain":0,"max_hp_loss":0,"event_name":"SensoryStone","floor":37,"gold_loss":0},{"damage_healed":0,"gold_gain":0,"player_choice":"Ignored","damage_taken":0,"max_hp_gain":0,"max_hp_loss":0,"event_name":"SecretPortal","floor":38,"gold_loss":0},{"damage_healed":0,"gold_gain":0,"player_choice":"Paid Gold","damage_taken":0,"relics_obtained":["CaptainsWheel"],"max_hp_gain":0,"max_hp_loss":0,"event_name":"WeMeetAgain","floor":41,"gold_loss":53}],"is_beta":false,"boss_relics":[{"not_picked":["hermit:ClaspedLocket","Philosopher\u0027s Stone"],"picked":"Fusion Hammer"},{"not_picked":["Runic Dome","Tiny House"],"picked":"Empty Cage"}],"items_purged_floors":[22,31,42],"is_endless":false,"potions_floor_spawned":[1,6,10,13,14,16,19,24,25,33,35,45,46,47,48],"ascension_level":0}}