{"host":"dhlnk6yox2l1s6up","time":1609120357,"event":{"mods":["BaseMod","Colored Map","Highlight Path","Minty Spire (QoL Compilation)","Relic Stats","StSLib"],"gold_per_floor":[118,135,146,221,221,256,256,296,345,379,379,449,462,114,114,239,239,258,10,10,88,88,88,88],"floor_reached":23,"playtime":1467,"items_purged":["Strike_P","Strike_P"],"score":392,"play_id":"9653ae60-4412-4750-9f84-aceaa2a2cffe","local_time":"20201227195237","is_ascension_mode":true,"campfire_choices":[{"data":"FlyingSleeves","floor":7,"key":"SMITH"},{"data":"Tantrum","floor":11,"key":"SMITH"},{"floor":15,"key":"REST"}],"circlet_count":0,"master_deck":["Defend_P","Defend_P","Defend_P","Defend_P","Eruption","Vigilance","CutThroughFate","FlyingSleeves+1","Conclude","FlurryOfBlows","Tantrum+1","Prostrate","Evaluate","DevaForm","Wish","MentalFortress+1","Prostrate","Tantrum","Establishment"],"relics":["PureWater","Oddly Smooth Stone","Golden Idol","Gremlin Horn","Tiny Chest","Blood Vial","Smiling Mask","TungstenRod","Membership Card","Bronze Scales","SacredBark","Juzu Bracelet","OrangePellets","The Courier"],"acts_visited":["Exordium","TheCity"],"potions_floor_usage":[12,23],"damage_taken":[{"damage":0.0,"enemies":"Jaw Worm","floor":1.0,"turns":4.0},{"damage":0,"enemies":"2 Louse","floor":2,"turns":4},{"damage":0,"enemies":"Small Slimes","floor":3,"turns":4},{"damage":19,"enemies":"Lagavulin","floor":6,"turns":7},{"damage":0,"enemies":"Gremlin Nob","floor":8,"turns":2},{"damage":9,"enemies":"3 Sentries","floor":10,"turns":5},{"damage":14,"enemies":"3 Sentries","floor":12,"turns":6},{"damage":0,"enemies":"2 Fungi Beasts","floor":13,"turns":1},{"damage":0,"enemies":"Slime Boss","floor":16,"turns":4},{"damage":5,"enemies":"Chosen","floor":18,"turns":4},{"damage":59,"enemies":"Book of Stabbing","floor":23,"turns":6}],"seed_played":"-6957808934158359478","potions_obtained":[{"floor":3,"key":"GamblersBrew"},{"floor":6,"key":"SmokeBomb"},{"floor":12,"key":"Strength Potion"},{"floor":13,"key":"Explosive Potion"}],"is_trial":false,"path_per_floor":["M","M","M","?","?","E","R","E","T","E","R","?","M","$","R","B",null,"M","$","?","T","?","E"],"character_chosen":"WATCHER","items_purchased":["Membership Card","DevaForm","Bronze Scales","Prostrate","Juzu Bracelet","OrangePellets","Ancient Potion"],"campfire_rested":1,"item_purchase_floors":[14,14,14,19,19,19,19],"current_hp_per_floor":[65,65,65,54,54,35,35,35,35,28,28,16,18,18,38,40,60,57,57,57,57,57,0,0],"gold":88,"neow_bonus":"RANDOM_COMMON_RELIC","is_daily":false,"chose_seed":false,"campfire_upgraded":2,"win_rate":0.0,"timestamp":1609120357,"path_taken":["M","M","M","?","?","E","R","E","T","E","R","?","?","$","R","BOSS","M","$","?","?","?","E"],"items_purchased_type":["Relic","Card","Relic","Card","Relic","Relic","Potion"],"build_version":"2020-12-22","purchased_purges":2,"victory":false,"max_hp_per_floor":[72,72,72,72,67,67,67,67,67,67,67,67,67,67,67,67,67,67,67,67,67,67,67,67],"relic_stats":{"Blood Vial":12,"OrangePellets":[0],"Gremlin Horn":[4,4],"counters":[11,47],"Golden Idol":75,"Bronze Scales":[48],"Tiny Chest":1,"Juzu Bracelet":0,"Smiling Mask":-12,"obtain_stats":[{"Gremlin Horn":6,"Golden Idol":5,"SacredBark":17,"Oddly Smooth Stone":0,"The Courier":21,"Juzu Bracelet":19,"Smiling Mask":10,"Blood Vial":9,"OrangePellets":19,"Bronze Scales":14,"Tiny Chest":8,"Membership Card":14,"PureWater":0,"TungstenRod":12},{"Gremlin Horn":4,"Golden Idol":3,"SacredBark":9,"Oddly Smooth Stone":0,"The Courier":10,"Juzu Bracelet":10,"Smiling Mask":6,"Blood Vial":5,"OrangePellets":10,"Bronze Scales":8,"Tiny Chest":5,"Membership Card":8,"PureWater":0,"TungstenRod":7},{"Gremlin Horn":19,"Golden Idol":12,"SacredBark":37,"Oddly Smooth Stone":0,"The Courier":41,"Juzu Bracelet":41,"Smiling Mask":26,"Blood Vial":21,"OrangePellets":41,"Bronze Scales":33,"Tiny Chest":21,"Membership Card":33,"PureWater":0,"TungstenRod":32}],"TungstenRod":13},"card_choices":[{"not_picked":["CrushJoints","EmptyFist"],"picked":"CutThroughFate","floor":1},{"not_picked":["Evaluate","Wireheading"],"picked":"FlyingSleeves","floor":2},{"not_picked":["FollowUp","ReachHeaven","CrushJoints"],"picked":"SKIP","floor":3},{"not_picked":["Swivel","WindmillStrike"],"picked":"Conclude","floor":6},{"not_picked":["SashWhip","Weave"],"picked":"FlurryOfBlows","floor":8},{"not_picked":["FlurryOfBlows","Prostrate"],"picked":"Tantrum","floor":10},{"not_picked":["FollowUp","BowlingBash"],"picked":"Prostrate","floor":12},{"not_picked":["EmptyFist","Prostrate"],"picked":"Evaluate","floor":13},{"not_picked":["MasterReality","Ragnarok"],"picked":"Wish","floor":16},{"not_picked":["FlyingSleeves","Vengeance"],"picked":"MentalFortress+1","floor":18}],"player_experience":5673072,"relics_obtained":[{"floor":6,"key":"Gremlin Horn"},{"floor":8,"key":"Tiny Chest"},{"floor":9,"key":"Blood Vial"},{"floor":10,"key":"Smiling Mask"},{"floor":12,"key":"TungstenRod"},{"floor":21,"key":"The Courier"}],"event_choices":[{"damage_healed":0,"gold_gain":75,"player_choice":"Gather Gold","damage_taken":11,"max_hp_gain":0,"max_hp_loss":0,"event_name":"World of Goop","floor":4,"gold_loss":0},{"damage_healed":0,"gold_gain":0,"player_choice":"Lose Max HP","damage_taken":0,"relics_obtained":["Golden Idol"],"max_hp_gain":0,"max_hp_loss":5,"event_name":"Golden Idol","floor":5,"gold_loss":0},{"damage_healed":0,"gold_gain":0,"player_choice":"Searched \u00272\u0027 times","damage_taken":0,"max_hp_gain":0,"max_hp_loss":0,"event_name":"Dead Adventurer","floor":12,"gold_loss":0},{"damage_healed":0,"gold_gain":0,"cards_transformed":["Strike_P","Strike_P"],"player_choice":"Became Test Subject","damage_taken":0,"max_hp_gain":0,"max_hp_loss":0,"event_name":"Drug Dealer","floor":20,"gold_loss":0,"cards_obtained":["Tantrum","Establishment"]},{"damage_healed":0,"gold_gain":0,"player_choice":"Ignored","damage_taken":0,"max_hp_gain":0,"max_hp_loss":0,"event_name":"Beggar","floor":22,"gold_loss":0}],"is_beta":false,"boss_relics":[{"not_picked":["Tiny House","Sozu"],"picked":"SacredBark"}],"items_purged_floors":[14,19],"is_endless":false,"potions_floor_spawned":[3,6,12,13],"killed_by":"Book of Stabbing","ascension_level":8}}