{"host":"agbyy69nq62afhwx","time":1609163411,"event":{"mods":["BaseMod","Colored Map","DeckTracker","Highlight Path","Keyboard Shortcuts","Minty Spire (QoL Compilation)","Quick Restart","StSLib","SuperFastMode","everything is the same but u backflip on backflip"],"gold_per_floor":[117,127,140,61,61,61,78,109,158,158,174,191,191,217,217,296,296,312,312,312,312],"floor_reached":20,"playtime":572,"items_purged":[],"score":347,"play_id":"3997b18c-2f42-49da-8bc2-b42c4f67b013","local_time":"20201228225011","is_ascension_mode":true,"campfire_choices":[{"data":"Accuracy","floor":6.0,"key":"SMITH"},{"floor":10.0,"key":"REST"},{"floor":13.0,"key":"REST"},{"data":"Cloak And Dagger","floor":15.0,"key":"SMITH"}],"circlet_count":0,"master_deck":["AscendersBane","Defend_G","Defend_G","Defend_G","Defend_G","Defend_G","Survivor","Neutralize","Cloak And Dagger","Distraction","Accuracy+1","Cloak And Dagger+1","Finisher","Escape Plan","Envenom","Bite","Bite","Bite","Bite","Bite"],"relics":["Ring of the Snake","Mango","Mercury Hourglass","Smiling Mask","Odd Mushroom","Runic Pyramid"],"acts_visited":["Exordium","TheCity"],"potions_floor_usage":[],"damage_taken":[{"damage":0.0,"enemies":"Cultist","floor":1.0,"turns":4.0},{"damage":5.0,"enemies":"Small Slimes","floor":2.0,"turns":4.0},{"damage":3.0,"enemies":"Jaw Worm","floor":3.0,"turns":4.0},{"damage":5.0,"enemies":"Blue Slaver","floor":7.0,"turns":5.0},{"damage":26.0,"enemies":"3 Sentries","floor":8.0,"turns":14.0},{"damage":8.0,"enemies":"Exordium Wildlife","floor":11.0,"turns":3.0},{"damage":8.0,"enemies":"Large Slime","floor":12.0,"turns":7.0},{"damage":7.0,"enemies":"The Mushroom Lair","floor":14.0,"turns":4.0},{"damage":14.0,"enemies":"Hexaghost","floor":16.0,"turns":9.0},{"damage":47,"enemies":"2 Thieves","floor":18,"turns":5},{"damage":24,"enemies":"3 Byrds","floor":20,"turns":2}],"seed_played":"-6079409154746329732","potions_obtained":[{"floor":1.0,"key":"PowerPotion"},{"floor":2.0,"key":"DistilledChaos"},{"floor":16.0,"key":"Weak Potion"}],"is_trial":false,"path_per_floor":["M","M","M","$","?","R","M","E","T","R","M","M","R","?","R","B",null,"M","?","M"],"character_chosen":"THE_SILENT","items_purchased":["Accuracy"],"campfire_rested":2,"item_purchase_floors":[4],"current_hp_per_floor":[58,53,50,50,43,43,38,12,12,36,28,20,44,37,37,23,66,19,19,0,0],"gold":312,"neow_bonus":"ONE_RARE_RELIC","is_daily":false,"chose_seed":false,"campfire_upgraded":2,"win_rate":0.0,"timestamp":1609163411,"path_taken":["M","M","?","$","?","R","M","E","T","R","M","M","R","?","R","BOSS","M","?","M"],"items_purchased_type":["Card"],"build_version":"2020-12-22","purchased_purges":0,"victory":false,"max_hp_per_floor":[80,80,80,80,80,80,80,80,80,80,80,80,80,80,80,80,80,80,56,56,56],"card_choices":[{"not_picked":["Crippling Poison","Outmaneuver"],"picked":"Cloak And Dagger","floor":1.0},{"not_picked":["Outmaneuver","Prepared"],"picked":"Distraction","floor":2.0},{"not_picked":["Deflect","Dodge and Roll","Endless Agony"],"picked":"SKIP","floor":3.0},{"not_picked":["Quick Slash","Backflip"],"picked":"Cloak And Dagger","floor":7.0},{"not_picked":["Tactician","Skewer","Outmaneuver"],"picked":"SKIP","floor":8.0},{"not_picked":["Quick Slash","Footwork","Bane"],"picked":"SKIP","floor":11.0},{"not_picked":["Flechettes","Deadly Poison"],"picked":"Finisher","floor":12.0},{"not_picked":["Cloak And Dagger","All Out Attack"],"picked":"Escape Plan","floor":14.0},{"not_picked":["Glass Knife","Die Die Die"],"picked":"Envenom","floor":16.0},{"not_picked":["Slice","Riddle With Holes","Quick Slash"],"picked":"SKIP","floor":18}],"player_experience":392925,"relics_obtained":[{"floor":8.0,"key":"Mercury Hourglass"},{"floor":9.0,"key":"Smiling Mask"},{"floor":14.0,"key":"Odd Mushroom"}],"event_choices":[{"cards_removed":["Strike_G"],"damage_healed":0.0,"max_hp_gain":0.0,"max_hp_loss":0.0,"gold_gain":0.0,"event_name":"Golden Wing","player_choice":"Card Removal","floor":5.0,"gold_loss":0.0,"damage_taken":7.0},{"damage_healed":0.0,"max_hp_gain":0.0,"max_hp_loss":0.0,"gold_gain":0.0,"event_name":"Mushrooms","player_choice":"Fought Mushrooms","floor":14.0,"gold_loss":0.0,"damage_taken":0.0},{"damage_healed":0,"gold_gain":0,"player_choice":"Became a vampire","damage_taken":0,"max_hp_gain":0,"max_hp_loss":24,"event_name":"Vampires","floor":19,"gold_loss":0,"cards_obtained":["Bite","Bite","Bite","Bite","Bite"]}],"is_beta":false,"boss_relics":[{"not_picked":["Cursed Key","SlaversCollar"],"picked":"Runic Pyramid"}],"items_purged_floors":[],"is_endless":false,"potions_floor_spawned":[1,2,14,16],"killed_by":"3 Byrds","ascension_level":17}}