{"host":"a8v0czv88scrgx5i","time":1609116344,"event":{"mods":["2.2 Compatiblity","Act Like it!","Aspiration","Astrologer","Bard","BaseMod","Beaked The Cultist","Better Third Choice","BetterRewards","Colored Map","Colored Powertips","Curses Come First","Dota2Spire","Downfall","Friendly Minions","GifTheSpireLib","GungeonMod","Hermit","Hubris","Infinite Spire","Luminous","Marisa????????","Minty Spire (QoL Compilation)","READ ME - Guardian Mod","Rare Cards Sparkle","Relic Sorter","Replay The Spire","Shade Mod","Shop Mod","StSLib","The Animator","The Blackbeard","The Bug Knight","The Construct","The Cursed","The Disciple","The Elementalist","The Hierophant","The Jungle","The Mystic","The Necromancer","The Runesmith","The Servant 0.9.4","The Spell Scribe","vexMod"],"gold_per_floor":[99,117,128,128,138,149,149,149,74,86,71,71,71,85,105,105,105,105],"floor_reached":16,"playtime":1160,"items_purged":[],"score":94,"play_id":"2ca649b2-3a5c-45f3-9996-cb7aedc963b7","local_time":"20201227194544","is_ascension_mode":false,"campfire_choices":[{"floor":1,"key":"RECALL"},{"floor":9,"key":"REST"},{"floor":13,"key":"REST"}],"circlet_count":0,"master_deck":["champ:BladeFlurry+1","champ:Strike","champ:Strike","champ:Defend","champ:Defend","champ:Defend","champ:Execute","champ:Taunt","champ:GladiatorStyle","champ:Haymaker","champ:FightOn","champ:GladiatorsShout","champ:RageSigil","champ:BladeFlurry"],"relics":["Replay:Drink Me","downfall:HeartBlessingRed"],"acts_visited":["Exordium"],"potions_floor_usage":[14,16,16,16],"damage_taken":[{"damage":10,"enemies":"Small Slimes","floor":2,"turns":12},{"damage":5,"enemies":"Cultist","floor":3,"turns":3},{"damage":0,"enemies":"2 Louse","floor":5,"turns":4},{"damage":55,"enemies":"Lots of Slimes","floor":6,"turns":9},{"damage":8,"enemies":"Red Slaver","floor":10,"turns":6},{"damage":5,"enemies":"downfall:FleeingMerchant","floor":11,"turns":4},{"damage":0,"enemies":"Gremlin Gang","floor":14,"turns":8},{"damage":8,"enemies":"Exordium Wildlife","floor":15,"turns":5},{"damage":20,"enemies":"downfall:Silent","floor":16,"turns":6}],"seed_played":"-1415237550539215277","potions_obtained":[{"floor":2,"key":"SkillPotion"},{"floor":6,"key":"Strength Potion"},{"floor":14,"key":"GamblersBrew"},{"floor":15,"key":"DistilledChaos"}],"is_trial":false,"path_per_floor":["R","M","M","?","M","M","T","?","R","M","$","?","R","M","M","B"],"character_chosen":"THE_CHAMP","items_purchased":[],"campfire_rested":2,"item_purchase_floors":[],"current_hp_per_floor":[68,68,63,48,48,4,4,4,24,16,11,4,24,24,16,0,0,0],"gold":105,"neow_bonus":"BOSS_RELIC","is_daily":false,"chose_seed":false,"campfire_upgraded":0,"win_rate":0.0,"timestamp":1609116344,"path_taken":["R","M","M","?","?","M","T","?","R","?","?","?","R","M","M","BOSS"],"items_purchased_type":[],"build_version":"2020-12-22","purchased_purges":0,"victory":false,"max_hp_per_floor":[68,68,68,68,68,68,68,68,68,68,68,68,68,68,68,68,68,68],"card_choices":[{"not_picked":["champ:BerserkersShout","champ:IronFortress"],"picked":"champ:GladiatorStyle","floor":2},{"not_picked":["champ:FlashCut","champ:CalledShot","champ:Backstep"],"picked":"SKIP","floor":3},{"not_picked":["champ:DefensiveShout","champ:AdrenalArmor"],"picked":"champ:Haymaker","floor":5},{"not_picked":["champ:IronFortress","champ:FanOfKnives"],"picked":"champ:FightOn","floor":6},{"not_picked":["champ:Shatter","champ:BringItOn"],"picked":"champ:GladiatorsShout","floor":10},{"not_picked":["champ:DefensiveShout","champ:FocusedBerserking"],"picked":"champ:RageSigil","floor":11},{"not_picked":["champ:GladiatorStyle","champ:DefensiveShout"],"picked":"champ:BladeFlurry","floor":14},{"not_picked":["champ:CalledShot","champ:Backstep","champ:PerfectedStrike"],"picked":"SKIP","floor":15}],"player_experience":944957,"relics_obtained":[],"event_choices":[{"damage_healed":0,"gold_gain":0,"player_choice":"Ignored","damage_taken":0,"max_hp_gain":0,"max_hp_loss":0,"event_name":"Transmorgrifier","floor":8,"gold_loss":0},{"damage_healed":0,"gold_gain":0,"player_choice":"LEAVE","damage_taken":7,"max_hp_gain":0,"max_hp_loss":0,"event_name":"betterThird:BetterScrap","floor":12,"gold_loss":0,"cards_obtained":["ReplayTheSpireMod:Necrosis"]}],"is_beta":false,"boss_relics":[],"items_purged_floors":[],"is_endless":false,"potions_floor_spawned":[2,6,14,15],"killed_by":"downfall:Silent","ascension_level":0}}