{"host":"q5586ea2nrmr4nty","time":1609142061,"event":{"mods":["AchievementEnabler","BaseMod","Colored Map","Colored Powertips","Custom Start","Friendly Minions","Highlight Path","Minty Spire (QoL Compilation)","Quick Restart","StSLib","SuperFastMode"],"gold_per_floor":[110,110,123,123,398,398,409,434,434,467,220,220,249,267,267,370,370,380,391,402,501,147,182,182,5,5,33,33,48,48,48],"floor_reached":30,"playtime":2441,"items_purged":["Regret","Strike_B"],"score":379,"play_id":"d9e5f660-07c5-496f-94e6-00c6f9425155","local_time":"20201228185421","is_ascension_mode":true,"campfire_choices":[{"data":"Dualcast","floor":6,"key":"SMITH"},{"floor":12,"key":"REST"},{"data":"Fission","floor":15,"key":"SMITH"},{"data":"Defragment","floor":24,"key":"SMITH"},{"data":"Creative AI","floor":28,"key":"SMITH"}],"circlet_count":0,"master_deck":["Strike_B","Strike_B","Defend_B","Defend_B","Defend_B","Defend_B","Zap+1","Dualcast+1","Undo+1","Conserve Battery","Sunder+1","Chaos","Hello World","Beam Cell","Defragment+1","Melter","White Noise","Fission+1","Doom and Gloom","Electrodynamics","Tempest","Aggregate+1","Auto Shields+1","Self Repair","Consume","Double Energy","Conserve Battery","Creative AI+1","Double Energy","Normality","Loop","Turbo"],"relics":["Cracked Core","Shovel","Darkstone Periapt","DataDisk","Nunchaku","Cursed Key","Membership Card","Bronze Scales","Happy Flower","PreservedInsect","Turnip"],"acts_visited":["Exordium","TheCity"],"potions_floor_usage":[8,10,16,20,30,30],"damage_taken":[{"damage":1,"enemies":"Cultist","floor":1,"turns":3},{"damage":1,"enemies":"Jaw Worm","floor":3,"turns":3},{"damage":6,"enemies":"2 Louse","floor":7,"turns":3},{"damage":8,"enemies":"Lagavulin","floor":8,"turns":5},{"damage":12,"enemies":"Gremlin Nob","floor":10,"turns":4},{"damage":9,"enemies":"3 Sentries","floor":13,"turns":4},{"damage":2,"enemies":"Exordium Thugs","floor":14,"turns":6},{"damage":0,"enemies":"Slime Boss","floor":16,"turns":4},{"damage":10,"enemies":"2 Thieves","floor":18,"turns":2},{"damage":0,"enemies":"Chosen","floor":19,"turns":3},{"damage":11,"enemies":"Centurion and Healer","floor":20,"turns":4},{"damage":0,"enemies":"Gremlin Leader","floor":23,"turns":6},{"damage":18,"enemies":"Book of Stabbing","floor":27,"turns":3},{"damage":37,"enemies":"Snake Plant","floor":29,"turns":3},{"damage":17,"enemies":"Shelled Parasite and Fungi","floor":30,"turns":2}],"seed_played":"2578558620256194371","potions_obtained":[{"floor":1,"key":"FocusPotion"},{"floor":8,"key":"Strength Potion"},{"floor":14,"key":"Swift Potion"},{"floor":19,"key":"FocusPotion"},{"floor":27,"key":"BlessingOfTheForge"},{"floor":29,"key":"ColorlessPotion"}],"is_trial":false,"path_per_floor":["M","?","M","?","?","R","M","E","T","E","$","R","E","M","R","B",null,"M","M","M","?","$","E","R","$","T","E","R","M","M"],"character_chosen":"DEFECT","items_purchased":["Defragment","Melter","White Noise","Membership Card","Self Repair","Consume","Double Energy","Creative AI","Double Energy","Happy Flower"],"campfire_rested":1,"item_purchase_floors":[11,11,11,22,22,22,22,25,25,25],"current_hp_per_floor":[74,59,58,58,58,58,52,44,44,32,32,54,45,43,43,43,75,65,65,54,54,54,61,61,61,67,49,49,12,0,0],"gold":48,"neow_bonus":"TRANSFORM_CARD","is_daily":false,"chose_seed":false,"campfire_upgraded":4,"win_rate":0.0,"timestamp":1609142061,"path_taken":["M","?","M","?","?","R","?","E","T","E","$","R","E","M","R","BOSS","M","M","?","?","$","E","R","?","T","E","R","M","M"],"items_purchased_type":["Card","Card","Card","Relic","Card","Card","Card","Card","Card","Relic"],"build_version":"2020-12-22","purchased_purges":2,"victory":false,"max_hp_per_floor":[75,75,75,75,75,75,75,75,75,75,75,75,75,75,75,75,75,75,75,75,75,75,75,75,75,81,81,81,81,81,81],"card_choices":[{"not_picked":["Cold Snap","Scrape"],"picked":"Conserve Battery","floor":1},{"not_picked":["Stack","Lockon"],"picked":"Sunder","floor":3},{"not_picked":["Coolheaded","Reinforced Body"],"picked":"Chaos","floor":7},{"not_picked":["Beam Cell","FTL"],"picked":"Hello World","floor":8},{"not_picked":["Skim","Rip and Tear"],"picked":"Beam Cell","floor":10},{"not_picked":["Darkness","Conserve Battery"],"picked":"Fission","floor":13},{"not_picked":["Coolheaded","Beam Cell"],"picked":"Doom and Gloom","floor":14},{"not_picked":["Biased Cognition","Hyperbeam"],"picked":"Electrodynamics","floor":16},{"not_picked":["Redo","Hologram"],"picked":"Tempest","floor":18},{"not_picked":["Heatsinks","Ball Lightning"],"picked":"Aggregate+1","floor":19},{"not_picked":["Coolheaded","Steam"],"picked":"Auto Shields+1","floor":20},{"not_picked":["Aggregate","Hologram"],"picked":"Conserve Battery","floor":23},{"not_picked":["Skim","Lockon+1"],"picked":"Loop","floor":27},{"not_picked":["Consume","Aggregate"],"picked":"Turbo","floor":29}],"player_experience":109078,"relics_obtained":[{"floor":8,"key":"Shovel"},{"floor":9,"key":"Darkstone Periapt"},{"floor":10,"key":"DataDisk"},{"floor":13,"key":"Nunchaku"},{"floor":23,"key":"Bronze Scales"},{"floor":26,"key":"PreservedInsect"},{"floor":27,"key":"Turnip"}],"event_choices":[{"damage_healed":0,"gold_gain":0,"player_choice":"Entered Light","damage_taken":15,"max_hp_gain":0,"max_hp_loss":0,"event_name":"Shining Light","floor":2,"gold_loss":0,"cards_upgraded":["Undo","Zap"]},{"damage_healed":0,"gold_gain":0,"player_choice":"Grow","damage_taken":0,"max_hp_gain":0,"max_hp_loss":0,"event_name":"Living Wall","floor":4,"gold_loss":0,"cards_upgraded":["Sunder"]},{"damage_healed":0,"gold_gain":275,"player_choice":"Desecrate","damage_taken":0,"max_hp_gain":0,"max_hp_loss":0,"event_name":"Golden Shrine","floor":5,"gold_loss":0,"cards_obtained":["Regret"]},{"damage_healed":0,"gold_gain":99,"player_choice":"Stole From Cult","damage_taken":0,"max_hp_gain":0,"max_hp_loss":0,"event_name":"Nest","floor":21,"gold_loss":0}],"is_beta":false,"boss_relics":[{"not_picked":["SacredBark","Ectoplasm"],"picked":"Cursed Key"}],"items_purged_floors":[11,22],"is_endless":false,"potions_floor_spawned":[1,8,14,19,27,29],"killed_by":"Shelled Parasite and Fungi","ascension_level":1}}