{"host":"zv85muor2723jdwz","time":1609132872,"event":{"mods":["Arknights The Spire","BaseMod","Better Vampires","CapriCore","Decade(王小明)","KinomotoSakuraMod(木之本樱)","KomeijiMod","Marisa（F雨　魔理沙）","Marked Mod","Minty Spire (QoL Compilation)","Quick Restart","Reimu（博丽灵梦）","Remilia（蕾米莉亚）","StSLib","The Bladedancer","The Cursed","The Immortal","The Runesmith","The Servant 0.9.4","WarShipGirlsR/战舰少女R mod","Yakumo Yukari mod","Youmu（魂魄妖梦）","Yuri Mod","Yuyuko","【遗物卡牌】REMEMod"],"gold_per_floor":[210,210,210,50,80,80,118,169,169,169,43,76,76,122,122,142,142],"floor_reached":16,"playtime":720,"items_purged":[],"score":108,"play_id":"51aafccf-03be-466c-9ad6-c5773d8a38c4","local_time":"20201228132112","is_ascension_mode":false,"campfire_choices":[{"data":"yuri:StealPen","floor":6,"key":"SMITH"},{"data":"yuri:GlitchRemove","floor":10,"key":"SMITH"},{"floor":15,"key":"REST"}],"circlet_count":0,"master_deck":["yuri:yuriStrike","yuri:yuriStrike","yuri:yuriStrike","yuri:yuriStrike","yuri:yuriDefend","yuri:yuriDefend","yuri:yuriDefend","yuri:yuriDefend","yuri:yuriDefend","yuri:Oolong","yuri:yuriStab","yuri:Stalk","yuri:StealPen+1","yuri:BookPurple","yuri:InduceGlitch","yuri:Stare","yuri:TeaSet","yuri:GlitchRemove+1","yuri:Stare","yuri:HoldBack","yuri:GlitchedStrike","yuri:SeeingDouble","yuri:GlitchedStrike"],"relics":["yuri:yuriKnife","REME_ComplimentaryCards","WingedGreaves","Meat on the Bone","Lantern"],"acts_visited":["Exordium"],"potions_floor_usage":[8,16,16],"damage_taken":[{"damage":11,"enemies":"Jaw Worm","floor":1,"turns":4},{"damage":2,"enemies":"2 Louse","floor":5,"turns":3},{"damage":0,"enemies":"Cultist","floor":7,"turns":4},{"damage":26,"enemies":"Lagavulin","floor":8,"turns":7},{"damage":20,"enemies":"3 Louse","floor":12,"turns":6},{"damage":27,"enemies":"3 Sentries","floor":14,"turns":10},{"damage":57,"enemies":"The Guardian","floor":16,"turns":6}],"seed_played":"403374571225332528","potions_obtained":[{"floor":3,"key":"SpeedPotion"},{"floor":3,"key":"AttackPotion"},{"floor":3,"key":"AttackPotion"},{"floor":5,"key":"EntropicBrew"},{"floor":12,"key":"Ancient Potion"}],"is_trial":false,"path_per_floor":["M","?","?","$","M","R","M","E","T","R","$","M","?","E","R","B"],"character_chosen":"YURI","items_purchased":["yuri:BookPurple","yuri:InduceGlitch","yuri:Stare","yuri:HoldBack","yuri:GlitchedStrike"],"campfire_rested":1,"item_purchase_floors":[4,4,4,11,11],"current_hp_per_floor":[73,80,80,80,78,78,80,58,58,58,58,42,35,24,48,0,0],"gold":142,"neow_bonus":"HUNDRED_GOLD","is_daily":false,"chose_seed":false,"campfire_upgraded":2,"win_rate":0.0,"timestamp":1609132872,"path_taken":["M","?","?","$","M","R","?","E","T","R","$","M","?","E","R","BOSS"],"items_purchased_type":["Card","Card","Card","Card","Card"],"build_version":"2020-12-22","purchased_purges":0,"victory":false,"max_hp_per_floor":[80,80,80,80,80,80,80,80,80,80,80,80,80,80,80,80,80],"card_choices":[{"not_picked":["yuri:Skip","yuri:NerfBat"],"picked":"yuri:Stalk","floor":1},{"not_picked":["yuri:ChibiInvasion","yuri:Spin"],"picked":"yuri:TeaSet","floor":5},{"not_picked":["yuri:BookBlue","yuri:ThrowingKnives"],"picked":"yuri:GlitchRemove","floor":7},{"not_picked":["yuri:Skip","yuri:RecklessStrike"],"picked":"yuri:Stare","floor":8},{"not_picked":["yuri:GlitchedStrike","yuri:HoldBack"],"picked":"yuri:SeeingDouble","floor":12},{"not_picked":["yuri:ReloadGame","yuri:DebugCard"],"picked":"yuri:GlitchedStrike","floor":14}],"player_experience":54677,"relics_obtained":[{"floor":8,"key":"WingedGreaves"},{"floor":9,"key":"Meat on the Bone"},{"floor":14,"key":"Lantern"}],"event_choices":[{"damage_healed":0,"gold_gain":0,"player_choice":"Got Potions","damage_taken":0,"max_hp_gain":0,"max_hp_loss":0,"event_name":"Lab","floor":3,"gold_loss":0},{"cards_removed":["yuri:yuriStrike"],"damage_healed":0,"gold_gain":0,"player_choice":"Card Removal","damage_taken":7,"max_hp_gain":0,"max_hp_loss":0,"event_name":"Golden Wing","floor":13,"gold_loss":0}],"is_beta":false,"boss_relics":[],"items_purged_floors":[],"is_endless":false,"potions_floor_spawned":[5,12],"killed_by":"The Guardian","ascension_level":0}}