{"host":"2se5dq1do2gp0x9k","time":1609196467,"event":{"mods":["BaseMod","Block Reminder","Colored Map","Colored Powertips","Minty Spire (QoL Compilation)","Relic Stats","StSLib","SuperFastMode","Synergy Search"],"gold_per_floor":[119,119,63,75,85,112,112,142,142,142,142,142],"floor_reached":11,"playtime":524,"items_purged":[],"score":142,"play_id":"347dfc51-74fd-481b-a2da-4fb6806aebcc","local_time":"20201228150107","is_ascension_mode":true,"campfire_choices":[{"data":"Chaos","floor":7,"key":"SMITH"},{"floor":10,"key":"REST"}],"circlet_count":0,"master_deck":["AscendersBane","Strike_B","Strike_B","Strike_B","Defend_B","Defend_B","Defend_B","Defend_B","Zap","Dualcast","Biased Cognition","Leap","Coolheaded","Ball Lightning","Compile Driver","Chaos+1","Self Repair"],"relics":["Cracked Core","Unceasing Top","Odd Mushroom","Sundial"],"acts_visited":["Exordium"],"potions_floor_usage":[8,11],"damage_taken":[{"damage":1.0,"enemies":"Cultist","floor":1.0,"turns":3.0},{"damage":3.0,"enemies":"Small Slimes","floor":4.0,"turns":5.0},{"damage":0.0,"enemies":"2 Louse","floor":5.0,"turns":2.0},{"damage":23.0,"enemies":"Lagavulin","floor":6.0,"turns":8.0},{"damage":10,"enemies":"The Mushroom Lair","floor":8,"turns":4},{"damage":46,"enemies":"Gremlin Nob","floor":11,"turns":4}],"seed_played":"-782612113593118760","potions_obtained":[{"floor":1.0,"key":"Fruit Juice"},{"floor":5.0,"key":"Block Potion"}],"is_trial":false,"path_per_floor":["M","?","$","M","M","E","R","?","T","R","E"],"character_chosen":"DEFECT","items_purchased":["Coolheaded"],"campfire_rested":1,"item_purchase_floors":[3],"current_hp_per_floor":[63,56,56,53,53,30,30,20,20,39,0,0],"gold":142,"neow_bonus":"THREE_RARE_CARDS","is_daily":false,"chose_seed":false,"campfire_upgraded":1,"win_rate":0.0,"timestamp":1609196467,"path_taken":["M","?","$","M","M","E","R","?","T","R","E"],"items_purchased_type":["Card"],"build_version":"2020-12-22","purchased_purges":0,"victory":false,"max_hp_per_floor":[64,64,64,64,64,64,64,64,64,64,69,69],"relic_stats":{"counters":[6,26],"Sundial":[0],"obtain_stats":[{"Sundial":9,"Odd Mushroom":8,"Cracked Core":0,"Unceasing Top":6},{"Sundial":5,"Odd Mushroom":5,"Cracked Core":0,"Unceasing Top":4},{"Sundial":22,"Odd Mushroom":22,"Cracked Core":0,"Unceasing Top":18}],"Unceasing Top":[1]},"card_choices":[{"not_picked":["Amplify","Meteor Strike"],"picked":"Biased Cognition","floor":0.0},{"not_picked":["Auto Shields","Redo"],"picked":"Leap","floor":1.0},{"not_picked":["Doom and Gloom","Sweeping Beam"],"picked":"Ball Lightning","floor":4.0},{"not_picked":["Beam Cell","Go for the Eyes"],"picked":"Compile Driver","floor":5.0},{"not_picked":["Turbo","Echo Form"],"picked":"Chaos","floor":6.0},{"not_picked":["Sweeping Beam","Scrape"],"picked":"Self Repair","floor":8}],"player_experience":3638227,"relics_obtained":[{"floor":6.0,"key":"Unceasing Top"},{"floor":8,"key":"Odd Mushroom"},{"floor":9,"key":"Sundial"}],"event_choices":[{"cards_removed":["Strike_B"],"damage_healed":0.0,"max_hp_gain":0.0,"max_hp_loss":0.0,"gold_gain":0.0,"event_name":"Golden Wing","player_choice":"Card Removal","floor":2.0,"gold_loss":0.0,"damage_taken":7.0},{"damage_healed":0,"gold_gain":0,"player_choice":"Fought Mushrooms","damage_taken":0,"max_hp_gain":0,"max_hp_loss":0,"event_name":"Mushrooms","floor":8,"gold_loss":0}],"is_beta":false,"boss_relics":[],"items_purged_floors":[],"is_endless":false,"potions_floor_spawned":[1,5],"killed_by":"Gremlin Nob","ascension_level":20}}