{"host":"bzg9y3flbaqjj1j7","time":1609115118,"event":{"mods":["AchievementEnabler","Aspiration","BaseMod","Challenge The Spire","Conspire","Hubris","Hyrulean Relics","Jorbs\u0027s Wanderer Trilogy","Lobotomy","LobotomyExtend","Marisa????????","Marked Mod","Minty Spire (QoL Compilation)","Permanent Neow","Rare Cards Sparkle","Reimu??????","Remilia??????","Replay The Spire","StSLib","The Administrix","The Blue Laboratory","Waifu the Spire"],"gold_per_floor":[113,32,47,47,58,84,84,84,84,99,126,126,51,5,5,103,103,117,117,129,140,65,100,100,112,138,138,138,158,173,173,173,273,273,283,73,73,0,0,0,20,20,47,53,51,51,51,65,65,65,65],"floor_reached":50,"playtime":3509,"items_purged":["Chesed","Murderer"],"score":595,"play_id":"357613f4-453b-4467-9f91-b25d96656800","local_time":"20201227205518","is_ascension_mode":false,"campfire_choices":[{"floor":15.0,"key":"REST"},{"floor":27.0,"key":"REST"},{"floor":49.0,"key":"REST"}],"circlet_count":0,"master_deck":["SpecialBullet","SpecialBullet","SpecialBullet","SpecialBullet","SpecialBullet","InformationCode","WelfareCode","Justitia","Reverberation","VoidDream","CUTE","Soda","Amnesia","SolemnVow","Wellcheers","BeautyBeast","BlackSwan","Pinks","GreedKing","Harmony","CUTE+1","HappyTeddy","Lantern","BlueStar","Lantern+1","LongBird","ControlCode","Freischutz","SoundOfStar","Porccubus","SwordSharpenedByTears","GreenStem+1","Hornet","ScreamingWedge","Panacea","CrumblingArmor","FourthMatchFlame+1","UniverseFragment","ParadiseLost","DreamingCurrent","FourthMatchFlame+1","SnowQueen"],"relics":["CogitoBucket","LetterFromLob","hubris:ToyBattleship","hubris:OldNail","aspiration:FetidBarrel","aspiration:FrozenJewel","hubris:ScarierMask","SkinProphecy","Mastiff:ReiMu","ChangeAnything","aspiration:SecretTechniqueScroll","BargainBundle","Red Mask","hubris:Icosahedron","Orichalcum","AtMidnight","FleshIdol","Darkstone Periapt"],"acts_visited":["Exordium","TheCity","TheBeyond"],"potions_floor_usage":[],"damage_taken":[{"damage":6.0,"enemies":"Cultist","floor":1.0,"turns":3.0},{"damage":10.0,"enemies":"Small Slimes","floor":3.0,"turns":2.0},{"damage":2.0,"enemies":"Jaw Worm","floor":5.0,"turns":2.0},{"damage":46.0,"enemies":"Lagavulin","floor":6.0,"turns":5.0},{"damage":18.0,"enemies":"2 Fungi Beasts","floor":10.0,"turns":3.0},{"damage":30.0,"enemies":"3 Sentries","floor":11.0,"turns":5.0},{"damage":20.0,"enemies":"Hexaghost","floor":16.0,"turns":6.0},{"damage":0.0,"enemies":"2 Thieves","floor":18.0,"turns":2.0},{"damage":0.0,"enemies":"conspire:FuzzyDice","floor":20.0,"turns":1.0},{"damage":2.0,"enemies":"Sentry and Sphere","floor":21.0,"turns":2.0},{"damage":29.0,"enemies":"Book of Stabbing","floor":23.0,"turns":4.0},{"damage":18.0,"enemies":"Snecko","floor":25.0,"turns":6.0},{"damage":0.0,"enemies":"Centurion and Healer","floor":29.0,"turns":2.0},{"damage":6.0,"enemies":"3 Cultists","floor":30.0,"turns":1.0},{"damage":22.0,"enemies":"conspire:MysteriousRune","floor":33.0,"turns":5.0},{"damage":30.0,"enemies":"Orb Walker","floor":35.0,"turns":3.0},{"damage":17.0,"enemies":"3 Darklings","floor":41.0,"turns":3.0},{"damage":0.0,"enemies":"Jaw Worm Horde","floor":44.0,"turns":3.0},{"damage":0.0,"enemies":"Transient","floor":45.0,"turns":5.0},{"damage":21.0,"enemies":"Spire Growth","floor":48.0,"turns":4.0},{"damage":140,"enemies":"Time Eater","floor":50,"turns":4}],"seed_played":"-6782593486519566067","potions_obtained":[{"floor":3.0,"key":"blueLaboratory:PyrophylliteBrew"},{"floor":10.0,"key":"Dexterity Potion"},{"floor":25.0,"key":"Venom Potion"},{"floor":28.0,"key":"DistilledChaos"},{"floor":28.0,"key":"blueLaboratory:Moonshine"},{"floor":30.0,"key":"Toxic Potion"},{"floor":33.0,"key":"blueLaboratory:BottledHope"},{"floor":35.0,"key":"DuplicationPotion"},{"floor":45.0,"key":"Venom Potion"}],"is_trial":false,"path_per_floor":["M","$","M","?","M","E","?","?","T","M","E","T","$","?","R","B",null,"M","?","M","M","?","E","R","M","T","R","?","M","M","?","R","B",null,"M","$","?","?","?","R","M","R","T","M","M","NS","T","M","R","B"],"character_chosen":"Angela","items_purchased":["LifeForTheDareDevil","BargainBundle","GreenStem","Hornet","SkillPotion","ScreamingWedge","Panacea"],"campfire_rested":3,"item_purchase_floors":[2,36,36,36,36,36,36],"current_hp_per_floor":[64,64,54,54,52,6,70,70,70,52,25,25,25,25,46,37,70,70,70,66,63,63,30,30,20,20,42,42,45,35,63,63,47,83,52,52,55,55,55,55,45,45,45,53,63,63,63,70,104,0,0],"gold":65,"neow_bonus":"ONE_RANDOM_RARE_CARD","is_daily":false,"chose_seed":false,"campfire_upgraded":0,"win_rate":0.0,"timestamp":1609115118,"path_taken":["M","?","M","?","?","E","?","?","T","M","E","?","$","?","R","BOSS","M","?","M","?","?","E","R","M","T","R","?","?","M","?","R","BOSS","M","$","?","?","?","R","?","R","T","M","M","NS","?","?","R","BOSS"],"items_purchased_type":["Card","Relic","Card","Card","Potion","Card","Card"],"build_version":"2020-12-22","purchased_purges":2,"victory":false,"max_hp_per_floor":[70,70,70,70,70,70,70,70,70,70,70,70,70,70,70,70,70,70,70,72,74,71,73,73,75,75,75,75,79,81,81,81,83,83,85,85,88,88,88,88,94,94,94,102,108,108,108,114,114,118,118],"card_choices":[{"not_picked":["FairyFestival","CrumblingArmor"],"picked":"WallGazer","floor":1.0},{"not_picked":["CherryBlossom"],"picked":"Reverberation","floor":1.0},{"not_picked":["Yin","Bloodbath"],"picked":"VoidDream","floor":3.0},{"not_picked":["WristCuter"],"picked":"FourthMatchFlame","floor":3.0},{"not_picked":["BeautyBeast","Variant"],"picked":"Scorched","floor":5.0},{"not_picked":["Wingbeat"],"picked":"CUTE","floor":5.0},{"not_picked":["SpiderBud","OSAHOGD"],"picked":"WhitesApple","floor":6.0},{"not_picked":["CherryBlossom"],"picked":"Soda","floor":6.0},{"not_picked":["LifeForTheDareDevil"],"picked":"SolemnVow","floor":10.0},{"not_picked":["MHz","Mercenary"],"picked":"Wellcheers","floor":10.0},{"not_picked":["SpiderBud","UniverseFragment"],"picked":"BeautyBeast","floor":11.0},{"not_picked":["LifeForTheDareDevil"],"picked":"ShedSkin","floor":11.0},{"not_picked":["OldLady","Murderer"],"picked":"BlackSwan","floor":16.0},{"not_picked":["Justitia"],"picked":"Pinks","floor":16.0},{"not_picked":["FieryBird","PunishingBird"],"picked":"GreedKing","floor":18.0},{"not_picked":["Galaxy"],"picked":"Harmony","floor":18.0},{"not_picked":["Penitence+1"],"picked":"CUTE+1","floor":20.0},{"not_picked":["SpiderBud","DreamingCurrent"],"picked":"HappyTeddy","floor":20.0},{"not_picked":["Noise"],"picked":"Harmony","floor":21.0},{"not_picked":["MeatLantern","UniverseFragment"],"picked":"Yin","floor":21.0},{"not_picked":["Horn+1"],"picked":"Lantern","floor":23.0},{"not_picked":["Scorched","QueenBee"],"picked":"BlueStar","floor":25.0},{"not_picked":["Moonlight"],"picked":"Lantern+1","floor":25.0},{"not_picked":["FieryBird","CENSORED"],"picked":"LongBird","floor":29.0},{"not_picked":["CUTE"],"picked":"InTheNameOfLoveAndHate","floor":29.0},{"not_picked":["SpiderBud","BigBadWolf"],"picked":"Murderer","floor":30.0},{"not_picked":["Soda"],"picked":"DaCapo","floor":30.0},{"not_picked":["LittleHelper","DreamingCurrent"],"picked":"Freischutz","floor":33.0},{"not_picked":["CENSORED_ego"],"picked":"SoundOfStar","floor":33.0},{"not_picked":["ShyLook","Bloodbath"],"picked":"Porccubus","floor":35.0},{"not_picked":["Ecstasy"],"picked":"SwordSharpenedByTears","floor":35.0},{"not_picked":["WhitesApple","QueenBee"],"picked":"CrumblingArmor","floor":41.0},{"not_picked":["Diffraction+1"],"picked":"FourthMatchFlame+1","floor":41.0},{"not_picked":["WhitesApple","Laetitia"],"picked":"UniverseFragment","floor":44.0},{"not_picked":["RedEyes"],"picked":"ParadiseLost","floor":44.0},{"not_picked":["Scarecrow","HeroicMonk"],"picked":"DreamingCurrent","floor":45.0},{"not_picked":["Noise"],"picked":"FourthMatchFlame+1","floor":45.0},{"not_picked":["LittleHelper","Woodsman"],"picked":"SnowQueen","floor":48.0},{"not_picked":["Noise+1","Beak+1"],"picked":"SKIP","floor":48.0}],"player_experience":110422,"relics_obtained":[{"floor":1.0,"key":"LetterFromLob"},{"floor":6.0,"key":"hubris:ToyBattleship"},{"floor":9.0,"key":"hubris:OldNail"},{"floor":11.0,"key":"aspiration:FetidBarrel"},{"floor":12.0,"key":"aspiration:FrozenJewel"},{"floor":23.0,"key":"Mastiff:ReiMu"},{"floor":43.0,"key":"Orichalcum"},{"floor":44.0,"key":"AtMidnight"},{"floor":47.0,"key":"Darkstone Periapt"}],"event_choices":[{"damage_healed":0.0,"max_hp_gain":0.0,"max_hp_loss":0.0,"gold_gain":0.0,"event_name":"Golden Idol","player_choice":"Ignored","floor":4.0,"gold_loss":0.0,"damage_taken":0.0},{"damage_healed":0.0,"max_hp_gain":0.0,"max_hp_loss":0.0,"gold_gain":0.0,"cards_transformed":["Scorched"],"event_name":"Living Wall","player_choice":"Change","floor":8.0,"gold_loss":0.0,"damage_taken":0.0,"cards_obtained":["SolemnVow"]},{"damage_healed":0.0,"max_hp_gain":0.0,"max_hp_loss":0.0,"gold_gain":0.0,"event_name":"World of Goop","player_choice":"Left Gold","floor":14.0,"gold_loss":46.0,"damage_taken":0.0},{"damage_healed":0.0,"max_hp_gain":0.0,"max_hp_loss":0.0,"gold_gain":0.0,"cards_transformed":["WhitesApple"],"event_name":"Transmorgrifier","player_choice":"Transformed","floor":19.0,"gold_loss":0.0,"damage_taken":0.0,"cards_obtained":["Horn"]},{"cards_removed":["Parasite"],"damage_healed":0.0,"max_hp_gain":0.0,"max_hp_loss":0.0,"gold_gain":0.0,"event_name":"Beggar","player_choice":"Gave Gold","floor":22.0,"gold_loss":75.0,"damage_taken":0.0},{"damage_healed":0.0,"max_hp_gain":0.0,"max_hp_loss":0.0,"gold_gain":0.0,"event_name":"Lab","player_choice":"Got Potions","floor":28.0,"gold_loss":0.0,"damage_taken":0.0},{"damage_healed":0.0,"max_hp_gain":0.0,"max_hp_loss":0.0,"gold_gain":0.0,"event_name":"Tomb of Lord Red Mask","player_choice":"Paid","floor":38.0,"gold_loss":73.0,"damage_taken":0.0,"relics_obtained":["Red Mask"]}],"is_beta":false,"boss_relics":[{"not_picked":["Runic Dome","Philosopher\u0027s Stone"],"picked":"hubris:ScarierMask"},{"not_picked":["Empty Cage","Replay:Bronze Core"],"picked":"aspiration:SecretTechniqueScroll"}],"items_purged_floors":[13,36],"is_endless":false,"potions_floor_spawned":[3,10,25,30,33,35,45],"killed_by":"Time Eater","ascension_level":0}}