{"host":"q9718omregw4er46","time":1609183120,"event":{"mods":["BaseMod","Bestiary","Colored Powertips","Minty Spire (QoL Compilation)","Quick Restart","Relic Stats"],"gold_per_floor":[117,117,117,38,50,50,82,108,144,231,263,275,299,329,341,353,353],"floor_reached":16,"playtime":301,"items_purged":[],"score":254,"play_id":"f5c04f46-bb88-4080-b60d-6573d8789766","local_time":"20201229001840","is_ascension_mode":true,"campfire_choices":[{"data":"Glacier","floor":6,"key":"SMITH"},{"data":"Capacitor","floor":12,"key":"SMITH"},{"data":"Static Discharge","floor":15,"key":"SMITH"}],"circlet_count":0,"master_deck":["AscendersBane","Strike_B","Strike_B","Strike_B","Strike_B","Defend_B","Defend_B","Defend_B","Defend_B","Zap","Dualcast","Compile Driver","Glacier+1","Creative AI","Doom and Gloom","Capacitor+1","Rebound","Static Discharge+1"],"relics":["Cracked Core","NeowsBlessing","MawBank","Lantern"],"acts_visited":["Exordium"],"potions_floor_usage":[16],"damage_taken":[{"damage":0,"enemies":"Jaw Worm","floor":1,"turns":1},{"damage":0,"enemies":"Cultist","floor":5,"turns":1},{"damage":0,"enemies":"Gremlin Nob","floor":7,"turns":1},{"damage":3,"enemies":"2 Louse","floor":8,"turns":4},{"damage":0,"enemies":"Exordium Wildlife","floor":11,"turns":3},{"damage":1,"enemies":"2 Fungi Beasts","floor":13,"turns":3},{"damage":19,"enemies":"Exordium Thugs","floor":14,"turns":4},{"damage":47,"enemies":"Slime Boss","floor":16,"turns":8}],"seed_played":"-9208353620603728130","potions_obtained":[{"floor":3,"key":"SkillPotion"},{"floor":3,"key":"BlessingOfTheForge"}],"is_trial":false,"path_per_floor":["M","?","?","$","M","R","E","M","T","?","M","R","M","M","R","B"],"character_chosen":"DEFECT","items_purchased":["Glacier"],"campfire_rested":0,"item_purchase_floors":[4],"current_hp_per_floor":[64,69,69,69,69,69,69,66,66,55,55,55,54,35,35,0,0],"gold":353,"neow_bonus":"THREE_ENEMY_KILL","is_daily":false,"chose_seed":false,"campfire_upgraded":3,"win_rate":0.0,"timestamp":1609183120,"path_taken":["M","?","?","$","?","R","E","M","T","?","M","R","M","M","R","BOSS"],"items_purchased_type":["Card"],"build_version":"2020-12-22","purchased_purges":0,"victory":false,"max_hp_per_floor":[71,76,76,76,76,76,76,76,76,76,76,76,76,76,76,76,76],"relic_stats":{"counters":[8,25],"MawBank":108,"obtain_stats":[{"Lantern":9,"NeowsBlessing":0,"Cracked Core":0,"MawBank":7},{"Lantern":4,"NeowsBlessing":0,"Cracked Core":0,"MawBank":3},{"Lantern":7,"NeowsBlessing":0,"Cracked Core":0,"MawBank":3}]},"card_choices":[{"not_picked":["Coolheaded","Force Field"],"picked":"Compile Driver","floor":1},{"not_picked":["Beam Cell","Aggregate","Skim"],"picked":"SKIP","floor":5},{"not_picked":["Turbo","Go for the Eyes"],"picked":"Creative AI","floor":7},{"not_picked":["Barrage","Redo"],"picked":"Doom and Gloom","floor":8},{"not_picked":["Turbo","Streamline"],"picked":"Capacitor","floor":11},{"not_picked":["Gash","Redo"],"picked":"Rebound","floor":13},{"not_picked":["Sweeping Beam","Sunder"],"picked":"Static Discharge","floor":14}],"player_experience":1136757,"relics_obtained":[{"floor":7,"key":"MawBank"},{"floor":9,"key":"Lantern"}],"event_choices":[{"damage_healed":0,"gold_gain":0,"player_choice":"Donut","damage_taken":0,"max_hp_gain":5,"max_hp_loss":0,"event_name":"Big Fish","floor":2,"gold_loss":0},{"damage_healed":0,"gold_gain":0,"player_choice":"Got Potions","damage_taken":0,"max_hp_gain":0,"max_hp_loss":0,"event_name":"Lab","floor":3,"gold_loss":0},{"damage_healed":0,"gold_gain":75,"player_choice":"Gather Gold","damage_taken":11,"max_hp_gain":0,"max_hp_loss":0,"event_name":"World of Goop","floor":10,"gold_loss":0}],"is_beta":false,"boss_relics":[],"items_purged_floors":[],"is_endless":false,"potions_floor_spawned":[5,8,13,14],"killed_by":"Slime Boss","ascension_level":20}}