{"host":"9qgbal69wq5palas","time":1609184837,"event":{"mods":["2.2 Compatiblity","Abigail Mod","AchievementEnabler","Act Like it!","Aspiration","Astrologer","Bartender","BaseMod","Better Altar","Better Note","Better Skull","Better Third Choice","Colored Powertips","Hallownest","Hermit","Highlight Path","Hubris","Infinite Spire","Jorbs\u0027s Wanderer Trilogy","Koishi","Lobotomy","Minty Spire (QoL Compilation)","Potionbrewer","Quick Restart","Random Character Button","Replay The Spire","Shade Mod","Shop Mod","Spicy Shops","StSLib","The Animator","The Bug Knight","The Cursed","The Disciple","The Exalted","The Hierophant","The Necromancer","The Servant 0.9.4","Wandering Minibosses"],"gold_per_floor":[118,33,108,34,50,82,95,123,123,123,138,138,152,179,179,278,278,293,312,322,12,63,63,97,97,97,128,128,140,140,140,140],"floor_reached":31,"playtime":1628,"items_purged":["ReplayTheSpireMod:Splinters"],"score":427,"play_id":"397f63b3-4748-43e6-831d-d068a94c0633","local_time":"20201228204717","is_ascension_mode":true,"campfire_choices":[{"floor":10.0,"key":"REST"},{"data":"hermit:Determination","floor":12.0,"key":"SMITH"},{"floor":15.0,"key":"REST"},{"floor":23,"key":"REST"},{"data":"hermit:Determination","floor":25,"key":"SMITH"},{"floor":28,"key":"REST"}],"circlet_count":0,"master_deck":["hermit:Strike_Hermit","hermit:Strike_Hermit+1","hermit:Strike_Hermit+1","hermit:Strike_Hermit","hermit:Defend_Hermit","hermit:Defend_Hermit","hermit:Defend_Hermit","hermit:Defend_Hermit","hermit:Snapshot+1","hermit:Covet","hermit:Desperado","hermit:Determination+1","hermit:Vantage","hermit:Determination+1","hermit:Spite","hermit:Coalescence","hermit:Vantage","hermit:Snipe","hermit:Virtue","hermit:LowProfile","hermit:GhostlyPresence","hermit:HeroicBravado","hermit:SprayPray+1","Uppercut+1","Twin Strike+1","Pummel","hermit:Enervate","ReplayTheSpireMod:Splinters","Infernal Blade","hermit:Quickdraw","hubris:SharpeningStone+1","Blood for Blood"],"relics":["hermit:Momento","FossilizedHelix","aspiration:TomeofQuesting","Whetstone","Bronze Scales","aspiration:IroncladSkillbook","Membership Card","aspiration:FrozenJewel","hubris:MysteriousPyramids","Prayer Wheel"],"acts_visited":["Exordium","TheCity"],"potions_floor_usage":[21,27,27,30],"damage_taken":[{"damage":0.0,"enemies":"Jaw Worm","floor":1.0,"turns":5.0},{"damage":0.0,"enemies":"Cultist","floor":5.0,"turns":4.0},{"damage":0.0,"enemies":"Lagavulin","floor":6.0,"turns":3.0},{"damage":10.0,"enemies":"2 Louse","floor":7.0,"turns":4.0},{"damage":28.0,"enemies":"3 Sentries","floor":8.0,"turns":9.0},{"damage":0.0,"enemies":"Large Slime","floor":11.0,"turns":6.0},{"damage":4.0,"enemies":"3 Louse","floor":13.0,"turns":5.0},{"damage":32.0,"enemies":"Gremlin Nob","floor":14.0,"turns":5.0},{"damage":0.0,"enemies":"Fading Forest","floor":16.0,"turns":11.0},{"damage":33.0,"enemies":"Shell Parasite","floor":18.0,"turns":5.0},{"damage":14.0,"enemies":"3 Byrds","floor":19.0,"turns":3.0},{"damage":18.0,"enemies":"Centurion and Healer","floor":20.0,"turns":6.0},{"damage":15,"enemies":"Replay:Snechameleon","floor":24,"turns":4},{"damage":32,"enemies":"Slavers","floor":27,"turns":3},{"damage":18,"enemies":"Sentry and Sphere","floor":29,"turns":5},{"damage":12,"enemies":"Gremlin Leader","floor":30,"turns":5},{"damage":28,"enemies":"3 Cultists","floor":31,"turns":4}],"seed_played":"8141592409112994223","potions_obtained":[{"floor":1.0,"key":"infinitespire:BlackPotion"},{"floor":5.0,"key":"Block Potion"},{"floor":11.0,"key":"Weak Potion"},{"floor":14.0,"key":"Strength Potion"},{"floor":22,"key":"Regen Potion"},{"floor":22,"key":"Doom Potion"},{"floor":22,"key":"potionbrewer:BarricadePotion"},{"floor":24,"key":"AttackPotion"},{"floor":29,"key":"SmokeBomb"}],"is_trial":false,"path_per_floor":["M","$","?","$","M","E","M","E","T","R","M","R","M","E","R","B",null,"M","M","M","$","?","R","E","R","T","E","R","M","E","M"],"character_chosen":"HERMIT","items_purchased":["hermit:Determination","hermit:Vantage","hermit:Determination","Membership Card","Pummel","potionbrewer:BlacksmithPotion","hermit:Enervate"],"campfire_rested":4,"item_purchase_floors":[2,2,4,21,21,21,21],"current_hp_per_floor":[75,75,68,68,68,68,58,30,30,52,52,52,48,16,38,48,75,46,36,22,22,22,44,33,33,33,17,39,25,17,0,0],"gold":140,"neow_bonus":"ONE_RARE_RELIC","is_daily":false,"chose_seed":false,"campfire_upgraded":2,"win_rate":0.0,"timestamp":1609184837,"path_taken":["M","$","?","$","?","E","M","E","T","R","M","R","M","E","R","BOSS","M","M","M","$","?","R","E","R","T","E","R","M","E","M"],"items_purchased_type":["Card","Card","Card","Relic","Card","Potion","Card"],"build_version":"2020-12-22","purchased_purges":1,"victory":false,"max_hp_per_floor":[75,75,75,75,75,75,75,75,75,75,75,75,75,75,75,75,75,75,75,75,75,75,75,75,75,75,75,75,75,75,75,75],"card_choices":[{"not_picked":["hermit:Showdown","hermit:TrackingShot"],"picked":"hermit:Desperado","floor":1.0},{"not_picked":["hermit:TrackingShot","hermit:HighCaliber"],"picked":"hermit:Spite","floor":5.0},{"not_picked":["hermit:Feint","hermit:LowProfile"],"picked":"hermit:Coalescence","floor":6.0},{"not_picked":["hermit:BlackWind","hermit:Headshot"],"picked":"hermit:Vantage","floor":7.0},{"not_picked":["hermit:Dive","hermit:HeroicBravado"],"picked":"hermit:Snipe","floor":8.0},{"not_picked":["hermit:Feint","hermit:Dive"],"picked":"hermit:Virtue","floor":11.0},{"not_picked":["hermit:Snipe","hermit:NoHoldsBarred"],"picked":"hermit:LowProfile","floor":13.0},{"not_picked":["hermit:TakeCover","hermit:Maintenance"],"picked":"hermit:GhostlyPresence","floor":14.0},{"not_picked":["hermit:Magnum","hermit:FromBeyond"],"picked":"hermit:HeroicBravado","floor":16.0},{"not_picked":["hermit:Horror","hermit:Snipe+1","hermit:Scavenge"],"picked":"hermit:SprayPray+1","floor":18.0},{"not_picked":["Twin Strike","hermit:Vantage","hermit:Ricochet"],"picked":"Uppercut+1","floor":19.0},{"not_picked":["Wild Strike","ReplayTheSpireMod:Strike From Hell","hermit:Ricochet"],"picked":"Twin Strike+1","floor":20.0},{"not_picked":["hermit:SprayPray","hermit:Spite","Demonic Infusion"],"picked":"Infernal Blade","floor":24},{"not_picked":["Thunderclap+1","Battle Trance","hermit:Snipe"],"picked":"hermit:Quickdraw","floor":27},{"not_picked":["hermit:TrackingShot","Havoc","Carnage"],"picked":"hubris:SharpeningStone+1","floor":29},{"not_picked":["hermit:GoldenBullet","Clash","Twin Strike+1"],"picked":"Blood for Blood","floor":29}],"player_experience":2684412,"relics_obtained":[{"floor":6.0,"key":"aspiration:TomeofQuesting"},{"floor":8.0,"key":"Whetstone"},{"floor":14.0,"key":"Bronze Scales"},{"floor":24,"key":"aspiration:FrozenJewel"},{"floor":26,"key":"hubris:MysteriousPyramids"},{"floor":27,"key":"Prayer Wheel"}],"event_choices":[{"damage_healed":0.0,"max_hp_gain":0.0,"max_hp_loss":0.0,"gold_gain":75.0,"event_name":"FaceTrader","player_choice":"Touch","floor":3.0,"gold_loss":0.0,"damage_taken":7.0}],"is_beta":false,"boss_relics":[{"not_picked":["Tiny House","Busted Crown"],"picked":"aspiration:IroncladSkillbook"}],"items_purged_floors":[21],"is_endless":false,"potions_floor_spawned":[1,5,11,14,24,29,30],"killed_by":"3 Cultists","ascension_level":2}}