{"host":"Yuki","time":1609137432,"event":{"mods":["AchievementEnabler","BaseMod","Block Reminder","Colored Map","Colored Powertips","Googly Eyes","Highlight Path","Minty Spire (QoL Compilation)","Permanent Neow","Quick Restart","Random Character Button","Random Character Mod","Relic Stats","StSLib","The Wild Card","everything is the same but u backflip on backflip","slay the spire mod where everything is the same but ironclad has a cowboy hat"],"gold_per_floor":[116,116,116,41,57,85,85,118,144,144,161,179,22,41,41,139,139,159,119,132,150,168,168,168,194,247,247,28,54,74,74,74],"floor_reached":31,"playtime":1446,"items_purged":["Strike_R","Strike_R"],"score":371,"play_id":"c19b9042-fbf7-4757-b2d6-9da73aa5f589","local_time":"20201228003712","is_ascension_mode":true,"campfire_choices":[{"data":"Armaments","floor":7,"key":"SMITH"},{"data":"Mayhem","floor":10,"key":"SMITH"},{"floor":15,"key":"REST"},{"data":"Feed","floor":23,"key":"SMITH"},{"data":"Fire Breathing","floor":27,"key":"SMITH"}],"circlet_count":0,"master_deck":["Strike_R+1","Strike_R+1","Defend_R","Defend_R","Defend_R","Defend_R","Bash+1","Mayhem+1","Clothesline","Armaments+1","Twin Strike","Battle Trance+1","Metallicize","Dropkick","Fire Breathing+1","Feed+1","Flame Barrier","Reckless Charge+1","Metallicize","Metallicize","Dropkick","Wild Strike","Inflame+1","Evolve+1"],"relics":["Burning Blood","Boot","Letter Opener","PreservedInsect","Mark of Pain","Regal Pillow","Smiling Mask","MealTicket","Bottled Lightning"],"acts_visited":["Exordium","TheCity"],"potions_floor_usage":[30,30],"damage_taken":[{"damage":1,"enemies":"Cultist","floor":1,"turns":5},{"damage":7,"enemies":"Small Slimes","floor":5,"turns":3},{"damage":30,"enemies":"3 Sentries","floor":6,"turns":11},{"damage":4,"enemies":"Lagavulin","floor":8,"turns":7},{"damage":0,"enemies":"2 Louse","floor":11,"turns":3},{"damage":25,"enemies":"Gremlin Gang","floor":12,"turns":5},{"damage":0,"enemies":"3 Louse","floor":14,"turns":2},{"damage":20,"enemies":"Slime Boss","floor":16,"turns":5},{"damage":23,"enemies":"Shell Parasite","floor":18,"turns":5},{"damage":0,"enemies":"Chosen","floor":20,"turns":4},{"damage":29,"enemies":"3 Cultists","floor":21,"turns":6},{"damage":6,"enemies":"Snecko","floor":22,"turns":4},{"damage":27,"enemies":"Gremlin Leader","floor":25,"turns":5},{"damage":22,"enemies":"Book of Stabbing","floor":29,"turns":5},{"damage":15,"enemies":"Shelled Parasite and Fungi","floor":30,"turns":4},{"damage":20,"enemies":"3 Cultists","floor":31,"turns":4}],"seed_played":"5080645197402146888","potions_obtained":[{"floor":5,"key":"Strength Potion"},{"floor":8,"key":"LiquidMemories"},{"floor":14,"key":"Swift Potion"},{"floor":25,"key":"LiquidBronze"},{"floor":29,"key":"DuplicationPotion"}],"is_trial":false,"path_per_floor":["M","?","?","$","M","E","R","E","T","R","M","M","$","M","R","B",null,"M","?","M","M","M","R","?","E","T","R","$","E","M","M"],"character_chosen":"IRONCLAD","items_purchased":["Dropkick","Fire Breathing","Metallicize","Dropkick","Wild Strike"],"campfire_rested":1,"item_purchase_floors":[13,13,28,28,28],"current_hp_per_floor":[72,58,58,58,57,33,33,35,35,35,41,22,22,28,49,35,63,46,46,56,37,41,41,41,20,20,20,35,23,18,0,0],"gold":74,"neow_bonus":"RANDOM_COLORLESS_2","is_daily":false,"chose_seed":false,"campfire_upgraded":4,"win_rate":0.0,"timestamp":1609137432,"path_taken":["M","?","?","$","M","E","R","E","T","R","M","M","$","M","R","BOSS","M","?","?","M","M","R","?","E","T","R","$","E","M","M"],"items_purchased_type":["Card","Card","Card","Card","Card"],"build_version":"2020-12-18","purchased_purges":2,"victory":false,"max_hp_per_floor":[72,72,72,72,72,72,72,72,72,72,72,72,72,72,72,72,72,72,72,76,80,84,84,84,84,84,84,84,88,92,92,92],"relic_stats":{"Regal Pillow":0,"counters":[16,78],"MealTicket":15,"PreservedInsect":88,"Letter Opener":[109],"Boot":[11],"Smiling Mask":50,"obtain_stats":[{"Regal Pillow":24,"MealTicket":26,"PreservedInsect":9,"Mark of Pain":17,"Letter Opener":8,"Bottled Lightning":29,"Boot":6,"Smiling Mask":25,"Burning Blood":0},{"Regal Pillow":12,"MealTicket":13,"PreservedInsect":4,"Mark of Pain":8,"Letter Opener":4,"Bottled Lightning":14,"Boot":3,"Smiling Mask":13,"Burning Blood":0},{"Regal Pillow":60,"MealTicket":65,"PreservedInsect":26,"Mark of Pain":41,"Letter Opener":26,"Bottled Lightning":70,"Boot":19,"Smiling Mask":65,"Burning Blood":0}],"Burning Blood":85},"card_choices":[{"not_picked":["The Bomb","Transmutation"],"picked":"Mayhem","floor":0},{"not_picked":["Warcry","Clash","Shockwave"],"picked":"SKIP","floor":1},{"not_picked":["Body Slam","Twin Strike","Thunderclap"],"picked":"SKIP","floor":5},{"not_picked":["Heavy Blade","Blood for Blood"],"picked":"Armaments","floor":6},{"not_picked":["Burning Pact","Reckless Charge"],"picked":"Twin Strike","floor":8},{"not_picked":["Headbutt","Uppercut"],"picked":"Battle Trance","floor":11},{"not_picked":["Anger","Hemokinesis"],"picked":"Metallicize","floor":12},{"not_picked":["Clash","Iron Wave","Bloodletting"],"picked":"SKIP","floor":14},{"not_picked":["Exhume","Bludgeon"],"picked":"Feed","floor":16},{"not_picked":["Warcry","Flex"],"picked":"Flame Barrier","floor":18},{"not_picked":["True Grit","Pommel Strike","Heavy Blade"],"picked":"SKIP","floor":20},{"not_picked":["Wild Strike","Seeing Red"],"picked":"Reckless Charge+1","floor":21},{"not_picked":["Double Tap","Havoc","Body Slam"],"picked":"SKIP","floor":22},{"not_picked":["Brutality","Shrug It Off"],"picked":"Metallicize","floor":25},{"not_picked":["Rampage+1","Clash"],"picked":"Inflame+1","floor":29},{"not_picked":["Bloodletting","Burning Pact"],"picked":"Evolve+1","floor":30}],"player_experience":1230341,"relics_obtained":[{"floor":6,"key":"Boot"},{"floor":8,"key":"Letter Opener"},{"floor":9,"key":"PreservedInsect"},{"floor":25,"key":"Smiling Mask"},{"floor":26,"key":"MealTicket"},{"floor":29,"key":"Bottled Lightning"}],"event_choices":[{"damage_healed":0,"gold_gain":0,"player_choice":"Entered Light","damage_taken":14,"max_hp_gain":0,"max_hp_loss":0,"event_name":"Shining Light","floor":2,"gold_loss":0,"cards_upgraded":["Strike_R","Bash"]},{"damage_healed":0,"gold_gain":0,"cards_transformed":["Strike_R"],"player_choice":"Change","damage_taken":0,"max_hp_gain":0,"max_hp_loss":0,"event_name":"Living Wall","floor":3,"gold_loss":0,"cards_obtained":["Clothesline"]},{"damage_healed":0,"gold_gain":0,"player_choice":"Upgraded Two","damage_taken":0,"max_hp_gain":0,"max_hp_loss":0,"event_name":"Designer","floor":19,"gold_loss":40,"cards_upgraded":["Battle Trance","Strike_R"]},{"damage_healed":0,"gold_gain":0,"player_choice":"Gave Potion","damage_taken":0,"relics_obtained":["Regal Pillow"],"max_hp_gain":0,"max_hp_loss":0,"event_name":"WeMeetAgain","floor":24,"gold_loss":0}],"is_beta":true,"boss_relics":[{"not_picked":["Empty Cage","Snecko Eye"],"picked":"Mark of Pain"}],"items_purged_floors":[4,28],"is_endless":false,"potions_floor_spawned":[5,8,14,16,21,25,29],"killed_by":"3 Cultists","ascension_level":6}}