{"host":"zpql4quw4g2j1hsh","time":1609168655,"event":{"mods":["Act Like it!","BaseMod","Better-Laid Plans","Challenge The Spire","Decade(王小明)","Lobotomy","LobotomyExtend","Minty Spire (QoL Compilation)","Permanent Neow","Quick Restart","Relic Stats","Spicy Shops","StSLib","SuperFastMode","【遗物卡牌】REMEMod","篝火指南"],"gold_per_floor":[109,127,145,170,186,211,211,58,58,58,70,85,85,104,104,104,104],"floor_reached":16,"playtime":946,"items_purged":["WhitesApple"],"score":129,"play_id":"6adbb0fd-4c87-4146-8d27-ec31431874cc","local_time":"20201228231735","is_ascension_mode":false,"campfire_choices":[{"data":"Decade_SpecialSkill","floor":7,"key":"SMITH"},{"data":"KamenRide","floor":15,"key":"SMITH"}],"circlet_count":0,"master_deck":["Decade_Attack+1","Decade_Attack","Decade_Attack","Decade_Attack","KamenRide+1","Decade_SpecialSkill+1","Decade_Defend","Decade_Defend","Decade_Defend+1","Decade_Defend","QueenBee","Dazed","LongBird","Parasite","FieryBird","RideBooker_Skill_3+1","CrumblingArmor","SingingMachine","BigBird"],"relics":["Decadriver","TOEIDeficitBill","REME_ComplimentaryCards","CogitoBucket","LetterFromLob","Strawberry","Sundial","REME_PuzzleBoxRelic","LaetitiaHeart","MagicBullet_r","TreeSap"],"acts_visited":["Exordium"],"potions_floor_usage":[16],"damage_taken":[{"damage":0,"enemies":"Cultist","floor":1,"turns":2},{"damage":0,"enemies":"2 Louse","floor":2,"turns":1},{"damage":0,"enemies":"Jaw Worm","floor":3,"turns":1},{"damage":0,"enemies":"Large Slime","floor":5,"turns":2},{"damage":0,"enemies":"Lagavulin","floor":6,"turns":2},{"damage":10,"enemies":"Lagavulin","floor":10,"turns":1},{"damage":0,"enemies":"Lagavulin","floor":10,"turns":1},{"damage":9,"enemies":"Lagavulin","floor":10,"turns":1},{"damage":0,"enemies":"Looter","floor":11,"turns":2},{"damage":0,"enemies":"Exordium Thugs","floor":12,"turns":1},{"damage":5,"enemies":"Large Slime","floor":14,"turns":1},{"damage":48,"enemies":"The Guardian","floor":16,"turns":3}],"seed_played":"5362594273203175310","potions_obtained":[{"floor":1,"key":"SpeedPotion"},{"floor":3,"key":"SmokeBomb"},{"floor":6,"key":"CultistPotion"}],"is_trial":false,"path_per_floor":["M","M","M","T","M","E","R","$","T","?","M","M","?","M","R","B"],"character_chosen":"Decade","items_purchased":["RideBooker_Skill_3"],"campfire_rested":0,"item_purchase_floors":[8],"current_hp_per_floor":[70,70,70,77,77,77,77,77,77,61,61,61,46,41,41,0,0],"gold":104,"neow_bonus":"","is_daily":false,"chose_seed":false,"campfire_upgraded":2,"win_rate":0.0,"timestamp":1609168655,"path_taken":["M","M","M","?","M","E","R","$","T","?","M","M","?","M","R","BOSS"],"items_purchased_type":["Card"],"build_version":"2020-12-22","purchased_purges":1,"victory":false,"max_hp_per_floor":[70,70,70,77,77,77,77,77,77,77,77,77,77,77,77,77,77],"relic_stats":{"counters":[13,19],"Sundial":[0],"obtain_stats":[{"CogitoBucket":0,"LaetitiaHeart":10,"MagicBullet_r":10,"Sundial":6,"Strawberry":4,"TreeSap":11,"Decadriver":0,"LetterFromLob":1,"TOEIDeficitBill":0,"REME_PuzzleBoxRelic":9,"REME_ComplimentaryCards":0},{"CogitoBucket":0,"LaetitiaHeart":5,"MagicBullet_r":7,"Sundial":5,"Strawberry":3,"TreeSap":10,"Decadriver":0,"LetterFromLob":1,"TOEIDeficitBill":0,"REME_PuzzleBoxRelic":5,"REME_ComplimentaryCards":0},{"CogitoBucket":0,"LaetitiaHeart":8,"MagicBullet_r":10,"Sundial":8,"Strawberry":4,"TreeSap":14,"Decadriver":0,"LetterFromLob":2,"TOEIDeficitBill":0,"REME_PuzzleBoxRelic":8,"REME_ComplimentaryCards":0}]},"card_choices":[{"not_picked":["WallGazer","BigBird"],"picked":"WhitesApple","floor":1},{"not_picked":["SpiderBud","OldLady","SnowQueen"],"picked":"Singing Bowl","floor":2},{"not_picked":["SpiderBud","DreamingCurrent"],"picked":"QueenBee","floor":3},{"not_picked":["Blade_Slash","UnarmedAttack7"],"picked":"RideBooker","floor":5},{"not_picked":["Porccubus","VoidDream"],"picked":"LongBird","floor":5},{"not_picked":["BeautyBeast","FairyFestival","CherryBlossoms"],"picked":"Singing Bowl","floor":6},{"not_picked":["Scarecrow","Scorched"],"picked":"FieryBird","floor":6},{"not_picked":["Wellcheers","Laetitia"],"picked":"CrumblingArmor","floor":11},{"not_picked":["CherryBlossoms","LaLuna"],"picked":"SingingMachine","floor":12},{"not_picked":["SpiderBud","VoidDream"],"picked":"BigBird","floor":14}],"player_experience":13919,"relics_obtained":[{"floor":1,"key":"LetterFromLob"},{"floor":4,"key":"Strawberry"},{"floor":6,"key":"Sundial"},{"floor":9,"key":"REME_PuzzleBoxRelic"}],"event_choices":[{"damage_healed":0,"gold_gain":0,"player_choice":"Entered Light","damage_taken":15,"max_hp_gain":0,"max_hp_loss":0,"event_name":"Shining Light","floor":13,"gold_loss":0,"cards_upgraded":["Decade_Attack","Decade_Defend"]}],"is_beta":false,"boss_relics":[],"items_purged_floors":[8],"is_endless":false,"potions_floor_spawned":[1,3,6,10,12],"killed_by":"The Guardian","ascension_level":0}}