{"host":"l84l8xigz5v5foa2","time":1609183050,"event":{"mods":["2.2 Compatiblity","AchievementEnabler","BaseMod","Better Note","Better Vampires","Card Filter","Colored Map","DeckTracker","Downfall","Gremlin Skip","Highlight Path","Keyboard Shortcuts","Minty Spire (QoL Compilation)","Permanent Neow","Quick Restart","Relic Filter","Relic Stats","StSLib","SuperFastMode","Transform Curses","Unknown Chances"],"gold_per_floor":[0,19,19,36,46,62,62,62,94,94,110,120,120,145,163,163,163,163],"floor_reached":16,"playtime":724,"items_purged":[],"score":177,"play_id":"961adf84-d9ca-40c4-8203-a647f558be51","local_time":"20201229041730","is_ascension_mode":true,"campfire_choices":[{"data":"champ:Taunt","floor":1.0,"key":"SMITH"},{"data":"champ:Duel","floor":8.0,"key":"SMITH"},{"data":"champ:Backstep","floor":13,"key":"SMITH"}],"circlet_count":0,"master_deck":["AscendersBane","champ:Strike","champ:Strike","champ:Strike","champ:Strike","champ:Defend","champ:Defend","champ:Defend","champ:Defend","champ:Execute","champ:Taunt+1","champ:DancingMaster","champ:AdrenalArmor","champ:GutPunch","champ:BringItOn","champ:Duel+1","champ:FaceSlap","champ:Backstep+1"],"relics":["champ:ChampionCrown","Unceasing Top","Eternal Feather"],"acts_visited":["Exordium"],"potions_floor_usage":[9,14],"damage_taken":[{"damage":6.0,"enemies":"Small Slimes","floor":2.0,"turns":5.0},{"damage":13.0,"enemies":"2 Louse","floor":4.0,"turns":4.0},{"damage":36.0,"enemies":"Jaw Worm","floor":5.0,"turns":6.0},{"damage":27.0,"enemies":"Large Slime","floor":6.0,"turns":9.0},{"damage":16,"enemies":"Gremlin Nob","floor":9,"turns":3},{"damage":20,"enemies":"3 Louse","floor":11,"turns":5},{"damage":7,"enemies":"Blue Slaver","floor":12,"turns":4},{"damage":28,"enemies":"3 Sentries","floor":14,"turns":7},{"damage":11,"enemies":"Red Slaver","floor":15,"turns":5},{"damage":42,"enemies":"downfall:Defect","floor":16,"turns":5}],"seed_played":"-1417175886044155317","potions_obtained":[{"floor":5.0,"key":"FearPotion"},{"floor":11,"key":"Block Potion"},{"floor":15,"key":"SpeedPotion"}],"is_trial":false,"path_per_floor":["R","M","?","M","M","M","T","R","E","?","M","M","R","E","M","B"],"character_chosen":"THE_CHAMP","items_purchased":[],"campfire_rested":0,"item_purchase_floors":[],"current_hp_per_floor":[81,80,85,84,71,65,65,65,57,57,54,54,54,42,42,0,0,0],"gold":163,"neow_bonus":"THREE_RARE_CARDS","is_daily":false,"chose_seed":false,"campfire_upgraded":3,"win_rate":0.0,"timestamp":1609183050,"path_taken":["R","M","?","M","M","M","T","R","E","?","M","M","R","E","M","BOSS"],"items_purchased_type":[],"build_version":"2020-12-22","purchased_purges":0,"victory":false,"max_hp_per_floor":[90,90,95,95,95,95,95,95,95,95,95,95,95,95,95,95,95,95],"relic_stats":{"counters":[10,53],"Eternal Feather":0,"obtain_stats":[{"champ:ChampionCrown":0,"Eternal Feather":14,"Unceasing Top":9},{"champ:ChampionCrown":0,"Eternal Feather":8,"Unceasing Top":5},{"champ:ChampionCrown":0,"Eternal Feather":43,"Unceasing Top":27}],"Unceasing Top":[0]},"card_choices":[{"not_picked":["champ:MurderStrike","champ:CrownThrow"],"picked":"champ:DancingMaster","floor":0.0},{"not_picked":["champ:DefensiveShout","champ:TornadoPunch"],"picked":"champ:AdrenalArmor","floor":2.0},{"not_picked":["champ:BerserkersShout","champ:FocusedDefense"],"picked":"champ:GutPunch","floor":4.0},{"not_picked":["champ:FocusedBerserking","champ:ShieldSlam"],"picked":"champ:BringItOn","floor":5.0},{"not_picked":["champ:DefensiveShout","champ:GutPunch"],"picked":"champ:Duel","floor":6.0},{"not_picked":["champ:RapidStrikes","champ:SkillfulDodge"],"picked":"champ:FaceSlap","floor":9},{"not_picked":["champ:PerfectedStrike","champ:ArenaPreparation"],"picked":"champ:Backstep","floor":11},{"not_picked":["champ:DefensiveStyle","champ:BringItOn","champ:FanOfKnives"],"picked":"SKIP","floor":12},{"not_picked":["champ:ArenaPreparation","champ:Circumvent","champ:FightOn"],"picked":"SKIP","floor":14},{"not_picked":["champ:BringItOn","champ:FlashCut","champ:RageSigil"],"picked":"SKIP","floor":15}],"player_experience":2766126,"relics_obtained":[{"floor":9,"key":"Unceasing Top"},{"floor":14,"key":"Eternal Feather"}],"event_choices":[{"damage_healed":0.0,"max_hp_gain":5.0,"max_hp_loss":0.0,"gold_gain":0.0,"event_name":"Big Fish","player_choice":"Donut","floor":3.0,"gold_loss":0.0,"damage_taken":0.0}],"is_beta":false,"boss_relics":[],"items_purged_floors":[],"is_endless":false,"potions_floor_spawned":[5,11,15],"killed_by":"downfall:Defect","ascension_level":11}}