{"host":"sum4dy402bbv9y4o","time":1609185306,"event":{"mods":["Aspiration","BaseMod","Conspire","Highlight Path","Minty Spire (QoL Compilation)","StSLib"],"gold_per_floor":[114,114,389,46,58,58,93,93,118,118,268,268,268,278,278,355,355,372,392,20,20,70,95,110,110,137,164,176,176,202,222,222,294,294,311,322,8,20,20,45,45,62,107,125,143,154,154,114,114,114,114,114],"floor_reached":51,"playtime":1601,"items_purged":["Regret","Doubt","Strike_G"],"score":1645,"play_id":"f5b53fd0-7f1c-49e5-aafc-5ebeb2ceed01","local_time":"20201228225506","is_ascension_mode":true,"campfire_choices":[{"data":"Footwork","floor":6,"key":"SMITH"},{"data":"Slice","floor":8,"key":"SMITH"},{"data":"Survivor","floor":10,"key":"SMITH"},{"data":"Neutralize","floor":12,"key":"SMITH"},{"data":"All Out Attack","floor":15,"key":"SMITH"},{"floor":25,"key":"REST"},{"floor":29,"key":"REST"},{"data":"Glass Knife","floor":32,"key":"SMITH"},{"floor":41,"key":"REST"},{"floor":49,"key":"REST"}],"circlet_count":0,"master_deck":["AscendersBane","Strike_G","Defend_G+1","Defend_G+1","Defend_G+1","Defend_G+1","Defend_G+1","Survivor+1","Neutralize+1","PiercingWail+1","Slice+1","Footwork+1","All Out Attack+1","Glass Knife+1","Expertise+1","A Thousand Cuts+1","Backstab+1","Skewer+1","Backstab","Deflect","Poisoned Stab","Backstab","Finisher","Blur","Metamorphosis","Infinite Blades"],"relics":["Ring of the Snake","NeowsBlessing","Ninja Scroll","Mercury Hourglass","Potion Belt","Astrolabe","Ornamental Fan","Oddly Smooth Stone","Bronze Scales","aspiration:ChemicalBlood","aspiration:Stabinomicon","Busted Crown","Nunchaku","Orichalcum"],"acts_visited":["Exordium","TheCity","TheBeyond"],"potions_floor_usage":[16,16,23,30,33,33,33,38,40,40,50,50,50,51],"damage_taken":[{"damage":0,"enemies":"Small Slimes","floor":1,"turns":1},{"damage":0,"enemies":"Jaw Worm","floor":5,"turns":1},{"damage":0,"enemies":"Lagavulin","floor":7,"turns":1},{"damage":0,"enemies":"Cultist","floor":14,"turns":3},{"damage":1,"enemies":"The Guardian","floor":16,"turns":11},{"damage":2,"enemies":"Shell Parasite","floor":18,"turns":6},{"damage":0,"enemies":"Chosen","floor":19,"turns":3},{"damage":44,"enemies":"Book of Stabbing","floor":23,"turns":7},{"damage":0,"enemies":"Snake Plant","floor":24,"turns":4},{"damage":0,"enemies":"Gremlin Leader","floor":27,"turns":7},{"damage":0,"enemies":"Sentry and Sphere","floor":28,"turns":2},{"damage":0,"enemies":"Book of Stabbing","floor":30,"turns":2},{"damage":0,"enemies":"Centurion and Healer","floor":31,"turns":1},{"damage":0,"enemies":"Automaton","floor":33,"turns":6},{"damage":0,"enemies":"3 Shapes","floor":35,"turns":3},{"damage":0,"enemies":"3 Darklings","floor":36,"turns":2},{"damage":10,"enemies":"Transient","floor":38,"turns":6},{"damage":44,"enemies":"Giant Head","floor":40,"turns":6},{"damage":0,"enemies":"Maw","floor":42,"turns":2},{"damage":9,"enemies":"4 Shapes","floor":44,"turns":3},{"damage":0,"enemies":"Jaw Worm Horde","floor":45,"turns":3},{"damage":6,"enemies":"Writhing Mass","floor":46,"turns":3},{"damage":17,"enemies":"Time Eater","floor":50,"turns":3},{"damage":35,"enemies":"Awakened One","floor":51,"turns":2}],"seed_played":"3700731958570312362","potions_obtained":[{"floor":7,"key":"FearPotion"},{"floor":16,"key":"LiquidMemories"},{"floor":18,"key":"LiquidBronze"},{"floor":23,"key":"DistilledChaos"},{"floor":27,"key":"FearPotion"},{"floor":31,"key":"Fruit Juice"},{"floor":35,"key":"AttackPotion"},{"floor":38,"key":"SkillPotion"},{"floor":46,"key":"GamblersBrew"},{"floor":48,"key":"Regen Potion"}],"is_trial":false,"path_per_floor":["M","?","?","$","M","R","E","R","T","R","?","R","?","M","R","B",null,"M","M","$","?","?","E","M","R","T","E","M","R","E","M","R","B",null,"M","M","$","M","?","E","R","M","T","M","M","M","?","?","R","B","B"],"character_chosen":"THE_SILENT","items_purchased":["PreservedInsect","Slice","Strength Potion","Ornamental Fan","Metamorphosis"],"campfire_rested":4,"item_purchase_floors":[4,4,4,20,37],"current_hp_per_floor":[59,54,54,54,54,54,54,54,54,54,54,54,54,54,54,53,63,61,61,61,61,61,17,17,36,36,36,36,55,55,55,55,60,68,68,68,68,58,54,10,31,31,31,22,22,16,16,16,37,29,0,0],"gold":114,"neow_bonus":"THREE_ENEMY_KILL","is_daily":false,"chose_seed":false,"campfire_upgraded":6,"win_rate":0.0,"timestamp":1609185306,"path_taken":["M","?","?","$","?","R","E","R","T","R","?","R","?","M","R","BOSS","M","M","$","?","?","E","M","R","T","E","M","R","E","M","R","BOSS","M","?","$","M","?","E","R","M","T","M","M","M","?","?","R","BOSS","BOSS"],"items_purchased_type":["Relic","Card","Potion","Relic","Card"],"build_version":"2020-12-22","purchased_purges":3,"victory":false,"max_hp_per_floor":[66,66,66,66,66,66,66,66,66,66,66,66,66,66,66,66,66,66,66,66,66,66,66,66,66,66,66,66,66,66,66,66,71,71,71,71,71,71,71,71,71,71,71,71,71,71,71,71,71,71,71,71],"card_choices":[{"not_picked":["Crippling Poison","Expertise"],"picked":"PiercingWail","floor":1},{"not_picked":["Prepared","Sucker Punch"],"picked":"Footwork","floor":5},{"not_picked":["Deadly Poison","Well Laid Plans","Outmaneuver"],"picked":"SKIP","floor":7},{"not_picked":["Dodge and Roll","Backflip"],"picked":"All Out Attack","floor":14},{"not_picked":["Burst","Doppelganger"],"picked":"Glass Knife","floor":16},{"not_picked":["Dagger Spray","Distraction"],"picked":"Skewer+1","floor":18},{"not_picked":["Setup","Catalyst","Deadly Poison"],"picked":"SKIP","floor":19},{"not_picked":["Dodge and Roll","Skewer"],"picked":"Backstab","floor":23},{"not_picked":["PiercingWail+1","Cloak And Dagger"],"picked":"Deflect","floor":24},{"not_picked":["Flying Knee","Reflex"],"picked":"Poisoned Stab","floor":27},{"not_picked":["Bane","Outmaneuver+1"],"picked":"Backstab","floor":28},{"not_picked":["Concentrate+1","Flechettes"],"picked":"Finisher","floor":30},{"not_picked":["Bane","Predator+1"],"picked":"Blur","floor":31},{"not_picked":["PiercingWail"],"picked":"SKIP","floor":35},{"not_picked":["All Out Attack"],"picked":"SKIP","floor":36},{"not_picked":["Flying Knee+1"],"picked":"SKIP","floor":38},{"not_picked":["Setup"],"picked":"SKIP","floor":40},{"not_picked":[],"picked":"Infinite Blades","floor":42},{"not_picked":["Expertise"],"picked":"SKIP","floor":44},{"not_picked":["Acrobatics"],"picked":"SKIP","floor":45},{"not_picked":["Outmaneuver+1"],"picked":"SKIP","floor":46}],"player_experience":2856291,"relics_obtained":[{"floor":7,"key":"Mercury Hourglass"},{"floor":9,"key":"Potion Belt"},{"floor":23,"key":"Oddly Smooth Stone"},{"floor":26,"key":"Bronze Scales"},{"floor":27,"key":"aspiration:ChemicalBlood"},{"floor":30,"key":"aspiration:Stabinomicon"},{"floor":40,"key":"Nunchaku"},{"floor":43,"key":"Orichalcum"}],"event_choices":[{"damage_healed":0,"gold_gain":0,"player_choice":"Success","damage_taken":5,"relics_obtained":["Ninja Scroll"],"max_hp_gain":0,"max_hp_loss":0,"event_name":"Scrap Ooze","floor":2,"gold_loss":0},{"damage_healed":0,"gold_gain":275,"player_choice":"Desecrate","damage_taken":0,"max_hp_gain":0,"max_hp_loss":0,"event_name":"Golden Shrine","floor":3,"gold_loss":0,"cards_obtained":["Regret"]},{"damage_healed":0,"gold_gain":150,"player_choice":"AGREE","damage_taken":0,"max_hp_gain":0,"max_hp_loss":0,"event_name":"Liars Game","floor":11,"gold_loss":0,"cards_obtained":["Doubt"]},{"damage_healed":0,"gold_gain":0,"player_choice":"Ignored","damage_taken":0,"max_hp_gain":0,"max_hp_loss":0,"event_name":"Vampires","floor":21,"gold_loss":0},{"damage_healed":0,"gold_gain":50,"player_choice":"Pray","damage_taken":0,"max_hp_gain":0,"max_hp_loss":0,"event_name":"Golden Shrine","floor":22,"gold_loss":0},{"damage_healed":0,"gold_gain":0,"player_choice":"Leave","damage_taken":0,"max_hp_gain":0,"max_hp_loss":0,"event_name":"conspire:Investor","floor":39,"gold_loss":0},{"damage_healed":0,"gold_gain":0,"player_choice":"Bought 3 Potions","damage_taken":0,"max_hp_gain":0,"max_hp_loss":0,"event_name":"The Woman in Blue","floor":48,"gold_loss":0}],"is_beta":false,"boss_relics":[{"not_picked":["conspire:RoyalGoblet","aspiration:RandomNobGenerator"],"picked":"Astrolabe"},{"not_picked":["Runic Dome","Ring of the Serpent"],"picked":"Busted Crown"}],"items_purged_floors":[4,20,37],"is_endless":false,"potions_floor_spawned":[7,16,18,23,27,31,35,38,46],"killed_by":"Awakened One","ascension_level":20}}