{"host":"yecadp3kwkksam5a","time":1609140127,"event":{"mods":["Arknights The Spire","BaseMod","Minty Spire (QoL Compilation)","StSLib","The Hierophant"],"gold_per_floor":[111,124,138,238,251,251,264,596,596,596,596],"floor_reached":10,"playtime":494,"items_purged":[],"score":70,"play_id":"fd794307-f4ff-4f2f-af2a-94690735ee3f","local_time":"20201228162207","is_ascension_mode":false,"campfire_choices":[{"data":"ats:Thorns","floor":6,"key":"SMITH"}],"circlet_count":0,"master_deck":["ats:Strike C","ats:Strike G","ats:Strike S","ats:Armor Crushing Shot","ats:Defend","ats:Defend","ats:Defend","ats:Defend","ats:Emotion Absorption","ats:Volcano","ats:Assault Order","ats:Shell Defense","ats:Powerful Strike","ats:Thorns+1","ats:Apocalypse","ats:Song Of Battle"],"relics":["ats:Sanity","ats:Originium","Old Coin","HornCleat"],"acts_visited":["Exordium"],"potions_floor_usage":[7,8],"damage_taken":[{"damage":1,"enemies":"Cultist","floor":1,"turns":4},{"damage":1,"enemies":"2 Louse","floor":2,"turns":3},{"damage":6,"enemies":"Jaw Worm","floor":3,"turns":3},{"damage":13,"enemies":"Exordium Thugs","floor":5,"turns":4},{"damage":3,"enemies":"Looter","floor":7,"turns":3},{"damage":35,"enemies":"Gremlin Nob","floor":8,"turns":6},{"damage":53,"enemies":"Lagavulin","floor":10,"turns":10}],"seed_played":"-4852042133207172328","potions_obtained":[{"floor":2,"key":"SkillPotion"},{"floor":7,"key":"Fruit Juice"}],"is_trial":false,"path_per_floor":["M","M","M","?","M","R","M","E","T","E"],"character_chosen":"DOCTOR_CLASS","items_purchased":[],"campfire_rested":0,"item_purchase_floors":[],"current_hp_per_floor":[71,70,64,64,51,51,53,26,26,0,0],"gold":596,"neow_bonus":"TRANSFORM_CARD","is_daily":false,"chose_seed":false,"campfire_upgraded":1,"win_rate":0.0,"timestamp":1609140127,"path_taken":["M","M","M","?","M","R","M","E","T","E"],"items_purchased_type":[],"build_version":"2020-12-22","purchased_purges":0,"victory":false,"max_hp_per_floor":[72,72,72,72,72,72,77,77,77,77,77],"card_choices":[{"not_picked":["ats:Explosion Area Strengthen","ats:Mental Burst"],"picked":"ats:Assault Order","floor":1},{"not_picked":["ats:Leaping Hammer","ats:Childhood Dance"],"picked":"ats:Shell Defense","floor":2},{"not_picked":["ats:Consecutive Shot Auto","ats:Encircling Forest"],"picked":"ats:Powerful Strike","floor":3},{"not_picked":["ats:Curse Doll","ats:Explosion Area Strengthen"],"picked":"ats:Thorns","floor":5},{"not_picked":["ats:Soul Absorption","ats:Explosion Area Strengthen"],"picked":"ats:Apocalypse","floor":7},{"not_picked":["ats:Thermite Blade","ats:Flexible Camouflage"],"picked":"ats:Song Of Battle","floor":8}],"player_experience":303745,"relics_obtained":[{"floor":8,"key":"ats:Originium"},{"floor":8,"key":"Old Coin"},{"floor":9,"key":"HornCleat"}],"event_choices":[{"damage_healed":0,"gold_gain":100,"player_choice":"Gold","damage_taken":0,"max_hp_gain":0,"max_hp_loss":0,"event_name":"Wheel of Change","floor":4,"gold_loss":0}],"is_beta":false,"boss_relics":[],"items_purged_floors":[],"is_endless":false,"potions_floor_spawned":[2,7],"killed_by":"Lagavulin","ascension_level":0}}