{"host":"a7n5dzefz0hsmd08","time":1609174663,"event":{"mods":["2.2 Compatiblity","AchievementEnabler","BaseMod","Colored Powertips","Minty Spire (QoL Compilation)","StSLib"],"gold_per_floor":[115,16,35,35,35,63,74,74,74,109,122,147,159,3,3,126,126,141,155,155,182,101,134,134,134,134],"floor_reached":25,"playtime":1865,"items_purged":[],"score":300,"play_id":"312348f5-9ca8-43eb-b8af-160567b15e55","local_time":"20201228175743","is_ascension_mode":true,"campfire_choices":[{"data":"Discovery","floor":8,"key":"SMITH"},{"floor":15,"key":"REST"},{"floor":24,"key":"REST"}],"circlet_count":0,"master_deck":["Defend_P","Defend_P","Defend_P","Defend_P","Eruption","Vigilance","Discovery+1","Prostrate","Prostrate","WindmillStrike","Prostrate","CarveReality","FlyingSleeves","Blasphemy+1","SashWhip","Vengeance+1","Devotion","EmptyFist","Establishment","FollowUp","Evaluate+1","Bite","Bite","Bite","Bite","Bite","Vault+1"],"relics":["HolyWater","Singing Bowl","Mercury Hourglass","Toxic Egg 2","MawBank","Golden Idol","Vajra","Blue Candle"],"acts_visited":["Exordium","TheCity"],"potions_floor_usage":[10,10,16,23],"damage_taken":[{"damage":0,"enemies":"Small Slimes","floor":1,"turns":2},{"damage":0,"enemies":"Jaw Worm","floor":3,"turns":2},{"damage":14,"enemies":"Lagavulin","floor":6,"turns":5},{"damage":0,"enemies":"2 Louse","floor":7,"turns":4},{"damage":0,"enemies":"3 Sentries","floor":10,"turns":3},{"damage":0,"enemies":"Blue Slaver","floor":11,"turns":2},{"damage":19,"enemies":"Lagavulin","floor":12,"turns":4},{"damage":20,"enemies":"Hexaghost","floor":16,"turns":4},{"damage":14,"enemies":"2 Thieves","floor":18,"turns":3},{"damage":0,"enemies":"Chosen","floor":19,"turns":4},{"damage":27,"enemies":"Gremlin Leader","floor":23,"turns":4},{"damage":100041,"enemies":"Slavers","floor":25,"turns":6}],"seed_played":"-1081669850422047924","potions_obtained":[{"floor":6,"key":"Explosive Potion"},{"floor":7,"key":"SkillPotion"},{"floor":12,"key":"PowerPotion"},{"floor":19,"key":"BlessingOfTheForge"}],"is_trial":false,"path_per_floor":["M","$","M","?","?","E","M","R","T","E","M","E","?","$","R","B",null,"M","M","?","T","$","E","R","E"],"character_chosen":"WATCHER","items_purchased":["Prostrate","WindmillStrike","Devotion","EmptyFist","Vault+1"],"campfire_rested":2,"item_purchase_floors":[2,2,14,14,22],"current_hp_per_floor":[72,72,72,72,72,58,58,58,58,58,58,39,21,21,42,22,72,58,58,50,50,50,25,40,0,0],"gold":134,"neow_bonus":"RANDOM_COLORLESS","is_daily":false,"chose_seed":false,"campfire_upgraded":1,"win_rate":0.0,"timestamp":1609174663,"path_taken":["M","$","M","?","?","E","M","R","T","E","M","E","?","?","R","BOSS","M","M","?","?","$","E","R","E"],"items_purchased_type":["Card","Card","Card","Card","Card"],"build_version":"2020-12-22","purchased_purges":0,"victory":false,"max_hp_per_floor":[72,72,72,72,72,72,72,72,72,72,72,72,72,72,72,72,72,72,72,50,50,50,52,52,52,52],"card_choices":[{"not_picked":["Purity","Mind Blast"],"picked":"Discovery","floor":0},{"not_picked":["ThirdEye","Nirvana"],"picked":"Prostrate","floor":1},{"not_picked":["Consecrate","FearNoEvil"],"picked":"Prostrate","floor":3},{"not_picked":["WheelKick","Indignation"],"picked":"CarveReality","floor":6},{"not_picked":["ClearTheMind","Halt"],"picked":"FlyingSleeves","floor":7},{"not_picked":["DevaForm","MentalFortress"],"picked":"Blasphemy+1","floor":10},{"not_picked":["Meditate+1","ForeignInfluence+1"],"picked":"SashWhip","floor":11},{"not_picked":["Evaluate+1","JustLucky"],"picked":"Vengeance+1","floor":12},{"not_picked":["Omniscience+1","Devotion"],"picked":"Establishment","floor":16},{"not_picked":["BowlingBash","BattleHymn"],"picked":"FollowUp","floor":18},{"not_picked":["Swivel+1","BowlingBash"],"picked":"Evaluate+1","floor":19},{"not_picked":["TalkToTheHand","ReachHeaven","EmptyFist"],"picked":"Singing Bowl","floor":23}],"player_experience":147697,"relics_obtained":[{"floor":6,"key":"Singing Bowl"},{"floor":9,"key":"Mercury Hourglass"},{"floor":10,"key":"Toxic Egg 2"},{"floor":12,"key":"MawBank"},{"floor":21,"key":"Vajra"},{"floor":23,"key":"Blue Candle"}],"event_choices":[{"damage_healed":0,"gold_gain":0,"player_choice":"Ignored","damage_taken":0,"max_hp_gain":0,"max_hp_loss":0,"event_name":"Golden Wing","floor":4,"gold_loss":0},{"damage_healed":0,"gold_gain":0,"player_choice":"Leave","damage_taken":0,"max_hp_gain":0,"max_hp_loss":0,"event_name":"The Cleric","floor":5,"gold_loss":0},{"damage_healed":0,"gold_gain":0,"player_choice":"Take Damage","damage_taken":18,"relics_obtained":["Golden Idol"],"max_hp_gain":0,"max_hp_loss":0,"event_name":"Golden Idol","floor":13,"gold_loss":0},{"damage_healed":0,"gold_gain":0,"player_choice":"Became a vampire","damage_taken":0,"max_hp_gain":0,"max_hp_loss":22,"event_name":"Vampires","floor":20,"gold_loss":0,"cards_obtained":["Bite","Bite","Bite","Bite","Bite"]}],"is_beta":false,"boss_relics":[{"not_picked":["Velvet Choker","Astrolabe"],"picked":"HolyWater"}],"items_purged_floors":[],"is_endless":false,"potions_floor_spawned":[6,7,12,19],"killed_by":"Slavers","ascension_level":1}}