{"host":"7o30bgpqouqblh42","time":1609190163,"event":{"mods":["AchievementEnabler","Aspiration","BaseMod","Colored Map","Downfall","Highlight Path","Minty Spire (QoL Compilation)","StSLib","SuperFastMode"],"gold_per_floor":[362,37,37,11,11,11,36,46,70,70,70,95,95,113,113,212,212,178,195,205,205,205,205,219,219,299,310,321,321,24,50,50,145,145,159,34,34,34,50,50,63,63,63],"floor_reached":42,"playtime":2353,"items_purged":["Strike_B","Defend_B","Darkness"],"score":471,"play_id":"32cffcd4-e522-4b33-a849-463d6fa01da7","local_time":"20201228161603","is_ascension_mode":true,"campfire_choices":[{"data":"Secret Technique","floor":6,"key":"SMITH"},{"data":"Darkness","floor":10,"key":"SMITH"},{"data":"Darkness","floor":15,"key":"SMITH"},{"data":"Multi-Cast","floor":23,"key":"SMITH"},{"floor":29,"key":"REST"},{"data":"Hello World","floor":32,"key":"SMITH"},{"floor":40,"key":"RECALL"}],"circlet_count":0,"master_deck":["Zap","Dualcast","Darkness+1","Secret Technique+1","Swift Strike+1","Leap","Conserve Battery","Darkness+1","Fusion","Glacier","Multi-Cast+1","Steam+1","Rebound","Beam Cell+1","Ball Lightning","Streamline+1","Chill+1","Sweeping Beam+1","Hello World+1","Seek","Force Field","Skim","Leap","Echo Form"],"relics":["Cracked Core","aspiration:FrozenJewel","PreservedInsect","Velvet Choker","InkBottle","aspiration:Stabinomicon","Molten Egg 2","Lee\u0027s Waffle","TungstenRod","Pandora\u0027s Box","Blue Candle"],"acts_visited":["Exordium","TheCity","TheBeyond"],"potions_floor_usage":[16,16,20,27,35],"damage_taken":[{"damage":0,"enemies":"Small Slimes","floor":1,"turns":3},{"damage":13,"enemies":"3 Sentries","floor":7,"turns":8},{"damage":0,"enemies":"Cultist","floor":8,"turns":3},{"damage":7,"enemies":"Gremlin Nob","floor":12,"turns":3},{"damage":0,"enemies":"Jaw Worm","floor":14,"turns":3},{"damage":26,"enemies":"Hexaghost","floor":16,"turns":10},{"damage":9,"enemies":"2 Thieves","floor":18,"turns":5},{"damage":0,"enemies":"3 Byrds","floor":19,"turns":6},{"damage":13,"enemies":"Shelled Parasite and Fungi","floor":20,"turns":3},{"damage":10,"enemies":"Centurion and Healer","floor":24,"turns":7},{"damage":7,"enemies":"Snake Plant","floor":27,"turns":3},{"damage":17,"enemies":"Shelled Parasite and Fungi","floor":28,"turns":3},{"damage":0,"enemies":"Book of Stabbing","floor":31,"turns":3},{"damage":45,"enemies":"Collector","floor":33,"turns":9},{"damage":17,"enemies":"3 Darklings","floor":35,"turns":4},{"damage":13,"enemies":"3 Shapes","floor":39,"turns":5},{"damage":12,"enemies":"Spire Growth","floor":41,"turns":5},{"damage":52,"enemies":"Reptomancer","floor":42,"turns":2}],"seed_played":"1828629394776982363","potions_obtained":[{"floor":1,"key":"BlessingOfTheForge"},{"floor":12,"key":"SkillPotion"},{"floor":14,"key":"SkillPotion"},{"floor":20,"key":"PotionOfCapacity"},{"floor":24,"key":"Weak Potion"},{"floor":27,"key":"FairyPotion"},{"floor":41,"key":"EssenceOfSteel"}],"is_trial":false,"path_per_floor":["M","$","?","$","?","R","E","M","T","R","?","E","?","M","R","B",null,"M","M","M","?","T","R","M","?","T","M","M","R","$","E","R","B",null,"M","$","?","?","M","R","M","E"],"character_chosen":"DEFECT","items_purchased":["Secret Technique","Swift Strike","Leap","Lee\u0027s Waffle","Sweeping Beam+1"],"campfire_rested":1,"item_purchase_floors":[2,2,4,30,30],"current_hp_per_floor":[68,68,68,68,61,61,48,48,48,48,34,27,49,49,49,23,68,59,59,46,46,46,46,36,20,20,13,20,40,75,75,75,30,75,58,58,58,58,45,45,33,0,0],"gold":63,"neow_bonus":"TWO_FIFTY_GOLD","is_daily":false,"chose_seed":false,"campfire_upgraded":5,"win_rate":0.0,"timestamp":1609190163,"path_taken":["M","$","?","?","?","R","E","M","T","R","?","E","?","?","R","BOSS","M","?","M","?","?","R","M","?","T","M","M","R","?","E","R","BOSS","M","$","?","?","M","R","?","E"],"items_purchased_type":["Card","Card","Card","Relic","Card"],"build_version":"2020-12-22","purchased_purges":3,"victory":false,"max_hp_per_floor":[68,68,68,68,68,68,68,68,68,68,68,68,68,68,68,68,68,68,68,68,68,68,68,68,68,68,68,68,68,75,75,75,75,75,75,75,75,75,75,75,75,75,75],"card_choices":[{"not_picked":["Stack","Rip and Tear"],"picked":"Darkness","floor":1},{"not_picked":["Sweeping Beam","Cold Snap"],"picked":"Conserve Battery","floor":7},{"not_picked":["Capacitor","Storm"],"picked":"Darkness","floor":8},{"not_picked":["Undo","Creative AI"],"picked":"Fusion","floor":12},{"not_picked":["Turbo","Sweeping Beam"],"picked":"Glacier","floor":14},{"not_picked":["Fission","Buffer"],"picked":"Multi-Cast","floor":16},{"not_picked":["Capacitor","Rip and Tear"],"picked":"Steam+1","floor":18},{"not_picked":["Go for the Eyes","Auto Shields"],"picked":"Rebound","floor":19},{"not_picked":["Hologram","Sweeping Beam"],"picked":"Beam Cell+1","floor":20},{"not_picked":["Hologram","Stack"],"picked":"Ball Lightning","floor":24},{"not_picked":["Ball Lightning+1","Blizzard+1"],"picked":"Streamline+1","floor":27},{"not_picked":["Skim","Barrage+1"],"picked":"Chill+1","floor":28},{"not_picked":["Turbo","Thunder Strike+1"],"picked":"Hello World","floor":31},{"not_picked":["Thunder Strike+1","All For One+1"],"picked":"Seek","floor":33},{"not_picked":["Gash+1","Capacitor+1","Cold Snap+1"],"picked":"SKIP","floor":35},{"not_picked":["Sweeping Beam+1","Defragment","Redo"],"picked":"SKIP","floor":39},{"not_picked":["Beam Cell+1","Gash+1","Go for the Eyes+1"],"picked":"SKIP","floor":41}],"player_experience":191356,"relics_obtained":[{"floor":7,"key":"aspiration:FrozenJewel"},{"floor":12,"key":"PreservedInsect"},{"floor":22,"key":"InkBottle"},{"floor":25,"key":"aspiration:Stabinomicon"},{"floor":26,"key":"Molten Egg 2"},{"floor":31,"key":"TungstenRod"}],"event_choices":[{"damage_healed":0,"gold_gain":0,"player_choice":"1 cards matched","damage_taken":0,"max_hp_gain":0,"max_hp_loss":0,"event_name":"Match and Keep!","floor":3,"gold_loss":0,"cards_obtained":["Streamline"]},{"cards_removed":["Defend_B"],"damage_healed":0,"gold_gain":0,"player_choice":"Card Removal","damage_taken":7,"max_hp_gain":0,"max_hp_loss":0,"event_name":"Golden Wing","floor":5,"gold_loss":0},{"damage_healed":0,"gold_gain":0,"player_choice":"Entered Light","damage_taken":14,"max_hp_gain":0,"max_hp_loss":0,"event_name":"Shining Light","floor":11,"gold_loss":0,"cards_upgraded":["Swift Strike","Strike_B"]},{"damage_healed":22,"gold_gain":0,"player_choice":"Banana","damage_taken":0,"max_hp_gain":0,"max_hp_loss":0,"event_name":"Big Fish","floor":13,"gold_loss":0},{"damage_healed":0,"gold_gain":0,"player_choice":"Obtained Book","damage_taken":16,"max_hp_gain":0,"max_hp_loss":0,"event_name":"Cursed Tome","floor":25,"gold_loss":0},{"damage_healed":0,"gold_gain":0,"player_choice":"Ignored","damage_taken":0,"max_hp_gain":0,"max_hp_loss":0,"event_name":"Mysterious Sphere","floor":37,"gold_loss":0},{"cards_removed":["Streamline"],"damage_healed":0,"gold_gain":0,"player_choice":"Gave Card","damage_taken":0,"relics_obtained":["Blue Candle"],"max_hp_gain":0,"max_hp_loss":0,"event_name":"WeMeetAgain","floor":38,"gold_loss":0}],"is_beta":false,"boss_relics":[{"not_picked":["Snecko Eye","aspiration:SecretTechniqueScroll"],"picked":"Velvet Choker"},{"not_picked":["Sozu","Runic Pyramid"],"picked":"Pandora\u0027s Box"}],"items_purged_floors":[2,30,36],"is_endless":false,"potions_floor_spawned":[1,12,14,20,24,27,41],"killed_by":"Reptomancer","ascension_level":1}}