{"host":"8jwif9mna8ud19ho","time":1609137991,"event":{"mods":["BaseMod","Better Vampires","Lobotomy","Marisa£¨ìFÓê¡¡Ä§ÀíÉ³£©","Minty Spire (QoL Compilation)","Reimu£¨²©ÀöÁéÃÎ£©","RumiaBox-Â¶Ã×æ«µÄÉñÃØºÐ×Ó","StSLib","¡¾ÒÅÎï¿¨ÅÆ¡¿REMEMod"],"gold_per_floor":[118,137,137,151,163,163,0,0,26,43,43,63,76,76,76,147,147,161,161,161],"floor_reached":19,"playtime":914,"items_purged":[],"score":322,"play_id":"a083e94f-b5ac-42f3-a103-a1ca94070a73","local_time":"20201228144631","is_ascension_mode":true,"campfire_choices":[{"data":"Neutralize","floor":6,"key":"SMITH"},{"data":"Noxious Fumes","floor":15,"key":"SMITH"}],"circlet_count":0,"master_deck":["AscendersBane","Strike_G","Strike_G","Strike_G","Strike_G","Strike_G","Defend_G","Defend_G","Defend_G","Defend_G","Defend_G","Survivor","Neutralize+1","UltimateShortwave","OSAHOGD","Die Die Die","MeatLantern","Blur","REME_GrazeFinale","Well Laid Plans","Concentrate","Bloodbath","Tactician","Noxious Fumes+1","Scarecrow","All Out Attack","LongBird"],"relics":["Ring of the Snake","REME_ComplimentaryCards","CogitoBucket","Orrery","Smiling Mask","LuminousBracelet","HoveringKite"],"acts_visited":["Exordium","TheCity"],"potions_floor_usage":[],"damage_taken":[{"damage":2.0,"enemies":"Jaw Worm","floor":1.0,"turns":5.0},{"damage":26.0,"enemies":"Cultist","floor":2.0,"turns":7.0},{"damage":4,"enemies":"Small Slimes","floor":4,"turns":4},{"damage":5,"enemies":"Red Slaver","floor":5,"turns":4},{"damage":1,"enemies":"Looter","floor":8,"turns":5},{"damage":3,"enemies":"Large Slime","floor":10,"turns":12},{"damage":10,"enemies":"Red Slaver","floor":12,"turns":5},{"damage":8,"enemies":"Exordium Wildlife","floor":13,"turns":6},{"damage":76,"enemies":"Slime Boss","floor":16,"turns":15},{"damage":31,"enemies":"2 Thieves","floor":18,"turns":5},{"damage":14,"enemies":"Shell Parasite","floor":19,"turns":5}],"seed_played":"2510756579734122353","potions_obtained":[{"floor":2.0,"key":"Strength Potion"},{"floor":12,"key":"Poison Potion"}],"is_trial":false,"path_per_floor":["M","M","?","M","M","R","$","M","T","M","$","M","M","?","R","B",null,"M","M"],"character_chosen":"THE_SILENT","items_purchased":["Orrery"],"campfire_rested":0,"item_purchase_floors":[7],"current_hp_per_floor":[57,31,31,27,22,22,22,21,21,81,81,72,71,71,71,65,77,55,44,44],"gold":161,"neow_bonus":"","is_daily":false,"chose_seed":false,"campfire_upgraded":2,"win_rate":0.0,"timestamp":1609137991,"path_taken":["M","M","?","?","M","R","$","M","T","M","?","M","M","?","R","BOSS","M","M"],"items_purchased_type":["Relic"],"build_version":"2020-12-22","purchased_purges":0,"victory":false,"max_hp_per_floor":[66,66,66,66,66,66,66,66,66,81,81,81,81,81,81,81,81,81,81,81],"card_choices":[{"not_picked":["WallGazer","RedShoes"],"picked":"OSAHOGD","floor":1.0},{"not_picked":["Dagger Throw","Heel Hook","Outmaneuver"],"picked":"SKIP","floor":1.0},{"not_picked":["PiercingWail","Slice","Deflect"],"picked":"SKIP","floor":2.0},{"not_picked":["CrumblingArmor","SpiderBud"],"picked":"MeatLantern","floor":4},{"not_picked":["Predator","Deadly Poison"],"picked":"Blur","floor":4},{"not_picked":["Well Laid Plans","Sucker Punch","Slice"],"picked":"SKIP","floor":5},{"not_picked":["Endless Agony","Deflect"],"picked":"REME_GrazeFinale","floor":7},{"not_picked":["Dodge and Roll","Choke"],"picked":"Well Laid Plans","floor":7},{"not_picked":["Dagger Throw","Dagger Spray"],"picked":"Concentrate","floor":7},{"not_picked":["VoidDream","Rudolta"],"picked":"Bloodbath","floor":8},{"not_picked":["Quick Slash","Unload"],"picked":"Tactician","floor":8},{"not_picked":["Bane","Cloak And Dagger"],"picked":"Noxious Fumes","floor":10},{"not_picked":["CherryBlossoms","GreedKing"],"picked":"Scarecrow","floor":12},{"not_picked":["Tactician","Concentrate","Dodge and Roll"],"picked":"SKIP","floor":12},{"not_picked":["Catalyst","Tactician"],"picked":"All Out Attack","floor":13},{"not_picked":["BlackArmy","ShyLook"],"picked":"LongBird","floor":18},{"not_picked":["Dodge and Roll","Sucker Punch","Riddle With Holes"],"picked":"SKIP","floor":18}],"player_experience":1103927,"relics_obtained":[{"floor":9,"key":"Smiling Mask"}],"event_choices":[{"damage_healed":0,"gold_gain":0,"player_choice":"1 cards matched","damage_taken":0,"max_hp_gain":0,"max_hp_loss":0,"event_name":"Match and Keep!","floor":3,"gold_loss":0,"cards_obtained":["Die Die Die"]}],"is_beta":false,"boss_relics":[{"not_picked":["REME_DemonsWealth","Philosopher\u0027s Stone"],"picked":"HoveringKite"}],"items_purged_floors":[],"is_endless":false,"potions_floor_spawned":[2,12,13,16],"killed_by":"Shell Parasite","ascension_level":20}}