{"host":"cjhtzh7tp54jdfyv","time":1609120089,"event":{"mods":["AchievementEnabler","BaseMod","Colored Map","Colored Powertips","Curses Come First","DeckTracker","Filter the Spire","Minty Spire (QoL Compilation)","RNG Fix","Relic Sorter","Relic Stats","StSLib","The Cursed","The Disciple","The Marked","UnlockEverythingMod","Waifu the Spire","ojb\u0027s Better Paths Mod","ojb\u0027s Info Mod"],"gold_per_floor":[119,34,50,62,73,73,106,18,18,52,66,80,114,131,131,208,208,218,218,218,229,279,307,149,174,242,252,283,295,329,254,254,331,331,351,370,370,381,174,199,219,245,245,278,289,316,365,380,380,380,380,380,380,20,45,45],"floor_reached":57,"playtime":7905,"items_purged":["TheCursedMod:HellsGateOpen+1","TheCursedMod:AbyssShockwave"],"score":3083,"play_id":"ae7e51bd-19da-4bb5-8166-ed9f9de536ab","local_time":"20201227204809","is_ascension_mode":true,"campfire_choices":[{"data":"TheCursedMod:AbyssShockwave","floor":6.0,"key":"SMITH"},{"data":"TheCursedMod:ShockAndAwe","floor":15.0,"key":"SMITH"},{"data":"TheCursedMod:CollectTribute","floor":32,"key":"SMITH"},{"floor":49,"key":"RECALL"},{"data":"TheCursedMod:CursedSpellbook","floor":53,"key":"SMITH"}],"circlet_count":0,"master_deck":["AscendersBane","TheCursedMod:Defend_TheCursed+1","TheCursedMod:Defend_TheCursed+1","TheCursedMod:Defend_TheCursed+1","TheCursedMod:Defend_TheCursed+1","TheCursedMod:CursedWand","TheCursedMod:CleanUpWorkshop","TheCursedMod:Dregs","TheCursedMod:Wield","TheCursedMod:CursedBlade","TheCursedMod:SoulReap","TheCursedMod:Obscuration","TheCursedMod:AbyssShockwave+1","TheCursedMod:CursedShiv","TheCursedMod:SpitefulPlan","TheCursedMod:WearCloak","TheCursedMod:SpitefulStrike","TheCursedMod:ShockAndAwe+1","TheCursedMod:CollectTribute+1","TheCursedMod:SoulReap+1","TheCursedMod:RapidMovement","TheCursedMod:ReleasedStrength+1","TheCursedMod:CircleOfFocus+1","TheCursedMod:TroublousMinions","TheCursedMod:SurpriseAttack+1","TheCursedMod:SpitefulPlan","TheCursedMod:Wield","TheCursedMod:DoubleShield+1","TheCursedMod:SmokeScreen+1","TheCursedMod:NeowsMight+1","TheCursedMod:SpreadPlague+1","TheCursedMod:BloodBarrier+1","TheCursedMod:SurpriseAttack","TheCursedMod:NeowsMight","TheCursedMod:SpitefulPlan+1","TheCursedMod:SurpriseAttack","TheCursedMod:CursedSpellbook+1","TheCursedMod:SpitefulPray+1","TheCursedMod:Wield","TheCursedMod:AshesToAshes","TheCursedMod:CircleOfAbyss+1","TheCursedMod:LuckyCharm","PanicButton","TheCursedMod:AshesToAshes+1"],"relics":["TheCursedMod:BlackMagic101","Incense Burner","InkBottle","Pen Nib","Kunai","Omamori","Mercury Hourglass","Lantern","Calling Bell","CaptainsWheel","Nilry\u0027s Codex","Question Card","Orrery","Regal Pillow","Gremlin Horn","Red Mask","Tiny Chest","Astrolabe","Membership Card","Blue Candle","Akabeko","Whetstone","Du-Vu Doll","War Paint","Strange Spoon","Toy Ornithopter"],"acts_visited":["Exordium","TheCity","TheBeyond","TheEnding"],"potions_floor_usage":[30,47,51,56,56],"damage_taken":[{"damage":0.0,"enemies":"Small Slimes","floor":1.0,"turns":4.0},{"damage":2.0,"enemies":"2 Louse","floor":3.0,"turns":2.0},{"damage":14.0,"enemies":"Jaw Worm","floor":4.0,"turns":4.0},{"damage":1.0,"enemies":"Blue Slaver","floor":5.0,"turns":4.0},{"damage":5.0,"enemies":"3 Sentries","floor":7.0,"turns":2.0},{"damage":3.0,"enemies":"Gremlin Nob","floor":10.0,"turns":3.0},{"damage":0.0,"enemies":"2 Fungi Beasts","floor":11.0,"turns":1.0},{"damage":0.0,"enemies":"Exordium Thugs","floor":12.0,"turns":2.0},{"damage":23.0,"enemies":"Lagavulin","floor":13.0,"turns":5.0},{"damage":0.0,"enemies":"Large Slime","floor":14.0,"turns":3.0},{"damage":1.0,"enemies":"Slime Boss","floor":16.0,"turns":8.0},{"damage":12.0,"enemies":"Chosen","floor":18.0,"turns":4.0},{"damage":0,"enemies":"Shell Parasite","floor":21,"turns":1},{"damage":6,"enemies":"Gremlin Leader","floor":23,"turns":5},{"damage":6,"enemies":"Book of Stabbing","floor":25,"turns":4},{"damage":0,"enemies":"Sentry and Sphere","floor":27,"turns":3},{"damage":0,"enemies":"Masked Bandits","floor":28,"turns":1},{"damage":9,"enemies":"Snake Plant","floor":29,"turns":2},{"damage":0,"enemies":"Slavers","floor":30,"turns":3},{"damage":47,"enemies":"Automaton","floor":33,"turns":8},{"damage":0,"enemies":"3 Darklings","floor":35,"turns":4},{"damage":0,"enemies":"Orb Walker","floor":36,"turns":3},{"damage":18,"enemies":"Writhing Mass","floor":38,"turns":5},{"damage":0,"enemies":"Reptomancer","floor":40,"turns":3},{"damage":9,"enemies":"Spire Growth","floor":41,"turns":4},{"damage":5,"enemies":"Nemesis","floor":42,"turns":11},{"damage":23,"enemies":"Giant Head","floor":44,"turns":5},{"damage":0,"enemies":"Sphere and 2 Shapes","floor":45,"turns":3},{"damage":0,"enemies":"Nemesis","floor":46,"turns":3},{"damage":13,"enemies":"2 Orb Walkers","floor":47,"turns":5},{"damage":0,"enemies":"Jaw Worm Horde","floor":48,"turns":3},{"damage":36,"enemies":"Awakened One","floor":50,"turns":19},{"damage":43,"enemies":"Time Eater","floor":51,"turns":16},{"damage":19,"enemies":"Shield and Spear","floor":55,"turns":23},{"damage":102,"enemies":"The Heart","floor":56,"turns":14}],"seed_played":"-6108339811503503685","potions_obtained":[{"floor":3.0,"key":"DistilledChaos"},{"floor":4.0,"key":"SneckoOil"},{"floor":7.0,"key":"DistilledChaos"},{"floor":13.0,"key":"Swift Potion"},{"floor":14.0,"key":"SkillPotion"},{"floor":18.0,"key":"GamblersBrew"},{"floor":25,"key":"Dexterity Potion"},{"floor":29,"key":"AttackPotion"},{"floor":30,"key":"Dexterity Potion"},{"floor":38,"key":"AttackPotion"},{"floor":45,"key":"Ancient Potion"},{"floor":46,"key":"GamblersBrew"},{"floor":47,"key":"Dexterity Potion"}],"is_trial":false,"path_per_floor":["M","$","M","M","M","R","E","$","T","E","M","M","E","M","R","B",null,"M","?","?","M","?","E","$","E","T","M","?","M","E","?","R","B",null,"M","M","?","M","$","E","M","E","T","E","M","E","?","M","R","B","B",null,"R","$","E","B",null],"character_chosen":"THE_CURSED","items_purchased":["TheCursedMod:Wield","TheCursedMod:CursedBlade","TheCursedMod:SpitefulPlan","Orrery","Membership Card","TheCursedMod:LuckyCharm","War Paint","Strange Spoon","SpeedPotion","SpeedPotion","PanicButton"],"campfire_rested":0,"item_purchase_floors":[2,2,8,24,39,54,54,54,54,54,54],"current_hp_per_floor":[60,60,58,49,53,53,53,53,53,50,50,52,34,39,39,43,75,68,68,47,47,47,51,51,60,60,60,65,56,57,57,57,20,69,79,84,84,74,74,85,85,80,80,62,67,85,72,85,85,68,44,75,75,75,84,5],"gold":45,"neow_bonus":"TWENTY_PERCENT_HP_BONUS","is_daily":false,"chose_seed":false,"campfire_upgraded":4,"win_rate":0.0,"timestamp":1609120089,"path_taken":["M","?","M","M","M","R","E","$","T","E","M","M","E","M","R","BOSS","M","?","?","M","?","E","?","E","T","M","?","M","E","?","R","BOSS","M","M","?","M","$","E","M","E","T","E","M","E","?","M","R","BOSS","BOSS","R","$","E","BOSS"],"items_purchased_type":["Card","Card","Card","Relic","Relic","Card","Relic","Relic","Potion","Potion","Card"],"build_version":"2020-12-22","purchased_purges":2,"victory":true,"max_hp_per_floor":[85,85,85,85,85,85,85,85,85,85,85,85,85,85,85,85,85,85,85,85,85,85,85,85,85,85,85,85,85,85,85,85,85,85,85,85,85,85,85,85,85,85,85,85,85,85,85,85,85,85,85,85,85,85,85,85],"relic_stats":{"Regal Pillow":0,"Gremlin Horn":[21,22],"counters":[35,187],"Astrolabe":["TheCursedMod:HellsGateOpen","TheCursedMod:UltimatePain","TheCursedMod:SpreadPlague"],"Blue Candle":[23],"Pen Nib":[35],"Whetstone":["TheCursedMod:SoulReap","TheCursedMod:SurpriseAttack"],"War Paint":["TheCursedMod:CircleOfAbyss","TheCursedMod:NeowsMight"],"Question Card":23,"Mercury Hourglass":[519],"Strange Spoon":[33],"Tiny Chest":0,"Kunai":[72],"obtain_stats":[{"Lantern":13,"Regal Pillow":25,"Gremlin Horn":26,"Nilry\u0027s Codex":20,"Incense Burner":40,"Whetstone":46,"Tiny Chest":30,"Red Mask":28,"Kunai":17,"InkBottle":9,"TheCursedMod:BlackMagic101":0,"Astrolabe":34,"Blue Candle":42,"Pen Nib":17,"Omamori":7,"War Paint":54,"Question Card":23,"Akabeko":44,"Mercury Hourglass":10,"Calling Bell":17,"Du-Vu Doll":47,"Strange Spoon":54,"CaptainsWheel":17,"Orrery":24,"Membership Card":39,"Toy Ornithopter":55},{"Lantern":9,"Regal Pillow":15,"Gremlin Horn":15,"Nilry\u0027s Codex":12,"Incense Burner":24,"Whetstone":29,"Tiny Chest":19,"Red Mask":17,"Kunai":11,"InkBottle":5,"TheCursedMod:BlackMagic101":0,"Astrolabe":20,"Blue Candle":26,"Pen Nib":11,"Omamori":5,"War Paint":33,"Question Card":14,"Akabeko":27,"Mercury Hourglass":6,"Calling Bell":11,"Du-Vu Doll":30,"Strange Spoon":33,"CaptainsWheel":11,"Orrery":14,"Membership Card":23,"Toy Ornithopter":34},{"Lantern":27,"Regal Pillow":52,"Gremlin Horn":52,"Nilry\u0027s Codex":42,"Incense Burner":84,"Whetstone":110,"Tiny Chest":61,"Red Mask":56,"Kunai":38,"InkBottle":16,"TheCursedMod:BlackMagic101":0,"Astrolabe":69,"Blue Candle":99,"Pen Nib":38,"Omamori":16,"War Paint":152,"Question Card":48,"Akabeko":104,"Mercury Hourglass":19,"Calling Bell":38,"Du-Vu Doll":115,"Strange Spoon":152,"CaptainsWheel":38,"Orrery":48,"Membership Card":81,"Toy Ornithopter":174}],"InkBottle":[96],"Toy Ornithopter":0},"card_choices":[{"not_picked":["TheCursedMod:CursedArmor","TheCursedMod:CircleOfAmplification","TheCursedMod:CircleOfFocus"],"picked":"SKIP","floor":1.0},{"not_picked":["TheCursedMod:CursedArmor","TheCursedMod:CircleOfAmplification","TheCursedMod:CircleOfFocus"],"picked":"SKIP","floor":1.0},{"not_picked":["TheCursedMod:SmokeScreen","TheCursedMod:CursedArmor"],"picked":"TheCursedMod:SoulReap","floor":3.0},{"not_picked":["TheCursedMod:Torture","TheCursedMod:EmpowerCircles"],"picked":"TheCursedMod:Obscuration","floor":4.0},{"not_picked":["TheCursedMod:CursedShiv","TheCursedMod:Evocation"],"picked":"TheCursedMod:AbyssShockwave","floor":5.0},{"not_picked":["TheCursedMod:VitalStrike","TheCursedMod:CircleOfCorruption"],"picked":"TheCursedMod:CursedShiv","floor":7.0},{"not_picked":["TheCursedMod:Stigma","TheCursedMod:SpreadPlague"],"picked":"TheCursedMod:AbyssShockwave","floor":10.0},{"not_picked":["TheCursedMod:VitalStrike","TheCursedMod:CursedBoomerang"],"picked":"TheCursedMod:WearCloak","floor":11.0},{"not_picked":["TheCursedMod:CursedBlade","TheCursedMod:CursedMace"],"picked":"TheCursedMod:SpitefulStrike","floor":12.0},{"not_picked":["TheCursedMod:CircleOfCorruption","TheCursedMod:CursedAmulet"],"picked":"TheCursedMod:ShockAndAwe","floor":13.0},{"not_picked":["TheCursedMod:SaltUponWound","TheCursedMod:SpitefulStrike","TheCursedMod:HellfireBreathing"],"picked":"SKIP","floor":14.0},{"not_picked":["TheCursedMod:DarkBarrier","TheCursedMod:UltimatePain"],"picked":"TheCursedMod:CollectTribute","floor":16.0},{"not_picked":["TheCursedMod:CursedBlade","TheCursedMod:HellsGateOpen"],"picked":"TheCursedMod:SoulReap","floor":18.0},{"not_picked":["TheCursedMod:BlessingInDisguise","TheCursedMod:ManaBullet"],"picked":"TheCursedMod:RapidMovement","floor":21},{"not_picked":["TheCursedMod:FleshFromBone","TheCursedMod:CursedAmulet+1"],"picked":"TheCursedMod:ReleasedStrength+1","floor":23},{"not_picked":["TheCursedMod:CircleOfAmplification","TheCursedMod:SmokeScreen","TheCursedMod:CursedBlade"],"picked":"TheCursedMod:CircleOfFocus+1","floor":24},{"not_picked":["TheCursedMod:SaltUponWound","TheCursedMod:Stretching","TheCursedMod:ShockAndAwe"],"picked":"TheCursedMod:TroublousMinions","floor":24},{"not_picked":["TheCursedMod:CursedStaff","TheCursedMod:FleshFromBone","TheCursedMod:TacticalStrike"],"picked":"TheCursedMod:SurpriseAttack","floor":24},{"not_picked":["TheCursedMod:VitalStrike+1","TheCursedMod:CircleOfFocus","TheCursedMod:CircleOfCorruption+1"],"picked":"TheCursedMod:SpitefulPlan","floor":25},{"not_picked":["TheCursedMod:SpitefulStrike","TheCursedMod:VitalStrike","TheCursedMod:CircleOfAmplification"],"picked":"TheCursedMod:Wield","floor":27},{"not_picked":["TheCursedMod:Stigma","TheCursedMod:CursedBoomerang","TheCursedMod:Wield"],"picked":"TheCursedMod:DoubleShield+1","floor":28},{"not_picked":["TheCursedMod:SurpriseAttack","TheCursedMod:FleshFromBone","TheCursedMod:Wield"],"picked":"TheCursedMod:SmokeScreen+1","floor":29},{"not_picked":["TheCursedMod:ShockAndAwe","TheCursedMod:SaltUponWound","TheCursedMod:TacticalStrike","TheCursedMod:RavingStaff"],"picked":"SKIP","floor":30},{"not_picked":["TheCursedMod:ForbiddenAlchemy","TheCursedMod:ParallelWorld","TheCursedMod:ManaCirculation"],"picked":"TheCursedMod:NeowsMight","floor":33},{"not_picked":["TheCursedMod:VitalStrike","TheCursedMod:CursedMace","TheCursedMod:CursedShiv"],"picked":"TheCursedMod:BloodBarrier+1","floor":35},{"not_picked":["TheCursedMod:SpitefulStrike+1","TheCursedMod:CursedAmulet+1","TheCursedMod:VitalStrike"],"picked":"TheCursedMod:SurpriseAttack","floor":36},{"not_picked":["TheCursedMod:Wield","TheCursedMod:TacticalStrike","TheCursedMod:Mangle"],"picked":"TheCursedMod:NeowsMight","floor":38},{"not_picked":["TheCursedMod:SpitefulPray","TheCursedMod:SaltUponWound+1","TheCursedMod:SoulCrush"],"picked":"TheCursedMod:SpitefulPlan+1","floor":40},{"not_picked":["TheCursedMod:CursedAmulet+1","TheCursedMod:Wield","TheCursedMod:CursedBlade+1"],"picked":"TheCursedMod:SurpriseAttack","floor":41},{"not_picked":["TheCursedMod:SpreadPlague","TheCursedMod:CircleOfFlame+1","TheCursedMod:CircleOfWindfury","TheCursedMod:SurpriseAttack"],"picked":"SKIP","floor":42},{"not_picked":["TheCursedMod:SpreadPlague","TheCursedMod:CircleOfFlame+1","TheCursedMod:CircleOfWindfury","TheCursedMod:SurpriseAttack"],"picked":"SKIP","floor":42},{"not_picked":["TheCursedMod:CursedMace+1","TheCursedMod:FleshFromBone","TheCursedMod:VitalStrike"],"picked":"TheCursedMod:CursedSpellbook","floor":44},{"not_picked":["TheCursedMod:Wield","TheCursedMod:HellfireBreathing","TheCursedMod:CursedAmulet"],"picked":"TheCursedMod:SpitefulPray+1","floor":45},{"not_picked":["TheCursedMod:SoulReap","TheCursedMod:CircleOfCorruption","TheCursedMod:WearCloak"],"picked":"TheCursedMod:Wield","floor":46},{"not_picked":["TheCursedMod:SurpriseAttack","TheCursedMod:Stretching","TheCursedMod:StingEye+1"],"picked":"TheCursedMod:AshesToAshes","floor":47},{"not_picked":["TheCursedMod:Torture","TheCursedMod:CursedShiv+1","TheCursedMod:CursedSpellbook"],"picked":"TheCursedMod:CircleOfAbyss","floor":48},{"not_picked":["TheCursedMod:SpitefulPray","TheCursedMod:ParallelWorld","TheCursedMod:CircleOfFlame"],"picked":"TheCursedMod:AshesToAshes+1","floor":55}],"player_experience":4459293,"relics_obtained":[{"floor":7.0,"key":"Omamori"},{"floor":9.0,"key":"InkBottle"},{"floor":10.0,"key":"Mercury Hourglass"},{"floor":13.0,"key":"Lantern"},{"floor":17.0,"key":"Pen Nib"},{"floor":17.0,"key":"Kunai"},{"floor":17.0,"key":"CaptainsWheel"},{"floor":20.0,"key":"Nilry\u0027s Codex"},{"floor":23,"key":"Question Card"},{"floor":25,"key":"Regal Pillow"},{"floor":26,"key":"Gremlin Horn"},{"floor":28,"key":"Red Mask"},{"floor":30,"key":"Tiny Chest"},{"floor":40,"key":"Incense Burner"},{"floor":42,"key":"Blue Candle"},{"floor":44,"key":"Akabeko"},{"floor":46,"key":"Whetstone"},{"floor":47,"key":"Du-Vu Doll"},{"floor":55,"key":"Toy Ornithopter"}],"event_choices":[{"damage_healed":0.0,"max_hp_gain":0.0,"max_hp_loss":0.0,"gold_gain":0.0,"event_name":"Back to Basics","player_choice":"Simplicity","floor":19.0,"gold_loss":0.0,"damage_taken":0.0,"cards_upgraded":["TheCursedMod:Strike_TheCursed","TheCursedMod:Strike_TheCursed","TheCursedMod:Strike_TheCursed","TheCursedMod:Strike_TheCursed","TheCursedMod:Defend_TheCursed","TheCursedMod:Defend_TheCursed","TheCursedMod:Defend_TheCursed","TheCursedMod:Defend_TheCursed"]},{"damage_healed":0.0,"max_hp_gain":0.0,"max_hp_loss":0.0,"gold_gain":0.0,"event_name":"Cursed Tome","player_choice":"Obtained Book","floor":20.0,"gold_loss":0.0,"damage_taken":21.0},{"damage_healed":0,"gold_gain":50,"player_choice":"Stole From Cult","damage_taken":0,"max_hp_gain":0,"max_hp_loss":0,"event_name":"Nest","floor":22,"gold_loss":0},{"damage_healed":0,"gold_gain":0,"player_choice":"Fought Bandits","damage_taken":0,"max_hp_gain":0,"max_hp_loss":0,"event_name":"Masked Bandits","floor":28,"gold_loss":0},{"cards_removed":["TheCursedMod:Strike_TheCursed"],"damage_healed":0,"gold_gain":0,"player_choice":"Gave Gold","damage_taken":0,"max_hp_gain":0,"max_hp_loss":0,"event_name":"Beggar","floor":31,"gold_loss":75},{"cards_removed":["TheCursedMod:UltimatePain"],"damage_healed":0,"gold_gain":0,"player_choice":"Purged","damage_taken":0,"max_hp_gain":0,"max_hp_loss":0,"event_name":"Purifier","floor":37,"gold_loss":0},{"damage_healed":0,"gold_gain":0,"player_choice":"Fight","damage_taken":0,"max_hp_gain":0,"max_hp_loss":0,"event_name":"Mysterious Sphere","floor":47,"gold_loss":0}],"is_beta":false,"boss_relics":[{"not_picked":["Busted Crown","TheCursedMod:FourLeafCloverCharm"],"picked":"Calling Bell"},{"not_picked":["Empty Cage","Velvet Choker"],"picked":"Astrolabe"}],"items_purged_floors":[39,54],"is_endless":false,"potions_floor_spawned":[3,4,7,13,14,18,25,29,30,38,42,45,46,47],"ascension_level":20}}