{"host":"ydujlihd8f5px9gp","time":1609196095,"event":{"mods":["AchievementEnabler","BaseMod","Block Reminder","Colored Map","Minty Spire (QoL Compilation)","ojb\u0027s Info Mod"],"gold_per_floor":[119,134,146,162,175,210,210,228,228,242,242,87,101,120,120,218,218,237,248,265,265,265,296,296,308,331,125,135,146,159,177,177,177,177],"floor_reached":33,"playtime":1682,"items_purged":["All For One"],"score":279,"play_id":"bc84b648-5d1c-4fa8-aaa4-f85c0544cf5c","local_time":"20201228205455","is_ascension_mode":false,"campfire_choices":[{"data":"Defragment","floor":7,"key":"SMITH"},{"data":"Sweeping Beam","floor":11,"key":"SMITH"},{"data":"Sweeping Beam","floor":15,"key":"SMITH"},{"data":"Self Repair","floor":24,"key":"SMITH"},{"data":"Fusion","floor":32,"key":"SMITH"}],"circlet_count":0,"master_deck":["Strike_B+1","Strike_B+1","Strike_B+1","Strike_B+1","Defend_B+1","Defend_B+1","Defend_B+1","Zap+1","Dualcast","Glacier","Sweeping Beam+1","Sweeping Beam+1","Defragment+1","Self Repair+1","Fusion+1","Leap","Leap"],"relics":["Cracked Core","Potion Belt","FossilizedHelix","Omamori","Busted Crown","Oddly Smooth Stone","Smiling Mask","Whetstone"],"acts_visited":["Exordium","TheCity"],"potions_floor_usage":[33,33,33],"damage_taken":[{"damage":0,"enemies":"Cultist","floor":1,"turns":2},{"damage":0,"enemies":"Jaw Worm","floor":2,"turns":3},{"damage":0,"enemies":"Small Slimes","floor":3,"turns":2},{"damage":3,"enemies":"Blue Slaver","floor":4,"turns":3},{"damage":1,"enemies":"2 Fungi Beasts","floor":5,"turns":2},{"damage":16,"enemies":"3 Sentries","floor":6,"turns":6},{"damage":0,"enemies":"Red Slaver","floor":8,"turns":3},{"damage":0,"enemies":"Exordium Thugs","floor":10,"turns":3},{"damage":6,"enemies":"3 Louse","floor":13,"turns":2},{"damage":0,"enemies":"Large Slime","floor":14,"turns":6},{"damage":6,"enemies":"Slime Boss","floor":16,"turns":11},{"damage":0,"enemies":"Chosen","floor":18,"turns":4},{"damage":9,"enemies":"Spheric Guardian","floor":19,"turns":5},{"damage":30,"enemies":"Snake Plant","floor":20,"turns":7},{"damage":33,"enemies":"Gremlin Leader","floor":23,"turns":7},{"damage":0,"enemies":"Cultist and Chosen","floor":25,"turns":6},{"damage":0,"enemies":"Centurion and Healer","floor":28,"turns":7},{"damage":8,"enemies":"Snake Plant","floor":29,"turns":5},{"damage":0,"enemies":"Shelled Parasite and Fungi","floor":30,"turns":6},{"damage":0,"enemies":"Centurion and Healer","floor":31,"turns":7},{"damage":63,"enemies":"Collector","floor":33,"turns":14}],"seed_played":"-3995458158728897597","potions_obtained":[{"floor":1,"key":"EssenceOfDarkness"},{"floor":4,"key":"PowerPotion"},{"floor":6,"key":"Swift Potion"},{"floor":13,"key":"PowerPotion"},{"floor":20,"key":"Energy Potion"},{"floor":23,"key":"SteroidPotion"},{"floor":31,"key":"Strength Potion"}],"is_trial":false,"path_per_floor":["M","M","M","M","M","E","R","M","T","M","R","$","M","M","R","B",null,"M","M","M","?","?","E","R","M","T","$","M","M","M","M","R","B"],"character_chosen":"DEFECT","items_purchased":["Omamori","Whetstone"],"campfire_rested":0,"item_purchase_floors":[12,27],"current_hp_per_floor":[75,75,75,72,71,55,55,55,55,55,55,55,49,56,56,57,75,75,73,50,50,50,24,24,34,34,34,44,46,56,66,66,3,3],"gold":177,"neow_bonus":"UPGRADE_CARD","is_daily":false,"chose_seed":false,"campfire_upgraded":5,"win_rate":0.0,"timestamp":1609196095,"path_taken":["M","M","M","M","M","E","R","M","T","M","R","?","M","M","R","BOSS","M","M","M","?","?","E","R","M","T","$","M","M","M","M","R","BOSS"],"items_purchased_type":["Relic","Relic"],"build_version":"2020-12-22","purchased_purges":1,"victory":false,"max_hp_per_floor":[75,75,75,75,75,75,75,75,75,75,75,75,75,75,75,75,75,75,75,75,75,75,75,75,75,75,75,75,75,75,75,75,75,75],"card_choices":[{"not_picked":["Rebound","Redo"],"picked":"Glacier","floor":1},{"not_picked":["Hologram","Storm"],"picked":"Sweeping Beam","floor":2},{"not_picked":["BootSequence","White Noise"],"picked":"Sweeping Beam","floor":3},{"not_picked":["Turbo","Darkness"],"picked":"Defragment","floor":4},{"not_picked":["Rip and Tear","Reprogram","Hologram"],"picked":"SKIP","floor":5},{"not_picked":["Melter","All For One"],"picked":"Conserve Battery","floor":6},{"not_picked":["Barrage","Reinforced Body","Redo"],"picked":"SKIP","floor":8},{"not_picked":["Rebound","Stack","Undo"],"picked":"SKIP","floor":10},{"not_picked":["Tempest","Cold Snap"],"picked":"Self Repair","floor":13},{"not_picked":["Rebound","Stack","Redo"],"picked":"SKIP","floor":14},{"not_picked":["Reinforced Body"],"picked":"SKIP","floor":18},{"not_picked":[],"picked":"Fusion","floor":19},{"not_picked":["Sweeping Beam"],"picked":"SKIP","floor":20},{"not_picked":["Hologram"],"picked":"SKIP","floor":23},{"not_picked":["Scrape"],"picked":"SKIP","floor":25},{"not_picked":["Hologram"],"picked":"SKIP","floor":28},{"not_picked":["Go for the Eyes"],"picked":"SKIP","floor":29},{"not_picked":[],"picked":"Leap","floor":30},{"not_picked":["Sweeping Beam"],"picked":"SKIP","floor":31}],"player_experience":58654,"relics_obtained":[{"floor":6,"key":"Potion Belt"},{"floor":9,"key":"FossilizedHelix"},{"floor":23,"key":"Oddly Smooth Stone"},{"floor":26,"key":"Smiling Mask"}],"event_choices":[{"damage_healed":0,"gold_gain":0,"player_choice":"Simplicity","damage_taken":0,"max_hp_gain":0,"max_hp_loss":0,"event_name":"Back to Basics","floor":21,"gold_loss":0,"cards_upgraded":["Strike_B","Strike_B","Strike_B","Strike_B","Defend_B","Defend_B","Defend_B","Defend_B"]},{"damage_healed":0,"gold_gain":0,"cards_transformed":["Conserve Battery","Defend_B"],"player_choice":"Became Test Subject","damage_taken":0,"max_hp_gain":0,"max_hp_loss":0,"event_name":"Drug Dealer","floor":22,"gold_loss":0,"cards_obtained":["Leap","All For One"]}],"is_beta":false,"boss_relics":[{"not_picked":["SacredBark","Fusion Hammer"],"picked":"Busted Crown"}],"items_purged_floors":[27],"is_endless":false,"potions_floor_spawned":[1,4,6,13,20,23,25,31],"killed_by":"Collector","ascension_level":0}}