{"host":"792mtbovsoa03nb3","time":1609150588,"event":{"mods":["BaseMod","Colored Map","Dota2Spire","Downfall","Hubris","Infinite Spire","Minty Spire (QoL Compilation)","Replay The Spire","Spicy Shops","StSLib","The Blue Laboratory","The Jungle"],"gold_per_floor":[115,65,84,84,103,134,152,181,181,237,255,255,255,265,265,370,370,388,128,128,128,128],"floor_reached":21,"playtime":1310,"items_purged":["Strike_R"],"score":227,"play_id":"07b7e325-74f8-416b-9bfc-dcdbca03d592","local_time":"20201228021628","is_ascension_mode":true,"campfire_choices":[{"floor":12,"key":"REST"},{"floor":15,"key":"REST"}],"circlet_count":0,"master_deck":["Strike_R","Strike_R","Strike_R","Defend_R","Defend_R","Defend_R","Defend_R","Bash","Clothesline","Spot Weakness","Pommel Strike","Thunderclap","Twin Strike","ReplayTheSpireMod:LeadingStrike","Dodge and Roll","Dagger Throw","hubris:NaturalOne","Limit Break","Rampage","Second Wind","True Grit","Rampage"],"relics":["Burning Blood","NeowsBlessing","Nunchaku","Dota2Spire:Dagon","hubris:DisguiseKit","hubris:Icosahedron","Black Star"],"acts_visited":["Exordium","TheCity"],"potions_floor_usage":[8,16,16,16,21],"damage_taken":[{"damage":0,"enemies":"Small Slimes","floor":1,"turns":1},{"damage":0,"enemies":"Jaw Worm","floor":3,"turns":1},{"damage":0,"enemies":"Cultist","floor":5,"turns":1},{"damage":50,"enemies":"3 Sentries","floor":6,"turns":10},{"damage":7,"enemies":"Exordium Wildlife","floor":7,"turns":4},{"damage":30,"enemies":"Gremlin Nob","floor":8,"turns":5},{"damage":6,"enemies":"Looter","floor":11,"turns":2},{"damage":6,"enemies":"2 Fungi Beasts","floor":14,"turns":3},{"damage":40,"enemies":"Hexaghost","floor":16,"turns":9},{"damage":15,"enemies":"Chosen","floor":18,"turns":5},{"damage":71,"enemies":"Masked Bandits","floor":21,"turns":3}],"seed_played":"-4189315574578119280","potions_obtained":[{"floor":6,"key":"GamblersBrew"},{"floor":7,"key":"blueLaboratory:PolymorphPotion"},{"floor":8,"key":"LiquidBronze"},{"floor":11,"key":"Fire Potion"},{"floor":16,"key":"blueLaboratory:BottleOfVodka"}],"is_trial":false,"path_per_floor":["M","?","M","?","M","E","M","E","T","?","M","R","?","M","R","B",null,"M","$","?","?"],"character_chosen":"IRONCLAD","items_purchased":["Second Wind","True Grit","Rampage"],"campfire_rested":2,"item_purchase_floors":[19,19,19],"current_hp_per_floor":[80,80,80,72,78,34,33,9,9,9,9,33,33,33,57,23,80,71,71,71,0,0],"gold":128,"neow_bonus":"THREE_ENEMY_KILL","is_daily":false,"chose_seed":false,"campfire_upgraded":0,"win_rate":0.0,"timestamp":1609150588,"path_taken":["M","?","M","?","?","E","M","E","T","?","M","R","?","M","R","BOSS","M","$","?","?"],"items_purchased_type":["Card","Card","Card"],"build_version":"2020-12-22","purchased_purges":1,"victory":false,"max_hp_per_floor":[80,80,80,80,80,80,80,80,80,80,80,80,80,80,80,80,80,80,80,80,80,80],"card_choices":[{"not_picked":["Disarm","Perfected Strike"],"picked":"Clothesline","floor":1},{"not_picked":["True Grit","ReplayTheSpireMod:Muscle Training"],"picked":"Spot Weakness","floor":3},{"not_picked":["Warcry","Run Through"],"picked":"Pommel Strike","floor":5},{"not_picked":["Dual Wield","Perfected Strike"],"picked":"Thunderclap","floor":6},{"not_picked":["hubris:CleavingFinish","Cleave"],"picked":"Twin Strike","floor":7},{"not_picked":["Fire Breathing","Havoc"],"picked":"ReplayTheSpireMod:LeadingStrike","floor":8},{"not_picked":["Pommel Strike","Flex","Infernal Blade"],"picked":"Dodge and Roll","floor":11},{"not_picked":["Heavy Blade","Warcry","infinitespire:OneForAll"],"picked":"Dagger Throw","floor":14},{"not_picked":["Demon Form","Barricade","Atom Bomb"],"picked":"Limit Break","floor":16},{"not_picked":["Wild Strike+1","Warcry","Toxin Wave"],"picked":"Rampage","floor":18}],"player_experience":796573,"relics_obtained":[{"floor":6,"key":"Nunchaku"},{"floor":8,"key":"Dota2Spire:Dagon"},{"floor":9,"key":"hubris:DisguiseKit"}],"event_choices":[{"cards_removed":["Strike_R"],"damage_healed":0,"gold_gain":0,"player_choice":"Card Removal","damage_taken":0,"max_hp_gain":0,"max_hp_loss":0,"event_name":"The Cleric","floor":2,"gold_loss":50},{"damage_healed":0,"gold_gain":0,"player_choice":"Damaged","damage_taken":8,"max_hp_gain":0,"max_hp_loss":0,"event_name":"Wheel of Change","floor":4,"gold_loss":0},{"damage_healed":0,"gold_gain":56,"player_choice":"Gained Gold","damage_taken":0,"max_hp_gain":0,"max_hp_loss":0,"event_name":"Golden Wing","floor":10,"gold_loss":0},{"damage_healed":0,"gold_gain":0,"player_choice":"Fought Bandits","damage_taken":0,"max_hp_gain":0,"max_hp_loss":0,"event_name":"Masked Bandits","floor":21,"gold_loss":0}],"is_beta":false,"boss_relics":[{"not_picked":["Velvet Choker","hubris:GrandSneckoEye"],"picked":"Black Star"}],"items_purged_floors":[19],"is_endless":false,"potions_floor_spawned":[6,7,8,11,16],"killed_by":"Masked Bandits","ascension_level":4}}