{"host":"sxnl403xm2xmiyj1","time":1609165390,"event":{"mods":["AchievementEnabler","BaseMod","Colored Map","Keyboard Shortcuts","Minty Spire (QoL Compilation)","Quick Restart","StSLib","SuperFastMode"],"gold_per_floor":[363,382,127,145,160,160,187,203,203,56,84,84,84,99,99,194,194,134,134,134,134,134,134,134,134,134,134,134,134,134,134,134,134,134],"floor_reached":33,"playtime":827,"items_purged":["Normality"],"score":553,"play_id":"70a39848-9274-45e0-989a-7b30be4c7206","local_time":"20201228232310","is_ascension_mode":true,"campfire_choices":[{"data":"Poisoned Stab","floor":6.0,"key":"SMITH"},{"data":"Crippling Poison","floor":13.0,"key":"SMITH"},{"data":"Deadly Poison","floor":15.0,"key":"SMITH"},{"data":"Terror","floor":25.0,"key":"SMITH"},{"floor":30.0,"key":"REST"},{"data":"Malaise","floor":32.0,"key":"SMITH"}],"circlet_count":0,"master_deck":["Strike_G","Strike_G","Strike_G","Strike_G","Strike_G","Defend_G","Defend_G","Defend_G","Defend_G","Defend_G","Survivor","Neutralize","Prepared","Poisoned Stab+1","Escape Plan","Footwork+1","Crippling Poison+1","Escape Plan","Deflect","Bane","Backflip","Poisoned Stab+1","Acrobatics","Deadly Poison+1","Adrenaline","Terror+1","Dodge and Roll","Backflip","Acrobatics","Quick Slash+1","Underhanded Strike+1","Bouncing Flask","Dagger Throw+1","Flying Knee+1","Malaise+1"],"relics":["Ring of the Snake","Oddly Smooth Stone","DollysMirror","Molten Egg 2","Ectoplasm","Nunchaku","Bronze Scales","Potion Belt","Sundial","Tiny Chest","Pantograph"],"acts_visited":["Exordium","TheCity"],"potions_floor_usage":[],"damage_taken":[{"damage":1.0,"enemies":"Small Slimes","floor":1.0,"turns":4.0},{"damage":3.0,"enemies":"Cultist","floor":2.0,"turns":5.0},{"damage":0.0,"enemies":"2 Louse","floor":4.0,"turns":3.0},{"damage":37.0,"enemies":"Gremlin Gang","floor":5.0,"turns":6.0},{"damage":2.0,"enemies":"Lagavulin","floor":7.0,"turns":8.0},{"damage":0.0,"enemies":"Blue Slaver","floor":8.0,"turns":4.0},{"damage":21.0,"enemies":"Gremlin Nob","floor":11.0,"turns":4.0},{"damage":0.0,"enemies":"Red Slaver","floor":14.0,"turns":4.0},{"damage":3.0,"enemies":"The Guardian","floor":16.0,"turns":8.0},{"damage":4.0,"enemies":"2 Thieves","floor":18.0,"turns":4.0},{"damage":0.0,"enemies":"3 Byrds","floor":19.0,"turns":5.0},{"damage":6.0,"enemies":"Snake Plant","floor":20.0,"turns":4.0},{"damage":0.0,"enemies":"Snecko","floor":21.0,"turns":4.0},{"damage":0.0,"enemies":"Centurion and Healer","floor":22.0,"turns":5.0},{"damage":15.0,"enemies":"Book of Stabbing","floor":23.0,"turns":6.0},{"damage":15.0,"enemies":"Slavers","floor":27.0,"turns":5.0},{"damage":7.0,"enemies":"Cultist and Chosen","floor":28.0,"turns":4.0},{"damage":8.0,"enemies":"Book of Stabbing","floor":29.0,"turns":4.0},{"damage":0.0,"enemies":"Gremlin Leader","floor":31.0,"turns":5.0},{"damage":65,"enemies":"Champ","floor":33,"turns":10}],"seed_played":"8957374972935847443","potions_obtained":[{"floor":2.0,"key":"SpeedPotion"},{"floor":5.0,"key":"FairyPotion"},{"floor":7.0,"key":"Fire Potion"},{"floor":16.0,"key":"PowerPotion"},{"floor":18.0,"key":"Fruit Juice"},{"floor":21.0,"key":"SmokeBomb"},{"floor":27.0,"key":"GamblersBrew"},{"floor":28.0,"key":"DuplicationPotion"},{"floor":29.0,"key":"Explosive Potion"}],"is_trial":false,"path_per_floor":["M","M","$","M","M","R","E","M","T","$","E","?","R","M","R","B",null,"M","M","M","M","M","E","?","R","T","E","M","E","R","E","R","B"],"character_chosen":"THE_SILENT","items_purchased":["Escape Plan","Footwork","Crippling Poison","DollysMirror"],"campfire_rested":1,"item_purchase_floors":[3,3,3,10],"current_hp_per_floor":[62,59,59,59,22,22,20,20,20,20,21,21,21,21,21,18,57,58,58,52,52,52,37,37,37,37,22,15,7,29,29,29,0,0],"gold":134,"neow_bonus":"TWO_FIFTY_GOLD","is_daily":false,"chose_seed":false,"campfire_upgraded":5,"win_rate":0.0,"timestamp":1609165390,"path_taken":["M","M","$","M","M","R","E","M","T","$","E","?","R","M","R","BOSS","M","M","M","?","M","E","?","R","T","E","M","E","R","E","R","BOSS"],"items_purchased_type":["Card","Card","Card","Relic"],"build_version":"2020-12-22","purchased_purges":1,"victory":false,"max_hp_per_floor":[70,70,70,70,70,70,70,70,70,70,70,70,70,70,70,70,70,75,75,75,75,75,75,75,75,75,75,75,75,75,75,75,75,75],"card_choices":[{"not_picked":["Distraction","Predator"],"picked":"Prepared","floor":1.0},{"not_picked":["Expertise","Dagger Throw"],"picked":"Poisoned Stab","floor":2.0},{"not_picked":["Crippling Poison","Wraith Form v2"],"picked":"Escape Plan","floor":4.0},{"not_picked":["Dagger Throw","Flying Knee"],"picked":"Deflect","floor":5.0},{"not_picked":["Choke","Deflect"],"picked":"Bane","floor":7.0},{"not_picked":["Expertise","Dagger Throw"],"picked":"Backflip","floor":8.0},{"not_picked":["Dagger Spray+1","Dash+1"],"picked":"Acrobatics","floor":11.0},{"not_picked":["Infinite Blades","Concentrate"],"picked":"Deadly Poison","floor":14.0},{"not_picked":["Night Terror","Venomology"],"picked":"Adrenaline","floor":16.0},{"not_picked":["Masterful Stab+1","Distraction"],"picked":"Terror","floor":18.0},{"not_picked":["Deflect+1","Quick Slash+1"],"picked":"Dodge and Roll","floor":19.0},{"not_picked":["Blade Dance","Slice+1"],"picked":"Backflip","floor":20.0},{"not_picked":["Prepared","Grand Finale+1"],"picked":"Acrobatics","floor":21.0},{"not_picked":["Expertise","Cloak And Dagger"],"picked":"Quick Slash+1","floor":22.0},{"not_picked":["Bouncing Flask","Backflip"],"picked":"Underhanded Strike+1","floor":23.0},{"not_picked":["Backstab+1","Prepared"],"picked":"Bouncing Flask","floor":27.0},{"not_picked":["Flechettes+1","Deflect"],"picked":"Dagger Throw+1","floor":28.0},{"not_picked":["Backstab+1","Accuracy"],"picked":"Flying Knee+1","floor":29.0},{"not_picked":["Acrobatics","Escape Plan+1"],"picked":"Malaise","floor":31.0}],"player_experience":131414,"relics_obtained":[{"floor":7.0,"key":"Oddly Smooth Stone"},{"floor":11.0,"key":"Molten Egg 2"},{"floor":23.0,"key":"Nunchaku"},{"floor":26.0,"key":"Potion Belt"},{"floor":27.0,"key":"Sundial"},{"floor":29.0,"key":"Tiny Chest"},{"floor":31.0,"key":"Pantograph"}],"event_choices":[{"damage_healed":0.0,"max_hp_gain":0.0,"max_hp_loss":0.0,"gold_gain":0.0,"event_name":"Accursed Blacksmith","player_choice":"Forge","floor":12.0,"gold_loss":0.0,"damage_taken":0.0,"cards_upgraded":["Footwork"]},{"damage_healed":0.0,"max_hp_gain":0.0,"max_hp_loss":0.0,"gold_gain":0.0,"event_name":"WeMeetAgain","player_choice":"Gave Potion","floor":24.0,"gold_loss":0.0,"damage_taken":0.0,"relics_obtained":["Bronze Scales"]}],"is_beta":false,"boss_relics":[{"not_picked":["Runic Pyramid","Velvet Choker"],"picked":"Ectoplasm"}],"items_purged_floors":[3],"is_endless":false,"potions_floor_spawned":[2,5,7,16,18,21,27,28,29],"killed_by":"Champ","ascension_level":9}}