{"host":"dcj2yvrgcvh5dl2s","time":1609121782,"event":{"mods":["BaseMod","Better Note","Block Reminder","Colored Powertips","DeckTracker","Minty Spire (QoL Compilation)","Quick Restart","Rare Cards Sparkle","Relic Stats","StSLib"],"gold_per_floor":[13,36,50,50,62,89,89,118,118,135,115,115,147,162,162,235,235,135,135,19,19,19,19,19,19,19,19,19,19,19,19,19,19,19,19,19,0,0,0,0,0,0,0,0,0,0,0,0,0,0],"floor_reached":51,"playtime":3762,"items_purged":["Strike_R"],"score":1705,"play_id":"43fab4c9-3b06-4d00-8902-eb63cc394397","local_time":"20201228121622","is_ascension_mode":true,"campfire_choices":[{"floor":7,"key":"REST"},{"floor":12,"key":"REST"},{"floor":15,"key":"REST"},{"data":"Corruption","floor":32,"key":"SMITH"},{"data":"Armaments","floor":40,"key":"SMITH"},{"data":"Heavy Blade","floor":44,"key":"SMITH"},{"data":"Double Tap","floor":49,"key":"SMITH"}],"circlet_count":0,"master_deck":["AscendersBane","Strike_R+1","Strike_R+1","Defend_R+1","Defend_R+1","Defend_R+1","Defend_R+1","Bash","Double Tap+1","Bloodletting","Armaments+1","Flex","Sword Boomerang","Reaper","Inflame","Corruption+1","Reaper","Feel No Pain","Thunderclap","Inflame","Havoc","Feel No Pain","Heavy Blade+1","Shockwave","Disarm+1","Demon Form","Reaper","Dropkick","Violence","Finesse","Flash of Steel","Pummel+1","Disarm","Shrug It Off"],"relics":["Burning Blood","Happy Flower","Boot","Dead Branch","Lantern","InkBottle","StrikeDummy","Ectoplasm","Ornamental Fan","Strawberry","Dream Catcher","Omamori","Question Card","Sozu","Pocketwatch","Red Mask","Self Forming Clay","Gambling Chip","Pen Nib","Mango"],"acts_visited":["Exordium","TheCity","TheBeyond"],"potions_floor_usage":[6,13,13,18,25,25,31,31,36],"damage_taken":[{"damage":6,"enemies":"Cultist","floor":1,"turns":3},{"damage":16,"enemies":"Jaw Worm","floor":3,"turns":5},{"damage":6,"enemies":"2 Louse","floor":5,"turns":3},{"damage":29,"enemies":"Gremlin Nob","floor":6,"turns":4},{"damage":25,"enemies":"3 Sentries","floor":8,"turns":10},{"damage":38,"enemies":"Gremlin Gang","floor":10,"turns":4},{"damage":21,"enemies":"Lagavulin","floor":13,"turns":4},{"damage":8,"enemies":"Blue Slaver","floor":14,"turns":2},{"damage":36,"enemies":"Hexaghost","floor":16,"turns":5},{"damage":22,"enemies":"2 Thieves","floor":18,"turns":4},{"damage":3,"enemies":"Chosen","floor":19,"turns":4},{"damage":3,"enemies":"Snake Plant","floor":21,"turns":1},{"damage":0,"enemies":"3 Cultists","floor":22,"turns":2},{"damage":55,"enemies":"Book of Stabbing","floor":23,"turns":6},{"damage":31,"enemies":"Centurion and Healer","floor":24,"turns":4},{"damage":60,"enemies":"Slavers","floor":25,"turns":6},{"damage":3,"enemies":"Book of Stabbing","floor":27,"turns":4},{"damage":33,"enemies":"Snake Plant","floor":29,"turns":5},{"damage":8,"enemies":"Gremlin Leader","floor":31,"turns":6},{"damage":27,"enemies":"Automaton","floor":33,"turns":6},{"damage":32,"enemies":"3 Shapes","floor":35,"turns":2},{"damage":62,"enemies":"2 Orb Walkers","floor":36,"turns":5},{"damage":10,"enemies":"3 Darklings","floor":38,"turns":3},{"damage":0,"enemies":"Reptomancer","floor":42,"turns":4},{"damage":9,"enemies":"Nemesis","floor":45,"turns":4},{"damage":29,"enemies":"4 Shapes","floor":47,"turns":5},{"damage":15,"enemies":"Reptomancer","floor":48,"turns":3},{"damage":6,"enemies":"Time Eater","floor":50,"turns":6}],"seed_played":"-1567605121114808545","potions_obtained":[{"floor":3,"key":"ColorlessPotion"},{"floor":8,"key":"Energy Potion"},{"floor":11,"key":"EntropicBrew"},{"floor":13,"key":"Dexterity Potion"},{"floor":21,"key":"ElixirPotion"},{"floor":27,"key":"Energy Potion"},{"floor":29,"key":"SteroidPotion"},{"floor":33,"key":"SkillPotion"}],"is_trial":false,"path_per_floor":["M","T","M","?","M","E","R","E","T","M","?","R","E","M","R","B",null,"M","M","$","M","M","E","M","E","T","E","?","M","?","E","R","B",null,"M","?","?","M","?","R","$","E","T","R","E","$","M","E","R","B",null],"character_chosen":"IRONCLAD","items_purchased":["Inflame"],"campfire_rested":3,"item_purchase_floors":[20],"current_hp_per_floor":[68,68,58,47,47,24,46,27,27,13,13,35,28,26,48,75,75,75,75,75,75,75,39,63,64,64,82,82,63,63,80,80,82,82,82,57,57,82,72,72,72,82,82,82,79,79,72,96,96,96],"gold":0,"neow_bonus":"TRANSFORM_TWO_CARDS","is_daily":false,"chose_seed":false,"campfire_upgraded":4,"win_rate":0.0,"timestamp":1609121782,"path_taken":["M","?","M","?","M","E","R","E","T","M","?","R","E","M","R","BOSS","M","M","$","?","M","E","M","E","T","E","?","?","?","E","R","BOSS","M","?","?","M","?","R","$","E","T","R","E","?","?","E","R","BOSS"],"items_purchased_type":["Card"],"build_version":"2020-12-22","purchased_purges":1,"victory":true,"max_hp_per_floor":[75,75,75,75,75,75,75,75,75,75,75,75,75,75,75,75,75,75,75,75,75,75,75,75,82,82,82,82,82,82,82,82,82,82,82,82,82,82,82,82,82,82,82,82,82,82,82,96,96,96],"relic_stats":{"Happy Flower":[39],"counters":[28,120],"Self Forming Clay":[27],"Dead Branch":[358],"Pen Nib":[4],"Boot":[82],"Question Card":11,"Burning Blood":113,"Sozu":3,"Dream Catcher":0,"Ornamental Fan":[140],"Gambling Chip":[14],"Ectoplasm":893,"obtain_stats":[{"Lantern":8,"Happy Flower":2,"Self Forming Clay":42,"Dead Branch":6,"Mango":48,"Pen Nib":45,"Omamori":27,"Boot":4,"Question Card":31,"Burning Blood":0,"Sozu":34,"Dream Catcher":26,"Ornamental Fan":23,"Strawberry":25,"Gambling Chip":43,"Ectoplasm":17,"Red Mask":37,"StrikeDummy":13,"InkBottle":9,"Pocketwatch":36},{"Lantern":5,"Happy Flower":1,"Self Forming Clay":24,"Dead Branch":4,"Mango":27,"Pen Nib":25,"Omamori":17,"Boot":2,"Question Card":19,"Burning Blood":0,"Sozu":20,"Dream Catcher":16,"Ornamental Fan":14,"Strawberry":16,"Gambling Chip":24,"Ectoplasm":9,"Red Mask":22,"StrikeDummy":7,"InkBottle":5,"Pocketwatch":22},{"Lantern":25,"Happy Flower":3,"Self Forming Clay":102,"Dead Branch":15,"Mango":114,"Pen Nib":106,"Omamori":71,"Boot":8,"Question Card":82,"Burning Blood":0,"Sozu":88,"Dream Catcher":67,"Ornamental Fan":57,"Strawberry":67,"Gambling Chip":102,"Ectoplasm":40,"Red Mask":95,"StrikeDummy":33,"InkBottle":25,"Pocketwatch":95}],"InkBottle":[61],"Pocketwatch":[6]},"card_choices":[{"not_picked":["Anger","Iron Wave"],"picked":"Armaments","floor":1},{"not_picked":["Perfected Strike","Reckless Charge"],"picked":"Flex","floor":3},{"not_picked":["Headbutt","Entrench"],"picked":"Sword Boomerang","floor":5},{"not_picked":["Iron Wave","Headbutt","Warcry"],"picked":"SKIP","floor":6},{"not_picked":["Clash","Twin Strike"],"picked":"Reaper","floor":8},{"not_picked":["Rupture","Searing Blow"],"picked":"Inflame","floor":10},{"not_picked":["Searing Blow","Power Through"],"picked":"Corruption","floor":13},{"not_picked":["Bloodletting","Clothesline","Carnage"],"picked":"SKIP","floor":14},{"not_picked":["Berserk","Impervious"],"picked":"Reaper","floor":16},{"not_picked":["Cleave+1","Spot Weakness+1"],"picked":"Feel No Pain","floor":18},{"not_picked":["Iron Wave","Sever Soul"],"picked":"Thunderclap","floor":19},{"not_picked":["Combust","Evolve"],"picked":"Havoc","floor":21},{"not_picked":["Reckless Charge+1","Bludgeon","Ghostly Armor"],"picked":"SKIP","floor":22},{"not_picked":["Sentinel+1","Clash+1"],"picked":"Feel No Pain","floor":23},{"not_picked":["Anger","Twin Strike","True Grit"],"picked":"SKIP","floor":24},{"not_picked":["Dual Wield","Pommel Strike"],"picked":"Heavy Blade","floor":25},{"not_picked":["Iron Wave","Clothesline"],"picked":"Shockwave","floor":27},{"not_picked":["Cleave","Clash"],"picked":"Disarm+1","floor":29},{"not_picked":["Second Wind","Sentinel"],"picked":"Demon Form","floor":31},{"not_picked":["Impervious","Double Tap","Brutality"],"picked":"Reaper","floor":33},{"not_picked":["Anger","Burning Pact","Combust+1"],"picked":"Dropkick","floor":35},{"not_picked":["Rage","Spot Weakness+1","Uppercut+1","Cleave"],"picked":"SKIP","floor":38},{"not_picked":["Purity","Magnetism","Chrysalis"],"picked":"Violence","floor":39},{"not_picked":["Dark Shackles","Purity","Impatience"],"picked":"Finesse","floor":39},{"not_picked":["Secret Technique","The Bomb","Swift Strike"],"picked":"Flash of Steel","floor":39},{"not_picked":["Headbutt","Clash","Flame Barrier"],"picked":"Pummel+1","floor":42},{"not_picked":["Clothesline","Sword Boomerang","Dark Embrace"],"picked":"Disarm","floor":45},{"not_picked":["Thunderclap","Warcry","Sword Boomerang"],"picked":"Shrug It Off","floor":47},{"not_picked":["Fire Breathing","Rage","Searing Blow","Havoc"],"picked":"SKIP","floor":48}],"player_experience":2079968,"relics_obtained":[{"floor":2,"key":"Happy Flower"},{"floor":6,"key":"Dead Branch"},{"floor":8,"key":"Lantern"},{"floor":9,"key":"InkBottle"},{"floor":13,"key":"StrikeDummy"},{"floor":23,"key":"Ornamental Fan"},{"floor":25,"key":"Strawberry"},{"floor":26,"key":"Dream Catcher"},{"floor":27,"key":"Omamori"},{"floor":31,"key":"Question Card"},{"floor":36,"key":"Pocketwatch"},{"floor":42,"key":"Self Forming Clay"},{"floor":43,"key":"Gambling Chip"},{"floor":45,"key":"Pen Nib"},{"floor":48,"key":"Mango"}],"event_choices":[{"damage_healed":0,"gold_gain":0,"player_choice":"Success","damage_taken":11,"relics_obtained":["Boot"],"max_hp_gain":0,"max_hp_loss":0,"event_name":"Scrap Ooze","floor":4,"gold_loss":0},{"damage_healed":0,"gold_gain":0,"player_choice":"Bought 1 Potion","damage_taken":0,"max_hp_gain":0,"max_hp_loss":0,"event_name":"The Woman in Blue","floor":11,"gold_loss":0},{"damage_healed":0,"gold_gain":275,"player_choice":"Desecrate","damage_taken":0,"max_hp_gain":0,"max_hp_loss":0,"event_name":"Golden Shrine","floor":28,"gold_loss":0,"cards_obtained":["Regret"]},{"damage_healed":0,"gold_gain":0,"player_choice":"Simplicity","damage_taken":0,"max_hp_gain":0,"max_hp_loss":0,"event_name":"Back to Basics","floor":30,"gold_loss":0,"cards_upgraded":["Strike_R","Strike_R","Defend_R","Defend_R","Defend_R","Defend_R"]},{"damage_healed":0,"gold_gain":0,"player_choice":"Fight","damage_taken":0,"max_hp_gain":0,"max_hp_loss":0,"event_name":"Mysterious Sphere","floor":36,"gold_loss":0},{"damage_healed":0,"gold_gain":0,"player_choice":"Paid","damage_taken":0,"relics_obtained":["Red Mask"],"max_hp_gain":0,"max_hp_loss":0,"event_name":"Tomb of Lord Red Mask","floor":37,"gold_loss":19},{"damage_healed":0,"gold_gain":0,"player_choice":"Memory 3","damage_taken":10,"max_hp_gain":0,"max_hp_loss":0,"event_name":"SensoryStone","floor":39,"gold_loss":0}],"is_beta":false,"boss_relics":[{"not_picked":["Calling Bell","Fusion Hammer"],"picked":"Ectoplasm"},{"not_picked":["Empty Cage","Astrolabe"],"picked":"Sozu"}],"items_purged_floors":[20],"is_endless":false,"potions_floor_spawned":[3,8,13,21,23,27,29,33,38,42,45],"ascension_level":17}}