{"host":"bf9sa99gaumonoeu","time":1609198980,"event":{"mods":["AchievementEnabler","BaseMod","Colored Map","Downfall","Friendly Minions","Marisa????????","Minty Spire (QoL Compilation)","Replay The Spire","StSLib","The Cursed","The Disciple","The Servant 0.9.4","everything is the same but u backflip on backflip","slay the spire mod where everything is the same but ironclad has a cowboy hat"],"gold_per_floor":[111,131,131,143,161,161,175,203,203,203,230,230,257,268,268,340,340,359,378,137,156,156,156,156,156,183,197,227,246,246,246,246,62,62,62,62],"floor_reached":35,"playtime":1939,"items_purged":["Strike_G","Strike_G+1"],"score":872,"play_id":"bc500069-907e-4f73-81db-6188467d5eaf","local_time":"20201228214300","is_ascension_mode":true,"campfire_choices":[{"data":"Masterful Stab","floor":6,"key":"SMITH"},{"data":"Dodge and Roll","floor":10,"key":"SMITH"},{"data":"Dagger Spray","floor":15,"key":"SMITH"},{"data":"Envenom","floor":23,"key":"SMITH"},{"floor":25,"key":"REST"},{"data":"Fluid Movement","floor":32,"key":"SMITH"},{"floor":34,"key":"REST"}],"circlet_count":0,"master_deck":["AscendersBane","Strike_G+1","Strike_G+1","Strike_G+1","Defend_G+1","Defend_G+1","Defend_G+1","Defend_G+1","Defend_G+1","Survivor","Neutralize","Dodge and Roll+1","Masterful Stab+1","Flying Knee","Blade Dance","Draining Mist+1","Dagger Spray+1","Envenom+1","Prepared+1","Fluid Movement+1","Backflip+1","Accuracy"],"relics":["Ring of the Snake","Vajra","InkBottle","Replay:Accelerometer","Replay:Bottled Snecko","Singing Bowl","Philosopher\u0027s Stone","Bag of Marbles","Matryoshka"],"acts_visited":["Exordium","TheCity"],"potions_floor_usage":[8,11,13,16,18,21,21,27,27,28,28,28,35],"damage_taken":[{"damage":0,"enemies":"Jaw Worm","floor":1,"turns":5},{"damage":1,"enemies":"Cultist","floor":2,"turns":4},{"damage":1,"enemies":"2 Louse","floor":4,"turns":5},{"damage":0,"enemies":"Blue Slaver","floor":5,"turns":3},{"damage":0,"enemies":"Gremlin Gang","floor":7,"turns":4},{"damage":20,"enemies":"Gremlin Nob","floor":8,"turns":4},{"damage":10,"enemies":"3 Sentries","floor":11,"turns":10},{"damage":2,"enemies":"Lagavulin","floor":13,"turns":5},{"damage":0,"enemies":"Exordium Wildlife","floor":14,"turns":2},{"damage":0,"enemies":"Slime Boss","floor":16,"turns":4},{"damage":9,"enemies":"3 Byrds","floor":18,"turns":5},{"damage":6,"enemies":"Spheric Guardian","floor":19,"turns":4},{"damage":41,"enemies":"Chosen and Byrds","floor":21,"turns":7},{"damage":10,"enemies":"Snecko","floor":27,"turns":4},{"damage":8,"enemies":"Gremlin Leader","floor":28,"turns":5},{"damage":0,"enemies":"Cultist and Chosen","floor":29,"turns":7},{"damage":60,"enemies":"Collector","floor":35,"turns":11}],"seed_played":"4143911897965653638","potions_obtained":[{"floor":2,"key":"BlessingOfTheForge"},{"floor":7,"key":"Regen Potion"},{"floor":11,"key":"Adrenaline Potion"},{"floor":13,"key":"ColorlessPotion"},{"floor":16,"key":"Doom Potion"},{"floor":19,"key":"SkillPotion"},{"floor":24,"key":"Venom Potion"},{"floor":24,"key":"Slimebound:ThreeZeroPotion"},{"floor":27,"key":"EntropicBrew"},{"floor":29,"key":"SkillPotion"}],"is_trial":false,"path_per_floor":["M","M","?","M","M","R","M","E","T","R","E","?","E","M","R","B",null,"M","M","$","M","?","R","?","R","T","M","E","M","PTL","PTL","R","$","R","B"],"character_chosen":"THE_SILENT","items_purchased":["Fluid Movement","Regen Potion","Accuracy"],"campfire_rested":2,"item_purchase_floors":[20,20,33],"current_hp_per_floor":[59,58,66,65,65,65,65,45,45,45,50,50,48,50,50,50,64,55,51,51,25,25,25,25,46,46,38,32,34,34,34,34,34,56,0,0],"gold":62,"neow_bonus":"RANDOM_COMMON_RELIC","is_daily":false,"chose_seed":false,"campfire_upgraded":5,"win_rate":0.0,"timestamp":1609198980,"path_taken":["M","M","?","M","M","R","?","E","T","R","E","?","E","M","R","BOSS","M","M","$","M","?","R","?","R","T","?","E","M","PTL","PTL","R","$","R","BOSS"],"items_purchased_type":["Card","Potion","Card"],"build_version":"2020-12-22","purchased_purges":2,"victory":false,"max_hp_per_floor":[66,66,66,66,66,66,66,66,66,66,66,66,66,68,68,68,68,68,70,70,70,70,70,70,70,70,72,74,76,76,76,76,76,76,76,76],"card_choices":[{"not_picked":["Bane","Slice"],"picked":"Escape Plan","floor":1},{"not_picked":["Quick Slash","Bane"],"picked":"Dodge and Roll","floor":2},{"not_picked":["Choke","Accuracy"],"picked":"Masterful Stab","floor":4},{"not_picked":["Acrobatics","Setup"],"picked":"Flying Knee","floor":5},{"not_picked":["Bane","Acrobatics","Dagger Throw"],"picked":"SKIP","floor":7},{"not_picked":["Deflect","Replay:Poison Smokescreen"],"picked":"Blade Dance","floor":8},{"not_picked":["Doppelganger","Underhanded Strike"],"picked":"Draining Mist","floor":11},{"not_picked":["Tactician","PiercingWail"],"picked":"Dagger Spray","floor":13},{"not_picked":["Bane","Dash","PiercingWail"],"picked":"Singing Bowl","floor":14},{"not_picked":["ReplayTheSpireMod:From All Sides","Adrenaline"],"picked":"Envenom","floor":16},{"not_picked":["Dagger Throw+1","Blade Dance"],"picked":"Prepared+1","floor":18},{"not_picked":["Dagger Throw","Dagger Spray","Quick Slash"],"picked":"Singing Bowl","floor":19},{"not_picked":["Quick Slash","Die Die Die"],"picked":"Backflip+1","floor":21},{"not_picked":["Noxious Fumes","Flechettes","Cloak And Dagger"],"picked":"Singing Bowl","floor":27},{"not_picked":["Sucker Punch","Concentrate","Dodge and Roll"],"picked":"Singing Bowl","floor":28},{"not_picked":["Backflip","Deadly Poison","Cloak And Dagger"],"picked":"Singing Bowl","floor":29}],"player_experience":530699,"relics_obtained":[{"floor":8,"key":"InkBottle"},{"floor":9,"key":"Replay:Accelerometer"},{"floor":11,"key":"Replay:Bottled Snecko"},{"floor":13,"key":"Singing Bowl"},{"floor":26,"key":"Bag of Marbles"},{"floor":28,"key":"Matryoshka"}],"event_choices":[{"cards_removed":["Escape Plan"],"damage_healed":8,"gold_gain":0,"player_choice":"Offered Uncommon","damage_taken":0,"max_hp_gain":0,"max_hp_loss":0,"event_name":"Bonfire Elementals","floor":3,"gold_loss":0},{"damage_healed":0,"gold_gain":0,"player_choice":"Simplicity","damage_taken":0,"max_hp_gain":0,"max_hp_loss":0,"event_name":"Back to Basics","floor":22,"gold_loss":0,"cards_upgraded":["Strike_G","Strike_G","Strike_G","Strike_G","Defend_G","Defend_G","Defend_G","Defend_G","Defend_G"]},{"damage_healed":0,"gold_gain":0,"player_choice":"Got Potions","damage_taken":0,"max_hp_gain":0,"max_hp_loss":0,"event_name":"Lab","floor":24,"gold_loss":0}],"is_beta":false,"boss_relics":[{"not_picked":["Kintsugi","Calling Bell"],"picked":"Philosopher\u0027s Stone"}],"items_purged_floors":[20,33],"is_endless":false,"potions_floor_spawned":[2,7,11,13,16,19,27,29],"killed_by":"Collector","ascension_level":19}}