{"host":"xnjcin1g6gswdgtt","time":1609117424,"event":{"mods":["2.2 Compatiblity","Act Like it!","Astrologer","Bard","BaseMod","Beaked The Cultist","Better Altar","Better Match","Better Note","Better Sensory Stone","Better Skull","Better Third Choice","BetterRewards","Card Forge","ChefMod","Conspire","Downfall","Duelist Mod","Elementarium","Gremlin Mod","GungeonMod","Hubris","Jedi Mod","JesterMod","Marisa????????","Marked Mod","Menagerie","Minty Spire (QoL Compilation)","Quick Restart","Replay The Spire","Robot Space Explorer","Shade Mod","Shop Mod","Spicy Shops","StSLib","The Blue Laboratory","The Bug Knight","The Construct","The Cursed","The Death Knight","The Dragon Tamer","The Forsaken","The Hierophant","The Marked","The Poker Player","The Servant 0.9.4","TheVacant","Thieving Mod","Uncapped","Yuri Mod"],"gold_per_floor":[110,110,110,122,137,137,148,161,230,230,259,259,33,68,68,165,165,176,188,205,205,222,222,222,237,237,289,289,302,337,350,350,448,448,465,465,480,490,500,500,500,500,500],"floor_reached":41,"playtime":5174,"items_purged":[],"score":502,"play_id":"ea31e047-3592-46ad-afa6-8c7dca125183","local_time":"20201227190344","is_ascension_mode":false,"metric_token":3219,"campfire_choices":[{"data":"DTMod:BlazingStrike","floor":6.0,"key":"SMITH"},{"floor":10.0,"key":"REST"},{"floor":12.0,"key":"REST"},{"floor":15.0,"key":"REST"},{"floor":23.0,"key":"REST"},{"floor":32,"key":"REST"},{"floor":40,"key":"REST"}],"dtmod_dragon_data":[38,58,1,0,8,0],"circlet_count":0,"master_deck":["DTMod:Strike+1","DTMod:Strike+1","DTMod:TargetDefense+1","DTMod:TargetDefense+1","DTMod:TargetDefense+1","DTMod:TargetDefense+1","DTMod:SwitchingTactic+1","DTMod:QuickFly+1","DTMod:BlazingStrike+1","DTMod:MasterPlan+1","DTMod:FlameSlash+1","DTMod:Feint+1","DTMod:TriAttack+1","DTMod:WarmUp+1","DTMod:InvisibleFlame+1","DTMod:Training+1","DTMod:SneakAttack+1","DTMod:BuildUp+1","DTMod:MagiciansMark+1","CurseOfTheBell","DTMod:BuildUp+1"],"relics":["DTMod:PactStone","Hammer of Thor","Seething Fire","Anvil of the Gods","Ring of Hypnosis","ReplayTheSpireMod:Ring of Exchange","Replay:Bottled Flurry","jedi:bottledfury","hubris:Reverence","DemoMod:MeatBun","Bloody Idol","Bottled Tornado","DemoMod:PartiallyEatenCheese","Replay:Grab Bag","theForsaken:PaleLantern","Busted Crown","hubris:Stopwatch","Calling Bell","jedi:shrinkray","Sundial","Calipers"],"acts_visited":["Exordium","TheCity","TheBeyond"],"potions_floor_usage":[30,37,41],"damage_taken":[{"damage":0.0,"enemies":"Jaw Worm","floor":1.0,"turns":4.0},{"damage":0.0,"enemies":"Cultist","floor":4.0,"turns":3.0},{"damage":0.0,"enemies":"2 Louse","floor":5.0,"turns":2.0},{"damage":6.0,"enemies":"Exordium Wildlife","floor":7.0,"turns":4.0},{"damage":0.0,"enemies":"Blue Slaver","floor":8.0,"turns":2.0},{"damage":0.0,"enemies":"3 Sentries","floor":11.0,"turns":6.0},{"damage":0.0,"enemies":"Lagavulin","floor":14.0,"turns":5.0},{"damage":1.0,"enemies":"Hexaghost","floor":16.0,"turns":8.0},{"damage":0.0,"enemies":"3 Byrds","floor":18.0,"turns":4.0},{"damage":0.0,"enemies":"Chosen and Byrds","floor":19.0,"turns":5.0},{"damage":10.0,"enemies":"Centurion and Healer","floor":20.0,"turns":3.0},{"damage":0.0,"enemies":"Shelled Parasite and Fungi","floor":22.0,"turns":3.0},{"damage":0.0,"enemies":"3 Cultists","floor":25.0,"turns":3.0},{"damage":0,"enemies":"Chosen and Byrds","floor":29,"turns":5},{"damage":0,"enemies":"theDuelist:KaibaA2","floor":30,"turns":3},{"damage":0,"enemies":"Sentry and Sphere","floor":31,"turns":4},{"damage":5,"enemies":"Collector","floor":33,"turns":7},{"damage":0,"enemies":"Orb Walker","floor":35,"turns":3},{"damage":0,"enemies":"3 Shapes","floor":37,"turns":3},{"damage":0,"enemies":"Sphere and 2 Shapes","floor":38,"turns":4},{"damage":0,"enemies":"3 Darklings","floor":39,"turns":3},{"damage":59,"enemies":"Nemesis","floor":41,"turns":6}],"seed_played":"-1122090705269341505","potions_obtained":[{"floor":5.0,"key":"blueLaboratory:LouseDecoction"},{"floor":16.0,"key":"Strength Potion"},{"floor":19.0,"key":"SteroidPotion"},{"floor":25.0,"key":"Block Potion"},{"floor":33,"key":"blueLaboratory:HummingbirdPotion"},{"floor":38,"key":"Dexterity Potion"},{"floor":39,"key":"blueLaboratory:CorrosionFlask"}],"is_trial":false,"path_per_floor":["M","?","?","M","M","R","M","M","T","R","E","R","$","E","R","B",null,"M","M","M","?","M","R","?","M","T","T","?","M","E","M","R","B",null,"M","?","M","M","M","R","E"],"character_chosen":"THE_DT","items_purchased":["DTMod:TriAttack","DTMod:WarmUp"],"campfire_rested":6,"item_purchase_floors":[13,13],"current_hp_per_floor":[49,49,49,49,49,49,43,43,43,49,49,49,49,49,49,48,49,49,49,39,14,19,33,33,38,38,43,43,48,49,49,49,49,49,49,49,49,49,49,49,0,0,0],"gold":500,"neow_bonus":"TEN_PERCENT_HP_BONUS","is_daily":false,"chose_seed":false,"campfire_upgraded":1,"win_rate":0.0,"timestamp":1609117424,"path_taken":["M","?","?","M","?","R","M","M","T","R","E","R","$","E","R","BOSS","M","M","M","?","M","R","?","?","T","?","?","M","E","M","R","BOSS","M","?","M","M","M","R","E"],"items_purchased_type":["Card","Card"],"build_version":"2020-12-22","purchased_purges":0,"victory":false,"max_hp_per_floor":[49,49,49,49,49,49,49,49,49,49,49,49,49,49,49,49,49,49,49,49,49,49,49,49,49,49,49,49,49,49,49,49,49,49,49,49,49,49,49,49,49,49,49],"card_choices":[{"not_picked":["DTMod:Hide","DTMod:BlazingStrike"],"picked":"DTMod:QuickFly","floor":1.0},{"not_picked":["DTMod:TauntingStrike","DTMod:Hide"],"picked":"DTMod:BlazingStrike","floor":4.0},{"not_picked":["DTMod:Overwhelm","DTMod:LowKick"],"picked":"DTMod:MasterPlan","floor":5.0},{"not_picked":["DTMod:PurifyingFlame","DTMod:QuickFly"],"picked":"DTMod:FlameSlash","floor":7.0},{"not_picked":["DTMod:Weaken","DTMod:Coolant"],"picked":"DTMod:CrossStep","floor":8.0},{"not_picked":["DTMod:RecklessFlurry","DTMod:HeatWave"],"picked":"DTMod:Feint","floor":11.0},{"not_picked":["DTMod:RecklessFlurry","DTMod:Hide"],"picked":"DTMod:InvisibleFlame","floor":14.0},{"not_picked":["DTMod:Inferno","DTMod:ResonanceForm"],"picked":"DTMod:Harmonize","floor":16.0},{"not_picked":["DTMod:GhostSkin","DTMod:Punisher+1"],"picked":"DTMod:Training","floor":18.0},{"not_picked":["DTMod:BizarreTactic","DTMod:MaximumCharge+1"],"picked":"DTMod:SneakAttack+1","floor":19.0},{"not_picked":["DTMod:StarRain","DTMod:MasterPlan"],"picked":"DTMod:Haste","floor":20.0},{"not_picked":["DTMod:Cover","DTMod:BlueScale","DTMod:Threaten"],"picked":"SKIP","floor":22.0},{"not_picked":["DTMod:HeatWave","DTMod:BalancedStrike","DTMod:BizarreTactic"],"picked":"SKIP","floor":25.0},{"not_picked":["DTMod:StunTrap","DTMod:MagicField"],"picked":"DTMod:BuildUp+1","floor":29},{"not_picked":["DTMod:MagicField","DTMod:Conduct","DTMod:CleansingStrike"],"picked":"SKIP","floor":30},{"not_picked":["DTMod:Hide","DTMod:CrossStep"],"picked":"DTMod:MagiciansMark","floor":31},{"not_picked":["DTMod:BizarreTactic"],"picked":"SKIP","floor":35},{"not_picked":[],"picked":"DTMod:BuildUp+1","floor":37},{"not_picked":["DTMod:BuildUp"],"picked":"SKIP","floor":38},{"not_picked":["DTMod:QuickFly"],"picked":"SKIP","floor":39}],"player_experience":136947,"relics_obtained":[{"floor":2.0,"key":"Ring of Hypnosis"},{"floor":2.0,"key":"ReplayTheSpireMod:Ring of Exchange"},{"floor":9.0,"key":"Replay:Bottled Flurry"},{"floor":11.0,"key":"jedi:bottledfury"},{"floor":14.0,"key":"hubris:Reverence"},{"floor":26.0,"key":"Bottled Tornado"},{"floor":30,"key":"DemoMod:PartiallyEatenCheese"},{"floor":34,"key":"jedi:shrinkray"},{"floor":34,"key":"Sundial"},{"floor":34,"key":"Calipers"}],"event_choices":[{"cards_removed":["Sickly"],"damage_healed":0.0,"max_hp_gain":0.0,"max_hp_loss":0.0,"gold_gain":0.0,"event_name":"betterNote:BetterNote","player_choice":"Give","floor":3.0,"gold_loss":0.0,"damage_taken":0.0,"cards_obtained":["Shade:Strike_Shade"]},{"damage_healed":0.0,"max_hp_gain":39.0,"max_hp_loss":14.0,"gold_gain":0.0,"event_name":"betterAltar:BetterAltar","player_choice":" Idol ","floor":21.0,"potions_obtained":[],"relics_lost":[],"gold_loss":0.0,"damage_taken":25.0,"relics_obtained":["Bloody Idol"]},{"damage_healed":0,"gold_gain":0,"player_choice":"Ignored","damage_taken":0,"max_hp_gain":0,"max_hp_loss":0,"event_name":"Tomb of Lord Red Mask","floor":36,"gold_loss":0}],"is_beta":false,"boss_relics":[{"not_picked":["SacredBark","Medical Kit"],"picked":"DemoMod:MeatBun"},{"not_picked":["Replay:Ancient Bell","Toolbox"],"picked":"Replay:Grab Bag"},{"not_picked":["DTMod:TheChair","conspire:RoyalGoblet"],"picked":"theForsaken:PaleLantern"},{"not_picked":["ChewingGum","hubris:VirtuousBlindfold"],"picked":"Busted Crown"},{"not_picked":["Replay:Drink Me","conspire:RunicOctahedron"],"picked":"hubris:Stopwatch"},{"not_picked":["Kintsugi","conspire:SpecialSausage"],"picked":"Calling Bell"}],"items_purged_floors":[],"is_endless":false,"potions_floor_spawned":[5,16,19,20,25,33,38,39],"killed_by":"Nemesis","ascension_level":0}}