{"host":"dhyczjm99amxd3qx","time":1609181485,"event":{"mods":["BaseMod","Colored Map","Googly Eyes","Highlight Path","Minty Spire (QoL Compilation)","Quick Restart","StSLib"],"gold_per_floor":[118,134,134,148,223,254,254,290,317,317,317],"floor_reached":10,"playtime":631,"items_purged":[],"score":84,"play_id":"8ec99327-2e2d-45ce-9123-576d034a93b3","local_time":"20201228135125","is_ascension_mode":true,"campfire_choices":[],"circlet_count":0,"master_deck":["Strike_G","Strike_G","Strike_G","Strike_G","Strike_G","Defend_G","Defend_G","Defend_G","Defend_G","Defend_G","Survivor","Neutralize","Noxious Fumes","Bouncing Flask"],"relics":["Ring of the Snake","Blood Vial","Golden Idol","Bag of Marbles","Smiling Mask"],"acts_visited":["Exordium"],"potions_floor_usage":[4,4,6,6],"damage_taken":[{"damage":16.0,"enemies":"Cultist","floor":1.0,"turns":4.0},{"damage":0.0,"enemies":"Jaw Worm","floor":2.0,"turns":5.0},{"damage":5,"enemies":"Small Slimes","floor":4,"turns":4},{"damage":19,"enemies":"Lagavulin","floor":6,"turns":10},{"damage":15,"enemies":"3 Sentries","floor":8,"turns":9},{"damage":20,"enemies":"Gremlin Nob","floor":10,"turns":3}],"seed_played":"-5843963838391294044","potions_obtained":[{"floor":2.0,"key":"Dexterity Potion"},{"floor":3.0,"key":"Fruit Juice"},{"floor":3.0,"key":"Poison Potion"},{"floor":3.0,"key":"EssenceOfSteel"},{"floor":4,"key":"AttackPotion"}],"is_trial":false,"path_per_floor":["M","M","?","M","?","E","?","E","T","E"],"character_chosen":"THE_SILENT","items_purchased":[],"campfire_rested":0,"item_purchase_floors":[],"current_hp_per_floor":[61,61,66,61,50,31,31,18,18,0,0],"gold":317,"neow_bonus":"TEN_PERCENT_HP_BONUS","is_daily":false,"chose_seed":false,"campfire_upgraded":0,"win_rate":0.0,"timestamp":1609181485,"path_taken":["M","M","?","?","?","E","?","E","T","E"],"items_purchased_type":[],"build_version":"2020-12-22","purchased_purges":0,"victory":false,"max_hp_per_floor":[77,77,82,82,82,82,76,76,76,76,76],"card_choices":[{"not_picked":["Outmaneuver","Dagger Spray","Acrobatics"],"picked":"SKIP","floor":1.0},{"not_picked":["Calculated Gamble","Escape Plan"],"picked":"Noxious Fumes","floor":2.0},{"not_picked":["Eviscerate","Slice","Dagger Spray"],"picked":"SKIP","floor":4},{"not_picked":["Concentrate","Blade Dance"],"picked":"Bouncing Flask","floor":6},{"not_picked":["Flying Knee","Backflip","Underhanded Strike"],"picked":"SKIP","floor":8}],"player_experience":144320,"relics_obtained":[{"floor":6,"key":"Blood Vial"},{"floor":8,"key":"Bag of Marbles"},{"floor":9,"key":"Smiling Mask"}],"event_choices":[{"damage_healed":0.0,"max_hp_gain":0.0,"max_hp_loss":0.0,"gold_gain":0.0,"event_name":"Lab","player_choice":"Got Potions","floor":3.0,"gold_loss":0.0,"damage_taken":0.0},{"damage_healed":0,"gold_gain":75,"player_choice":"Gather Gold","damage_taken":11,"max_hp_gain":0,"max_hp_loss":0,"event_name":"World of Goop","floor":5,"gold_loss":0},{"damage_healed":0,"gold_gain":0,"player_choice":"Lose Max HP","damage_taken":0,"relics_obtained":["Golden Idol"],"max_hp_gain":0,"max_hp_loss":6,"event_name":"Golden Idol","floor":7,"gold_loss":0}],"is_beta":false,"boss_relics":[],"items_purged_floors":[],"is_endless":false,"potions_floor_spawned":[2,4],"killed_by":"Gremlin Nob","ascension_level":2}}