{"host":"iak1zw6udsaqx1iy","time":1609150995,"event":{"mods":["Act Like it!","BaseMod","Gensokyo","Minty Spire (QoL Compilation)","Remilia（蕾米莉亚）","Replay The Spire","StSLib","The Alterego","The Cursed","The Servant 0.9.4","WarShipGirlsR/战舰少女R mod","Youmu（魂魄妖梦）"],"gold_per_floor":[112,132,132,143,157,157,176,205,229,262,262,297,297,376,376,519,519,583,583,583,40,88,146,146,146,146,231,257,304,366,437,437,499,499,671,671,742,742,148,222,291,383,497,562,585,664,664,743,743,743,743,795,795,807,807,807,79,165,191,191],"floor_reached":59,"playtime":5144,"items_purged":[],"score":1285,"play_id":"60ac39b3-2694-47b5-84ca-7cf6e0cf4ed6","local_time":"20201228182315","is_ascension_mode":true,"campfire_choices":[{"data":"TheWorld","floor":6.0,"key":"SMITH"},{"data":"Starlight","floor":11.0,"key":"SMITH"},{"data":"Defy","floor":13.0,"key":"SMITH"},{"data":"Solidify","floor":15.0,"key":"SMITH"},{"floor":24.0,"key":"RECALL"},{"data":"Advance","floor":32.0,"key":"SMITH"},{"data":"Advance","floor":34.0,"key":"SMITH"},{"data":"Gensokyo:SevenSchoolMysteries","floor":56.0,"key":"SMITH"}],"circlet_count":0,"master_deck":["Strike_S","Strike_S","Strike_S","Strike_S","Defend_S","Defend_S","KidneyShot","Exchange","TheWorld+1","Defy+1","Barrier+1","Advance+1","KidneyShot+1","Potential","Potential","TimeWarp+1","ShatteredReality","Starlight+1","BottledTime","Solidify+1","Deny+1","Starlight","TimeWarp+1","Advance+1","Finesse","Luminosity","Moonlight","Comet+1","Rearm+1","SurpressingFire+1","BottledTime+1","StarChef+1","Embodiment+1","FastForward+1","Gensokyo:SevenSchoolMysteries+1","Rearm","Replace+1","Sabotage+1","Luminosity+1","Pot Of Greed","Pot Of Greed","Pot Of Greed","Pot Of Greed","Rewind+1","Ricochet+1","DualDimension+1","Foresight","Contraction+1","Desolation+1","Pot Of Greed+1","ShatteredReality+1","Revamp+1","FastForward+1","SurpressingFire+1","Panacea+1","DoubleEdge+1"],"relics":["Uniform","Nunchaku","Replay:Bandana","CeramicFish","Painkiller Herb","Guide Book","Ancient Tea Set","Blue Doll","Replay:Baseball","Whetstone","Chameleon Ring","Philosopher\u0027s Stone","DollysMirror","Medical Kit","Potion Belt","Gambling Chip","Grinning Jar","Juzu Bracelet","Bronze Scales","Art of War","HandDrill","Golden Egg","ReplayTheSpireMod:Lightbulb"],"acts_visited":["Exordium","TheCity","TheCity","TheEnding"],"potions_floor_usage":[59,59,59],"damage_taken":[{"damage":0.0,"enemies":"2 Louse","floor":1.0,"turns":2.0},{"damage":0.0,"enemies":"Cultist","floor":2.0,"turns":3.0},{"damage":0.0,"enemies":"Jaw Worm","floor":4.0,"turns":6.0},{"damage":2.0,"enemies":"Large Slime","floor":5.0,"turns":6.0},{"damage":0.0,"enemies":"Exordium Thugs","floor":7.0,"turns":4.0},{"damage":0.0,"enemies":"3 Sentries","floor":8.0,"turns":7.0},{"damage":4.0,"enemies":"Replay:BlueRogue","floor":10.0,"turns":5.0},{"damage":0.0,"enemies":"2 Fungi Beasts","floor":12.0,"turns":3.0},{"damage":0.0,"enemies":"3 Sentries","floor":14.0,"turns":4.0},{"damage":0.0,"enemies":"Slime Boss","floor":16.0,"turns":4.0},{"damage":0.0,"enemies":"3 Byrds","floor":18.0,"turns":3.0},{"damage":0.0,"enemies":"Spheric Guardian","floor":22.0,"turns":1.0},{"damage":0.0,"enemies":"Replay:Snechameleon","floor":23.0,"turns":1.0},{"damage":0.0,"enemies":"Gremlin Leader","floor":27.0,"turns":3.0},{"damage":0.0,"enemies":"Snake Plant","floor":29.0,"turns":2.0},{"damage":0.0,"enemies":"Sentry and Sphere","floor":30.0,"turns":2.0},{"damage":2.0,"enemies":"Replay:Snechameleon","floor":31.0,"turns":3.0},{"damage":0.0,"enemies":"Centurion and Healer","floor":33.0,"turns":2.0},{"damage":2.0,"enemies":"Collector","floor":35.0,"turns":6.0},{"damage":0.0,"enemies":"Gensokyo:3_Bats","floor":37.0,"turns":3.0},{"damage":0.0,"enemies":"Gensokyo:3_Boulders","floor":40.0,"turns":3.0},{"damage":0.0,"enemies":"Gensokyo:SeedOfUnknown","floor":41.0,"turns":2.0},{"damage":0.0,"enemies":"Gensokyo:Doremy","floor":42.0,"turns":4.0},{"damage":4.0,"enemies":"Gensokyo:4_Bats","floor":43.0,"turns":3.0},{"damage":0.0,"enemies":"Gensokyo:AtlasGolem","floor":44.0,"turns":4.0},{"damage":0.0,"enemies":"Gensokyo:Marisa","floor":46.0,"turns":5.0},{"damage":0.0,"enemies":"Gensokyo:Doremy","floor":48.0,"turns":5.0},{"damage":0.0,"enemies":"Gensokyo:Sharpion","floor":52.0,"turns":2.0},{"damage":15.0,"enemies":"Gensokyo:Shinki","floor":54.0,"turns":9.0},{"damage":0.0,"enemies":"Shield and Spear","floor":58.0,"turns":3.0},{"damage":97,"enemies":"The Heart","floor":59,"turns":3}],"seed_played":"7078499024216506015","potions_obtained":[{"floor":2.0,"key":"Toxic Potion"},{"floor":5.0,"key":"Strength Potion"},{"floor":7.0,"key":"SteroidPotion"},{"floor":10.0,"key":"SteroidPotion"},{"floor":18.0,"key":"Swift Potion"},{"floor":23.0,"key":"Death Potion"},{"floor":29.0,"key":"Death Potion"},{"floor":35.0,"key":"SpeedPotion"},{"floor":40.0,"key":"Adrenaline Potion"},{"floor":43.0,"key":"AttackPotion"},{"floor":47.0,"key":"FairyPotion"},{"floor":47.0,"key":"Dexterity Potion"},{"floor":48.0,"key":"Swift Potion"},{"floor":52.0,"key":"Energy Potion"},{"floor":58.0,"key":"Elixir"}],"is_trial":false,"path_per_floor":["M","M","?","M","M","R","M","E","T","E","R","M","R","E","R","B",null,"?","?","?","T","?","E","T","PTL","PTL","E","T","?","?","E","T","?","T","B",null,"?","?","COS","?","?","E","?","?","T","E","T","E","PTL","PTL","?","?","T","B",null,"T","T","E","B"],"character_chosen":"THE_SERVANT","items_purchased":["TimeWarp+1","Advance","Guide Book","Ancient Tea Set","Finesse","Luminosity","HandDrill","Venom Potion","Golden Egg","Desolation+1","ShatteredReality","Revamp","FastForward","SurpressingFire","Panacea"],"campfire_rested":0,"item_purchase_floors":[21,21,21,21,21,21,57,57,57,57,57,57,57,57,57],"current_hp_per_floor":[65,65,65,65,63,63,63,63,63,59,59,59,59,59,59,59,65,65,65,65,65,65,65,65,65,65,65,65,65,65,63,63,63,63,61,65,65,65,65,65,65,65,61,61,61,61,61,61,61,61,61,61,65,50,65,65,65,65,0,0],"gold":191,"neow_bonus":"ONE_RANDOM_RARE_CARD","is_daily":false,"chose_seed":false,"campfire_upgraded":7,"win_rate":0.0,"timestamp":1609150995,"path_taken":["M","M","?","?","M","R","M","E","T","E","R","M","R","E","R","BOSS","?","?","?","T","?","E","T","PTL","PTL","E","T","?","?","E","T","?","T","BOSS","?","?","COS","?","?","E","?","?","T","E","T","E","PTL","PTL","?","?","T","BOSS","T","T","E","BOSS"],"items_purchased_type":["Card","Card","Relic","Relic","Card","Card","Relic","Potion","Relic","Card","Card","Card","Card","Card","Card"],"build_version":"2020-12-22","purchased_purges":0,"victory":false,"max_hp_per_floor":[65,65,65,65,65,65,65,65,65,65,65,65,65,65,65,65,65,65,65,65,65,65,65,65,65,65,65,65,65,65,65,65,65,65,65,65,65,65,65,65,65,65,65,65,65,65,65,65,65,65,65,65,65,65,65,65,65,65,65,65],"card_choices":[{"not_picked":["BottledTime","Reset"],"picked":"Defy","floor":1.0},{"not_picked":["Replace","FastForward"],"picked":"Barrier","floor":2.0},{"not_picked":["Rearm","Reset"],"picked":"Potential","floor":4.0},{"not_picked":["BottledTime","Gouge"],"picked":"Potential","floor":5.0},{"not_picked":["Rewind","Rearm"],"picked":"TimeWarp","floor":7.0},{"not_picked":["GearUp","Potential"],"picked":"ShatteredReality","floor":8.0},{"not_picked":["Gouge","ShatteredReality"],"picked":"Starlight","floor":10.0},{"not_picked":["Barrier","Replace"],"picked":"BottledTime","floor":12.0},{"not_picked":["FanOfKnives","TimeWarp"],"picked":"Solidify","floor":14.0},{"not_picked":["MurderousAura","Duplication"],"picked":"Deny","floor":16.0},{"not_picked":["FanOfKnives","Defy"],"picked":"Starlight","floor":18.0},{"not_picked":["Rewind","Starlight"],"picked":"Moonlight","floor":22.0},{"not_picked":["Snipe+1","Potential"],"picked":"Comet+1","floor":23.0},{"not_picked":["Replace","Gouge+1"],"picked":"Rearm+1","floor":27.0},{"not_picked":["Misdirection","Unruled"],"picked":"SurpressingFire+1","floor":29.0},{"not_picked":["BottledTime","Rewind"],"picked":"InstantArmor+1","floor":30.0},{"not_picked":["FanOfKnives","Sabotage"],"picked":"BottledTime+1","floor":31.0},{"not_picked":["BottledTime+1","Revamp"],"picked":"StarChef+1","floor":33.0},{"not_picked":["ForgedInTime","MurderousAura"],"picked":"Embodiment","floor":35.0},{"not_picked":["ShatteredReality+1","Starlight"],"picked":"FastForward+1","floor":37.0},{"not_picked":["Spin+1","ForgedInTime"],"picked":"Rearm","floor":40.0},{"not_picked":["WasteNot","FastForward+1"],"picked":"Replace+1","floor":41.0},{"not_picked":["Misdirection+1","Alleviate+1"],"picked":"Sabotage+1","floor":42.0},{"not_picked":["Shuttle","TimeWarp"],"picked":"Luminosity+1","floor":42.0},{"not_picked":["Spin","Hightail"],"picked":"Rewind+1","floor":43.0},{"not_picked":["Advance+1","TimeWarp"],"picked":"Ricochet+1","floor":44.0},{"not_picked":["Collapse","Sabotage+1"],"picked":"DualDimension+1","floor":46.0},{"not_picked":["Spin+1","SoulSculpture"],"picked":"Foresight","floor":48.0},{"not_picked":["Spin+1","Revamp+1"],"picked":"Contraction+1","floor":52.0},{"not_picked":["Starlight+1","Advance+1"],"picked":"DoubleEdge+1","floor":58.0}],"player_experience":283589,"relics_obtained":[{"floor":8.0,"key":"Nunchaku"},{"floor":10.0,"key":"Replay:Bandana"},{"floor":14.0,"key":"CeramicFish"},{"floor":23.0,"key":"Blue Doll"},{"floor":27.0,"key":"Replay:Baseball"},{"floor":28.0,"key":"Whetstone"},{"floor":31.0,"key":"Chameleon Ring"},{"floor":42.0,"key":"Gambling Chip"},{"floor":45.0,"key":"Juzu Bracelet"},{"floor":46.0,"key":"Bronze Scales"},{"floor":48.0,"key":"Art of War"},{"floor":58.0,"key":"ReplayTheSpireMod:Lightbulb"}],"event_choices":[{"damage_healed":0.0,"max_hp_gain":0.0,"max_hp_loss":0.0,"gold_gain":0.0,"event_name":"Match and Keep!","player_choice":"2 cards matched","floor":3.0,"gold_loss":0.0,"damage_taken":0.0,"cards_obtained":["Advance","KidneyShot"]},{"damage_healed":0.0,"max_hp_gain":0.0,"max_hp_loss":0.0,"gold_gain":0.0,"event_name":"Beggar","player_choice":"Ignored","floor":19.0,"gold_loss":0.0,"damage_taken":0.0},{"damage_healed":0.0,"max_hp_gain":0.0,"max_hp_loss":0.0,"gold_gain":0.0,"event_name":"Lab","player_choice":"Got Potions","floor":20.0,"gold_loss":0.0,"damage_taken":0.0}],"is_beta":false,"boss_relics":[{"not_picked":["Coffee Dripper","Velvet Choker"],"picked":"Painkiller Herb"},{"not_picked":["Runic Dome","Empty Cage"],"picked":"Philosopher\u0027s Stone"}],"items_purged_floors":[],"is_endless":false,"potions_floor_spawned":[2,5,7,10,18,23,29,35,40,43,48,52,58],"killed_by":"The Heart","ascension_level":1}}