{"host":"1eo5f82aifdzd7pr","time":1609145607,"event":{"mods":["AchievementEnabler","BaseMod","Colored Map","Colored Powertips","DeckTracker","Minty Spire (QoL Compilation)","SuperFastMode","The Servant 0.9.4"],"gold_per_floor":[109,128,141,141,141,141,156,156,182,182,201,201,217,251,251,349,349,361,378,403,421,437,437,471,471,471,497,497,510,510,527,527,631,631,647,869,919,935,953,953,953,953,953,968,968,981,368,378,378,378],"floor_reached":51,"playtime":3290,"items_purged":["Strike_S"],"score":845,"play_id":"b3e12215-751d-4c59-80ba-cc3e8f5feef5","local_time":"20201228105327","is_ascension_mode":true,"campfire_choices":[{"data":"Exchange","floor":6,"key":"SMITH"},{"data":"ShatteredReality","floor":8,"key":"SMITH"},{"data":"Rewind","floor":10,"key":"SMITH"},{"data":"Starlight","floor":12,"key":"SMITH"},{"data":"BottledTime","floor":15,"key":"SMITH"},{"data":"LightFlow","floor":23,"key":"SMITH"},{"floor":25,"key":"REST"},{"data":"Shuttle","floor":28,"key":"SMITH"},{"floor":32,"key":"REST"},{"data":"Luminosity","floor":40,"key":"SMITH"},{"data":"KidneyShot","floor":42,"key":"SMITH"},{"data":"TimeTheft","floor":45,"key":"SMITH"},{"data":"Alleviate","floor":49,"key":"SMITH"}],"circlet_count":0,"master_deck":["Strike_S","Defend_S","Defend_S","Defend_S","KidneyShot+1","Exchange+1","ShatteredReality+1","Luminosity+1","Starlight+1","Rewind+1","BottledTime+1","TimeTheft+1","LightFlow+1","SpecialFormula","TimeTheft","BottledTime+1","BottledTime","Shuttle+1","SurpressingFire+1","MurderousAura","GearUp+1","BottledTime","BottledTime","Alleviate+1","Shuttle+1","Barrier+1"],"relics":["SplendidAttire","Orichalcum","Pen Nib","Busted Crown","Red Mask","StrikeDummy","Gambling Chip","Centennial Puzzle","Incense Burner","Toxic Egg 2","Orrery","Ancient Tea Set","Dream Catcher"],"acts_visited":["Exordium","TheCity","TheBeyond"],"potions_floor_usage":[16,20,27,33,33,37,50,50,50],"damage_taken":[{"damage":4,"enemies":"Jaw Worm","floor":1,"turns":4},{"damage":7,"enemies":"2 Louse","floor":2,"turns":3},{"damage":0,"enemies":"Cultist","floor":3,"turns":3},{"damage":2,"enemies":"Looter","floor":7,"turns":3},{"damage":7,"enemies":"Blue Slaver","floor":11,"turns":2},{"damage":3,"enemies":"2 Fungi Beasts","floor":13,"turns":3},{"damage":6,"enemies":"Gremlin Nob","floor":14,"turns":3},{"damage":29,"enemies":"The Guardian","floor":16,"turns":12},{"damage":11,"enemies":"3 Byrds","floor":18,"turns":4},{"damage":10,"enemies":"Shell Parasite","floor":19,"turns":4},{"damage":2,"enemies":"Masked Bandits","floor":20,"turns":2},{"damage":5,"enemies":"Chosen and Byrds","floor":21,"turns":4},{"damage":14,"enemies":"Sentry and Sphere","floor":22,"turns":4},{"damage":15,"enemies":"Book of Stabbing","floor":24,"turns":3},{"damage":19,"enemies":"Slavers","floor":27,"turns":3},{"damage":11,"enemies":"Shelled Parasite and Fungi","floor":29,"turns":3},{"damage":12,"enemies":"Snake Plant","floor":31,"turns":2},{"damage":8,"enemies":"Automaton","floor":33,"turns":4},{"damage":10,"enemies":"3 Darklings","floor":35,"turns":3},{"damage":0,"enemies":"Mind Bloom Boss Battle","floor":37,"turns":4},{"damage":6,"enemies":"Orb Walker","floor":38,"turns":2},{"damage":0,"enemies":"4 Shapes","floor":39,"turns":6},{"damage":0,"enemies":"Maw","floor":44,"turns":7},{"damage":0,"enemies":"3 Darklings","floor":46,"turns":3},{"damage":0,"enemies":"Transient","floor":48,"turns":5},{"damage":0,"enemies":"Awakened One","floor":50,"turns":14}],"seed_played":"-1547329616571815278","potions_obtained":[{"floor":7,"key":"Dexterity Potion"},{"floor":11,"key":"BlessingOfTheForge"},{"floor":13,"key":"Swift Potion"},{"floor":14,"key":"Regen Potion"},{"floor":20,"key":"Ancient Potion"},{"floor":22,"key":"SpeedPotion"},{"floor":24,"key":"Explosive Potion"},{"floor":27,"key":"AttackPotion"},{"floor":33,"key":"Weak Potion"},{"floor":44,"key":"Swift Potion"}],"is_trial":false,"path_per_floor":["M","M","M","?","?","R","M","R","T","R","M","R","M","E","R","B",null,"M","M","?","M","M","R","E","R","T","E","R","M","?","M","R","B",null,"M","?","?","M","M","R","?","R","T","M","R","M","$","M","R","B",null],"character_chosen":"THE_SERVANT","items_purchased":["Orrery","Ancient Tea Set","Dream Catcher","LiquidBronze"],"campfire_rested":2,"item_purchase_floors":[47,47,47,47],"current_hp_per_floor":[67,60,60,60,65,65,63,63,63,63,56,56,53,47,47,18,76,65,55,58,58,49,49,34,56,56,42,42,36,36,24,46,50,76,71,71,76,70,75,75,75,75,75,76,76,76,76,76,76,76],"gold":378,"neow_bonus":"TEN_PERCENT_HP_BONUS","is_daily":false,"chose_seed":false,"campfire_upgraded":11,"win_rate":0.0,"timestamp":1609145607,"path_taken":["M","M","M","?","?","R","M","R","T","R","M","R","M","E","R","BOSS","M","M","?","M","M","R","E","R","T","E","R","M","?","M","R","BOSS","M","?","?","M","M","R","?","R","T","M","R","M","$","M","R","BOSS"],"items_purchased_type":["Relic","Relic","Relic","Potion"],"build_version":"2020-12-22","purchased_purges":1,"victory":true,"max_hp_per_floor":[71,71,71,71,76,76,76,76,76,76,76,76,76,76,76,76,76,76,76,76,76,76,76,76,76,76,76,76,76,76,76,76,76,76,76,76,76,76,76,76,76,76,76,76,76,76,76,76,76,76],"card_choices":[{"not_picked":["Spin","Unruled"],"picked":"ShatteredReality","floor":1},{"not_picked":["Revamp","FastForward"],"picked":"Luminosity","floor":2},{"not_picked":["Rearm","Spin"],"picked":"Starlight","floor":3},{"not_picked":["Unruled","SpecialFormula"],"picked":"Rewind","floor":7},{"not_picked":["Rewind","Spin","TimeWarp"],"picked":"SKIP","floor":11},{"not_picked":["Potential","Rewind"],"picked":"BottledTime","floor":13},{"not_picked":["Replace","Sabotage"],"picked":"TimeTheft","floor":14},{"not_picked":["Deny","Initiator"],"picked":"LightFlow","floor":16},{"not_picked":[],"picked":"SpecialFormula","floor":18},{"not_picked":["TimeWarp"],"picked":"SKIP","floor":19},{"not_picked":[],"picked":"TimeTheft","floor":20},{"not_picked":[],"picked":"BottledTime+1","floor":21},{"not_picked":[],"picked":"BottledTime","floor":22},{"not_picked":["Revamp+1"],"picked":"SKIP","floor":24},{"not_picked":[],"picked":"Shuttle","floor":27},{"not_picked":["TimeWarp"],"picked":"SKIP","floor":29},{"not_picked":[],"picked":"SurpressingFire+1","floor":31},{"not_picked":[],"picked":"MurderousAura","floor":33},{"not_picked":[],"picked":"GearUp+1","floor":35},{"not_picked":[],"picked":"BottledTime","floor":37},{"not_picked":[],"picked":"BottledTime","floor":38},{"not_picked":["WasteNot"],"picked":"SKIP","floor":39},{"not_picked":["DoubleEdge"],"picked":"SKIP","floor":44},{"not_picked":[],"picked":"Shuttle+1","floor":46},{"not_picked":[],"picked":"Barrier+1","floor":48}],"player_experience":722002,"relics_obtained":[{"floor":9,"key":"Orichalcum"},{"floor":14,"key":"Pen Nib"},{"floor":20,"key":"Red Mask"},{"floor":24,"key":"StrikeDummy"},{"floor":26,"key":"Gambling Chip"},{"floor":27,"key":"Centennial Puzzle"},{"floor":37,"key":"Incense Burner"},{"floor":43,"key":"Toxic Egg 2"}],"event_choices":[{"cards_removed":["Strike_S"],"damage_healed":0,"gold_gain":0,"player_choice":"Forget","damage_taken":0,"max_hp_gain":0,"max_hp_loss":0,"event_name":"Living Wall","floor":4,"gold_loss":0},{"damage_healed":0,"gold_gain":0,"player_choice":"Donut","damage_taken":0,"max_hp_gain":5,"max_hp_loss":0,"event_name":"Big Fish","floor":5,"gold_loss":0},{"damage_healed":0,"gold_gain":0,"player_choice":"Fought Bandits","damage_taken":0,"max_hp_gain":0,"max_hp_loss":0,"event_name":"Masked Bandits","floor":20,"gold_loss":0},{"cards_removed":["Defend_S"],"damage_healed":0,"gold_gain":0,"player_choice":"Elegance","damage_taken":0,"max_hp_gain":0,"max_hp_loss":0,"event_name":"Back to Basics","floor":30,"gold_loss":0},{"damage_healed":0,"gold_gain":222,"player_choice":"Wore Mask","damage_taken":0,"max_hp_gain":0,"max_hp_loss":0,"event_name":"Tomb of Lord Red Mask","floor":36,"gold_loss":0},{"damage_healed":0,"gold_gain":0,"player_choice":"Fight","damage_taken":0,"max_hp_gain":0,"max_hp_loss":0,"event_name":"MindBloom","floor":37,"gold_loss":0},{"damage_healed":0,"gold_gain":0,"cards_transformed":["Strike_S"],"player_choice":"Transformed","damage_taken":0,"max_hp_gain":0,"max_hp_loss":0,"event_name":"Transmorgrifier","floor":41,"gold_loss":0,"cards_obtained":["Alleviate"]}],"is_beta":false,"boss_relics":[{"not_picked":["Runic Pyramid","Velvet Choker"],"picked":"Busted Crown"},{"not_picked":["Calling Bell","Cursed Key"],"picked":"SplendidAttire"}],"items_purged_floors":[47],"is_endless":false,"potions_floor_spawned":[7,11,13,14,20,22,24,27,33,44],"ascension_level":3}}