{"host":"qxeepl7ydvsgmfdb","time":1609175371,"event":{"mods":["AchievementEnabler","BaseMod","Colored Powertips","Minty Spire (QoL Compilation)","Quick Restart","slay the spire mod where everything is the same but ironclad has a cowboy hat"],"gold_per_floor":[113,113,175,225,22,22,72,72,72,137,148,165,17,91,91,190,190,203,253,338,388,401,401,417,417,417,467,482,482,26,52,52,150,150,162,212,484,384,434,434,501,511,511,511,529,529,564,633,633,633,633,633,189,189,189],"floor_reached":54,"playtime":1521,"items_purged":["Regret","Decay"],"score":696,"play_id":"577f3876-615a-438f-b1b1-35083e50ec0d","local_time":"20201228120931","is_ascension_mode":false,"campfire_choices":[{"data":"Zap","floor":6.0,"key":"SMITH"},{"data":"Dualcast","floor":8.0,"key":"SMITH"},{"data":"Electrodynamics","floor":15.0,"key":"SMITH"},{"data":"Redo","floor":23.0,"key":"SMITH"},{"floor":25.0,"key":"REST"},{"floor":29.0,"key":"REST"},{"floor":32.0,"key":"REST"},{"data":"Rainbow","floor":40.0,"key":"SMITH"},{"floor":44.0,"key":"RECALL"},{"floor":46.0,"key":"REST"},{"floor":49.0,"key":"REST"},{"data":"Chaos","floor":52.0,"key":"SMITH"}],"circlet_count":0,"master_deck":["Strike_B+1","Strike_B+1","Strike_B+1","Strike_B+1","Defend_B+1","Defend_B+1","Defend_B+1","Defend_B+1","Zap+1","Dualcast+1","Leap","Cold Snap","Chaos+1","Ball Lightning","Capacitor","Electrodynamics+1","Rainbow+1","Sweeping Beam","Static Discharge","Redo+1","Redo+1"],"relics":["Cracked Core","SsserpentHead","StoneCalendar","Anchor","Ornamental Fan","Odd Mushroom","Philosopher\u0027s Stone","Red Mask","Calipers","Nilry\u0027s Codex","Incense Burner","DataDisk","Bottled Flame","Regal Pillow","Pen Nib","Cauldron"],"acts_visited":["Exordium","TheCity","TheBeyond","TheEnding"],"potions_floor_usage":[54],"damage_taken":[{"damage":5.0,"enemies":"Jaw Worm","floor":1.0,"turns":4.0},{"damage":1.0,"enemies":"Cultist","floor":3.0,"turns":3.0},{"damage":2.0,"enemies":"Small Slimes","floor":10.0,"turns":3.0},{"damage":10.0,"enemies":"Blue Slaver","floor":11.0,"turns":3.0},{"damage":3.0,"enemies":"Red Slaver","floor":12.0,"turns":3.0},{"damage":11.0,"enemies":"The Mushroom Lair","floor":14.0,"turns":4.0},{"damage":29.0,"enemies":"Hexaghost","floor":16.0,"turns":8.0},{"damage":0.0,"enemies":"Spheric Guardian","floor":18.0,"turns":1.0},{"damage":10.0,"enemies":"Masked Bandits","floor":20.0,"turns":3.0},{"damage":14.0,"enemies":"2 Thieves","floor":22.0,"turns":3.0},{"damage":14.0,"enemies":"Shelled Parasite and Fungi","floor":24.0,"turns":3.0},{"damage":8.0,"enemies":"Snake Plant","floor":28.0,"turns":3.0},{"damage":27.0,"enemies":"Book of Stabbing","floor":31.0,"turns":4.0},{"damage":14.0,"enemies":"Champ","floor":33.0,"turns":9.0},{"damage":10.0,"enemies":"Orb Walker","floor":35.0,"turns":3.0},{"damage":0.0,"enemies":"3 Shapes","floor":41.0,"turns":4.0},{"damage":41.0,"enemies":"Spire Growth","floor":45.0,"turns":5.0},{"damage":47.0,"enemies":"Reptomancer","floor":47.0,"turns":5.0},{"damage":0.0,"enemies":"4 Shapes","floor":48.0,"turns":2.0},{"damage":60.0,"enemies":"Donu and Deca","floor":50.0,"turns":8.0},{"damage":93,"enemies":"Shield and Spear","floor":54,"turns":6}],"seed_played":"8063162402758261534","potions_obtained":[{"floor":3.0,"key":"BlessingOfTheForge"},{"floor":10.0,"key":"EssenceOfSteel"},{"floor":11.0,"key":"Block Potion"},{"floor":24.0,"key":"SpeedPotion"},{"floor":28.0,"key":"FairyPotion"},{"floor":35.0,"key":"ColorlessPotion"},{"floor":42.0,"key":"SmokeBomb"},{"floor":42.0,"key":"PowerPotion"},{"floor":53.0,"key":"Fruit Juice"},{"floor":53.0,"key":"CultistPotion"}],"is_trial":false,"path_per_floor":["M","?","M","?","$","R","?","R","T","M","M","M","$","?","R","B",null,"M","?","?","?","M","R","M","R","T","?","M","R","$","E","R","B",null,"M","?","?","$","?","R","M","?","T","R","M","R","E","M","R","B",null,"R","$","E"],"character_chosen":"DEFECT","items_purchased":["Anchor","Cold Snap","Capacitor","Incense Burner","DataDisk","Fruit Juice","BlessingOfTheForge","Pen Nib","Cauldron"],"campfire_rested":5,"item_purchase_floors":[5,5,13,30,30,53,53,53,53],"current_hp_per_floor":[77,77,76,76,76,76,76,76,76,74,64,61,61,50,50,21,82,82,82,72,72,58,58,44,68,68,52,44,68,68,41,65,51,82,72,72,72,72,72,72,72,72,72,72,31,54,7,7,45,9,78,78,88,0,0],"gold":189,"neow_bonus":"TEN_PERCENT_HP_BONUS","is_daily":false,"chose_seed":false,"campfire_upgraded":6,"win_rate":0.0,"timestamp":1609175371,"path_taken":["M","?","?","?","$","R","?","R","T","?","M","M","$","?","R","BOSS","M","?","?","?","M","R","M","R","T","?","M","R","$","E","R","BOSS","M","?","?","$","?","R","?","?","T","R","M","R","E","?","R","BOSS","R","$","E"],"items_purchased_type":["Relic","Card","Card","Relic","Relic","Potion","Potion","Relic","Relic"],"build_version":"2020-12-22","purchased_purges":2,"victory":false,"max_hp_per_floor":[82,82,82,82,82,82,82,82,82,82,82,82,82,82,82,82,82,82,82,82,82,82,82,82,82,82,82,82,82,82,82,82,82,82,82,78,78,78,78,78,78,78,78,78,78,78,78,78,78,78,78,78,88,88,88],"card_choices":[{"not_picked":["Stack","Glacier","Turbo"],"picked":"SKIP","floor":1.0},{"not_picked":["Barrage","Turbo"],"picked":"Leap","floor":3.0},{"not_picked":["Steam","Turbo"],"picked":"Chaos","floor":10.0},{"not_picked":["Conserve Battery","Turbo"],"picked":"Melter","floor":11.0},{"not_picked":["Barrage","Conserve Battery"],"picked":"Ball Lightning","floor":12.0},{"not_picked":["Cold Snap","Capacitor"],"picked":"Electrodynamics","floor":14.0},{"not_picked":["Amplify","Seek"],"picked":"Rainbow","floor":16.0},{"not_picked":["Hologram","Compile Driver","Steam"],"picked":"SKIP","floor":18.0},{"not_picked":["Consume","Barrage"],"picked":"Sweeping Beam","floor":20.0},{"not_picked":["Compile Driver+1","Tempest"],"picked":"Redo","floor":22.0},{"not_picked":["Turbo","Barrage+1","Electrodynamics"],"picked":"SKIP","floor":24.0},{"not_picked":["Ball Lightning","Auto Shields","Blizzard+1"],"picked":"SKIP","floor":28.0},{"not_picked":["Genetic Algorithm","Rebound","Sweeping Beam+1"],"picked":"SKIP","floor":31.0},{"not_picked":["Hologram","Beam Cell"],"picked":"Redo+1","floor":35.0},{"not_picked":["Chaos","Stack","Barrage+1"],"picked":"SKIP","floor":41.0},{"not_picked":["Blizzard","Compile Driver+1","Cold Snap+1"],"picked":"SKIP","floor":45.0},{"not_picked":["Coolheaded","Auto Shields","Gash"],"picked":"SKIP","floor":47.0},{"not_picked":["Coolheaded","Force Field","Compile Driver"],"picked":"SKIP","floor":48.0}],"player_experience":417529,"relics_obtained":[{"floor":9.0,"key":"Ornamental Fan"},{"floor":14.0,"key":"Odd Mushroom"},{"floor":20.0,"key":"Red Mask"},{"floor":26.0,"key":"Calipers"},{"floor":27.0,"key":"Nilry\u0027s Codex"},{"floor":31.0,"key":"Bottled Flame"},{"floor":47.0,"key":"Regal Pillow"}],"event_choices":[{"damage_healed":0.0,"max_hp_gain":0.0,"max_hp_loss":0.0,"gold_gain":0.0,"event_name":"FaceTrader","player_choice":"Trade","floor":2.0,"gold_loss":0.0,"damage_taken":0.0,"relics_obtained":["SsserpentHead"]},{"damage_healed":0.0,"max_hp_gain":0.0,"max_hp_loss":0.0,"gold_gain":0.0,"event_name":"Big Fish","player_choice":"Box","floor":4.0,"gold_loss":0.0,"damage_taken":0.0,"relics_obtained":["StoneCalendar"],"cards_obtained":["Regret"]},{"damage_healed":0.0,"max_hp_gain":0.0,"max_hp_loss":0.0,"gold_gain":0.0,"event_name":"Wheel of Change","player_choice":"Cursed","floor":7.0,"gold_loss":0.0,"damage_taken":0.0,"cards_obtained":["Decay"]},{"damage_healed":0.0,"max_hp_gain":0.0,"max_hp_loss":0.0,"gold_gain":0.0,"event_name":"Mushrooms","player_choice":"Fought Mushrooms","floor":14.0,"gold_loss":0.0,"damage_taken":0.0},{"damage_healed":0.0,"max_hp_gain":0.0,"max_hp_loss":0.0,"gold_gain":0.0,"event_name":"Back to Basics","player_choice":"Simplicity","floor":19.0,"gold_loss":0.0,"damage_taken":0.0,"cards_upgraded":["Strike_B","Strike_B","Strike_B","Strike_B","Defend_B","Defend_B","Defend_B","Defend_B"]},{"damage_healed":0.0,"max_hp_gain":0.0,"max_hp_loss":0.0,"gold_gain":0.0,"event_name":"Masked Bandits","player_choice":"Fought Bandits","floor":20.0,"gold_loss":0.0,"damage_taken":0.0},{"damage_healed":0.0,"max_hp_gain":0.0,"max_hp_loss":0.0,"gold_gain":0.0,"event_name":"The Library","player_choice":"Read","floor":21.0,"gold_loss":0.0,"damage_taken":0.0,"cards_obtained":["Static Discharge"]},{"damage_healed":0.0,"max_hp_gain":0.0,"max_hp_loss":0.0,"gold_gain":0.0,"event_name":"Cursed Tome","player_choice":"Obtained Book","floor":27.0,"gold_loss":0.0,"damage_taken":16.0},{"damage_healed":0.0,"max_hp_gain":0.0,"max_hp_loss":4.0,"gold_gain":0.0,"event_name":"Winding Halls","player_choice":"Max HP","floor":36.0,"gold_loss":0.0,"damage_taken":0.0},{"damage_healed":0.0,"max_hp_gain":0.0,"max_hp_loss":0.0,"gold_gain":222.0,"event_name":"Tomb of Lord Red Mask","player_choice":"Wore Mask","floor":37.0,"gold_loss":0.0,"damage_taken":0.0},{"cards_removed":["Melter"],"damage_healed":0.0,"max_hp_gain":0.0,"max_hp_loss":0.0,"gold_gain":0.0,"event_name":"Falling","player_choice":"Removed Attack","floor":39.0,"gold_loss":0.0,"damage_taken":0.0},{"damage_healed":0.0,"max_hp_gain":0.0,"max_hp_loss":0.0,"gold_gain":0.0,"event_name":"The Woman in Blue","player_choice":"Bought 3 Potions","floor":42.0,"gold_loss":0.0,"damage_taken":0.0}],"is_beta":false,"boss_relics":[{"not_picked":["Busted Crown","Sozu"],"picked":"Philosopher\u0027s Stone"},{"not_picked":["Snecko Eye","Fusion Hammer","Runic Pyramid"]}],"items_purged_floors":[13,38],"is_endless":false,"potions_floor_spawned":[3,10,11,24,28,31,35,41],"killed_by":"Shield and Spear","ascension_level":0}}