{"host":"igi9xpgoc000gxf5","time":1609191243,"event":{"mods":["BaseMod","Colored Powertips","Downfall","Googly Eyes","Minty Spire (QoL Compilation)","StSLib"],"gold_per_floor":[99,114,214,233,333,508,535,35,106,106,126,75,75,9,20,115,115,40,140,160,172,183,183,183,183,215,226,246,246,275,289,301,301,301,301],"floor_reached":33,"playtime":2309,"items_purged":["Doubt"],"score":352,"play_id":"1a2ace9a-e56f-47d3-bbfb-7bb48d7326ae","local_time":"20201228223403","is_ascension_mode":false,"campfire_choices":[{"data":"champ:Taunt","floor":1,"key":"SMITH"},{"data":"champ:IgnorePain","floor":18,"key":"SMITH"},{"floor":23,"key":"REST"},{"floor":29,"key":"REST"}],"circlet_count":0,"master_deck":["champ:Strike","champ:Strike","champ:Strike","champ:Strike","champ:Defend","champ:Defend","champ:Defend","champ:Defend","champ:Execute","champ:Taunt+1","champ:GladiatorStyle","champ:Circumvent","champ:FlashCut","champ:TornadoPunch","champ:Aggression+1","champ:PerfectedStrike","expansioncontent:GuardianWhirl","champ:Circumvent","champ:Balance","champ:CalledShot","champ:SteelEdge","champ:StanceDance","champ:IronFortress","champ:Lariat","champ:IgnorePain+1","CurseOfTheBell","champ:Control+1","champ:GladiatorStyle","champ:Control+1","champ:Control","champ:DefensiveStyle","champ:TornadoPunch","champ:CrookedStrike","champ:TornadoPunch","champ:Backstep","champ:TornadoPunch+1"],"relics":["champ:ChampionCrown","CloakClasp","Vajra","Membership Card","Letter Opener","Bag of Preparation","Calling Bell","Darkstone Periapt","Du-Vu Doll","downfall:HeartBlessingBlue","White Beast Statue","Gremlin Horn","downfall:RedIOU","Peace Pipe","Potion Belt"],"acts_visited":["Exordium","TheCity"],"potions_floor_usage":[16,16,16,20,22,26,33,33,33,33,33],"damage_taken":[{"damage":5,"enemies":"Small Slimes","floor":2,"turns":3},{"damage":85,"enemies":"Small Slimes","floor":3,"turns":12},{"damage":0,"enemies":"2 Louse","floor":4,"turns":4},{"damage":2,"enemies":"downfall:FleeingMerchant","floor":8,"turns":4},{"damage":0,"enemies":"Jaw Worm","floor":11,"turns":3},{"damage":2,"enemies":"downfall:FleeingMerchant","floor":12,"turns":4},{"damage":4,"enemies":"downfall:FleeingMerchant","floor":14,"turns":4},{"damage":0,"enemies":"3 Louse","floor":15,"turns":1},{"damage":25,"enemies":"downfall:Silent","floor":16,"turns":7},{"damage":39,"enemies":"downfall:LadyInBlue","floor":19,"turns":9},{"damage":7,"enemies":"Shell Parasite","floor":20,"turns":5},{"damage":16,"enemies":"Spheric Guardian","floor":21,"turns":4},{"damage":12,"enemies":"Centurion and Healer","floor":22,"turns":8},{"damage":47,"enemies":"Book of Stabbing","floor":26,"turns":8},{"damage":0,"enemies":"3 Cultists","floor":27,"turns":3},{"damage":23,"enemies":"Shelled Parasite and Fungi","floor":28,"turns":5},{"damage":26,"enemies":"Slavers","floor":30,"turns":7},{"damage":7,"enemies":"Cultist and Chosen","floor":31,"turns":3},{"damage":6,"enemies":"Sentry and Sphere","floor":32,"turns":6},{"damage":35,"enemies":"downfall:Watcher","floor":33,"turns":8}],"seed_played":"-1651511354264034054","potions_obtained":[{"floor":3,"key":"champ:CounterPotion"},{"floor":4,"key":"champ:UltimateStancePotion"},{"floor":15,"key":"Guardian:BlockOnCardUsePotion"},{"floor":16,"key":"DistilledChaos"},{"floor":19,"key":"Regen Potion"},{"floor":19,"key":"Ancient Potion"},{"floor":20,"key":"champ:CounterPotion"},{"floor":22,"key":"Strength Potion"},{"floor":26,"key":"SkillPotion"},{"floor":28,"key":"EssenceOfSteel"},{"floor":30,"key":"LiquidMemories"},{"floor":31,"key":"sneckomod:MuddlingPotion"}],"is_trial":false,"path_per_floor":["R","M","?","M","?","?","T","$","T","?","M","$","?","$","M","B",null,"R","?","M","M","M","R","T","?","E","M","M","R","E","M","M","B"],"character_chosen":"THE_CHAMP","items_purchased":["Membership Card","Letter Opener","Bag of Preparation","champ:Aggression","champ:PerfectedStrike","expansioncontent:GuardianWhirl","champ:CalledShot","champ:StanceDance","champ:IronFortress"],"campfire_rested":2,"item_purchase_floors":[8,8,8,8,8,8,12,14,14],"current_hp_per_floor":[99,99,34,34,34,34,34,32,32,32,32,32,32,28,28,8,99,109,75,70,54,42,74,74,74,32,32,29,61,35,34,28,0,0,0],"gold":301,"neow_bonus":"TEN_PERCENT_HP_BONUS","is_daily":false,"chose_seed":false,"campfire_upgraded":2,"win_rate":0.0,"timestamp":1609191243,"path_taken":["R","M","?","M","?","?","T","$","?","?","?","$","?","?","M","BOSS","R","?","M","M","?","R","T","?","E","M","M","R","E","M","M","BOSS"],"items_purchased_type":["Relic","Relic","Relic","Card","Card","Card","Card","Card","Card"],"build_version":"2020-12-22","purchased_purges":1,"victory":false,"max_hp_per_floor":[99,99,99,99,99,99,99,99,99,99,99,99,99,99,99,99,99,109,109,109,109,109,109,109,109,109,109,109,109,109,109,109,109,109,109],"card_choices":[{"not_picked":["champ:Riposte","champ:BerserkersShout"],"picked":"champ:GladiatorStyle","floor":2},{"not_picked":["champ:BringItOn","champ:FalseCounter"],"picked":"champ:Circumvent","floor":3},{"not_picked":["champ:FocusedDefense","champ:BerserkersShout"],"picked":"champ:FlashCut","floor":4},{"not_picked":["champ:AdrenalArmor","champ:ShieldSigil"],"picked":"champ:TornadoPunch","floor":8},{"not_picked":["champ:ViciousMockery","champ:RecklessLeap"],"picked":"champ:Circumvent","floor":11},{"not_picked":["champ:FanOfKnives","champ:ShieldWall"],"picked":"champ:Balance","floor":12},{"not_picked":["champ:Aggression","champ:DeathBlow"],"picked":"champ:SteelEdge","floor":14},{"not_picked":["champ:AdrenalArmor","champ:ShieldSigil"],"picked":"champ:Lariat","floor":15},{"not_picked":["champ:Devastate","champ:CrownThrow"],"picked":"champ:IgnorePain","floor":16},{"not_picked":["champ:FlashCut","champ:PerfectedStrike"],"picked":"champ:Control+1","floor":19},{"not_picked":["champ:RecklessLeap+1","champ:PreciseThrust"],"picked":"champ:GladiatorStyle","floor":20},{"not_picked":["champ:Haymaker+1","champ:Shatter"],"picked":"champ:Control+1","floor":21},{"not_picked":["champ:BerserkersShout","champ:Circumvent"],"picked":"champ:Control","floor":22},{"not_picked":["champ:GutPunch","champ:FaceSlap+1"],"picked":"champ:DefensiveStyle","floor":26},{"not_picked":["champ:EndlessRage","champ:BerserkersShout"],"picked":"champ:TornadoPunch","floor":27},{"not_picked":["champ:SteelEdge","champ:DeathBlow+1"],"picked":"champ:CrookedStrike","floor":28},{"not_picked":["champ:DefensiveStyle+1","champ:Balance+1"],"picked":"champ:TornadoPunch","floor":30},{"not_picked":["champ:FocusedBerserking","champ:TornadoPunch"],"picked":"champ:Backstep","floor":31},{"not_picked":["champ:ArenaPreparation","champ:BerserkersShout"],"picked":"champ:TornadoPunch+1","floor":32}],"player_experience":908006,"relics_obtained":[{"floor":3,"key":"CloakClasp"},{"floor":7,"key":"Vajra"},{"floor":17,"key":"Art of War"},{"floor":17,"key":"Darkstone Periapt"},{"floor":17,"key":"Du-Vu Doll"},{"floor":19,"key":"White Beast Statue"},{"floor":24,"key":"Gremlin Horn"},{"floor":26,"key":"Peace Pipe"},{"floor":30,"key":"Potion Belt"}],"event_choices":[{"damage_healed":0,"gold_gain":0,"player_choice":"Grow","damage_taken":0,"max_hp_gain":0,"max_hp_loss":0,"event_name":"Living Wall","floor":10,"gold_loss":0,"cards_upgraded":["champ:Aggression"]},{"damage_healed":0,"gold_gain":0,"player_choice":"Ignored","damage_taken":0,"max_hp_gain":0,"max_hp_loss":0,"event_name":"NoteForYourself","floor":13,"gold_loss":0}],"is_beta":false,"boss_relics":[{"not_picked":["Astrolabe","Sozu"],"picked":"Calling Bell"}],"items_purged_floors":[8],"is_endless":false,"potions_floor_spawned":[3,4,15,16,20,21,22,26,27,28,30,31,32],"killed_by":"downfall:Watcher","ascension_level":0}}