{"host":"jqa9y4qkalbx8qgz","time":1609137544,"event":{"mods":["BaseMod","Bestiary","BetterRewards","CCEM","Downfall","Minty Spire (QoL Compilation)","Permanent Neow","Relic Stats","Replay The Spire","StSLib","The Alterego","Wandering Minibosses"],"gold_per_floor":[100,116,134,154,167,196,196,121,141,171,187,215,215,234,254,254,254],"floor_reached":16,"playtime":1420,"items_purged":[],"score":172,"play_id":"950d0822-ace4-445e-a78a-8ca5dd61a611","local_time":"20201228093904","is_ascension_mode":true,"campfire_choices":[{"data":"alterego_mod:BrynhildrsRune","floor":1,"key":"SMITH"},{"data":"alterego_mod:Impale","floor":8,"key":"SMITH"}],"circlet_count":0,"master_deck":["alterego_mod:Strike","alterego_mod:Strike","alterego_mod:Strike","alterego_mod:Strike","alterego_mod:Defend","alterego_mod:Defend","alterego_mod:Defend","alterego_mod:Defend","alterego_mod:Impale+1","alterego_mod:BigMeatyClaws","alterego_mod:BrynhildrsRune+1","alterego_mod:RingBreak","alterego_mod:Smother","alterego_mod:IndependentAction","alterego_mod:BrynhildrRomantia","alterego_mod:ChallengeComplete","alterego_mod:Table","alterego_mod:Pet","alterego_mod:DiscoLights"],"relics":["alterego_mod:MasochisticConstitution","Durian","downfall:HeartBlessingBlue","Blue Candle","Odd Mushroom","downfall:ShatteredFragment"],"acts_visited":["Exordium"],"potions_floor_usage":[12,16],"damage_taken":[{"damage":4,"enemies":"2 Louse","floor":2,"turns":5},{"damage":3,"enemies":"Small Slimes","floor":3,"turns":5},{"damage":10,"enemies":"Cultist","floor":4,"turns":4},{"damage":9,"enemies":"Blue Slaver","floor":5,"turns":9},{"damage":17,"enemies":"Lagavulin","floor":6,"turns":13},{"damage":19,"enemies":"Exordium Thugs","floor":9,"turns":9},{"damage":27,"enemies":"3 Sentries","floor":10,"turns":15},{"damage":8,"enemies":"Red Slaver","floor":11,"turns":5},{"damage":46,"enemies":"The Mushroom Lair","floor":12,"turns":8},{"damage":40,"enemies":"Gremlin Gang","floor":14,"turns":14},{"damage":2,"enemies":"Exordium Wildlife","floor":15,"turns":8},{"damage":65,"enemies":"downfall:Silent","floor":16,"turns":9}],"seed_played":"4714402883689297540","potions_obtained":[{"floor":3,"key":"Adrenaline Potion"},{"floor":6,"key":"SteroidPotion"},{"floor":9,"key":"Elixir"},{"floor":12,"key":"Guardian:BlockOnCardUsePotion"}],"is_trial":false,"path_per_floor":["R","M","M","M","M","E","T","R","M","E","M","?","?","M","M","B"],"character_chosen":"The_Alterego","items_purchased":[],"campfire_rested":0,"item_purchase_floors":[],"current_hp_per_floor":[70,71,72,63,62,58,58,68,70,71,74,59,44,45,64,0,0],"gold":254,"neow_bonus":"ONE_RANDOM_RARE_CARD","is_daily":false,"chose_seed":false,"campfire_upgraded":2,"win_rate":0.0,"timestamp":1609137544,"path_taken":["R","M","M","M","M","E","T","R","M","E","M","?","?","M","M","BOSS"],"items_purchased_type":[],"build_version":"2020-12-22","purchased_purges":0,"victory":false,"max_hp_per_floor":[70,71,72,73,74,80,80,90,97,103,107,117,117,130,137,137,137],"relic_stats":{"counters":[12,102],"Blue Candle":[0],"obtain_stats":[{"alterego_mod:MasochisticConstitution":0,"downfall:ShatteredFragment":13,"downfall:HeartBlessingBlue":8,"Blue Candle":10,"Durian":6,"Odd Mushroom":12},{"alterego_mod:MasochisticConstitution":0,"downfall:ShatteredFragment":9,"downfall:HeartBlessingBlue":5,"Blue Candle":7,"Durian":5,"Odd Mushroom":9},{"alterego_mod:MasochisticConstitution":0,"downfall:ShatteredFragment":71,"downfall:HeartBlessingBlue":34,"Blue Candle":58,"Durian":34,"Odd Mushroom":71}]},"card_choices":[{"not_picked":["alterego_mod:Cycle","alterego_mod:Stockings"],"picked":"alterego_mod:Smother","floor":2},{"not_picked":["alterego_mod:RocketPunch","alterego_mod:Clap","alterego_mod:Exercise"],"picked":"SKIP","floor":3},{"not_picked":["alterego_mod:Complex","alterego_mod:Collar","alterego_mod:Undulate"],"picked":"SKIP","floor":4},{"not_picked":["alterego_mod:PerceptionDisorder","alterego_mod:GachaTicket"],"picked":"alterego_mod:IndependentAction","floor":5},{"not_picked":["alterego_mod:HighServant","alterego_mod:1TonWallop"],"picked":"alterego_mod:BrynhildrRomantia","floor":6},{"not_picked":["alterego_mod:1TonWallop","alterego_mod:BiFurious"],"picked":"alterego_mod:ChallengeComplete","floor":9},{"not_picked":["alterego_mod:Swimsuit","alterego_mod:Cushion"],"picked":"alterego_mod:Table","floor":10},{"not_picked":["alterego_mod:GoddessCore","alterego_mod:Cycle","alterego_mod:Undulate"],"picked":"SKIP","floor":11},{"not_picked":["alterego_mod:BustOut","alterego_mod:Santa"],"picked":"alterego_mod:Pet","floor":14},{"not_picked":["alterego_mod:Maid","alterego_mod:Skirt"],"picked":"alterego_mod:DiscoLights","floor":15}],"player_experience":230933,"relics_obtained":[{"floor":6,"key":"Durian"},{"floor":10,"key":"Blue Candle"},{"floor":12,"key":"Odd Mushroom"}],"event_choices":[{"damage_healed":0,"gold_gain":0,"player_choice":"Fought Mushrooms","damage_taken":0,"max_hp_gain":0,"max_hp_loss":0,"event_name":"Mushrooms","floor":12,"gold_loss":0}],"is_beta":false,"boss_relics":[],"items_purged_floors":[],"is_endless":false,"potions_floor_spawned":[3,6,9,12,15],"killed_by":"downfall:Silent","ascension_level":1}}