{"host":"u1pme1jhvp02dnrz","time":1609121724,"event":{"mods":["AchievementEnabler","BaseMod","Bestiary","Colored Map","Colored Powertips","Highlight Path","Minty Spire (QoL Compilation)","Relic Stats"],"gold_per_floor":[99,99,99,114,131,131,146,146,146,146,161,176,186,212,212,212,212],"floor_reached":16,"playtime":1452,"items_purged":[],"score":114,"play_id":"6fbdd961-7ea2-4bd2-a070-f609e66b4ed0","local_time":"20201227211524","is_ascension_mode":true,"campfire_choices":[{"data":"Whirlwind","floor":6,"key":"SMITH"},{"floor":8,"key":"REST"},{"data":"Burning Pact","floor":10,"key":"SMITH"},{"floor":15,"key":"REST"}],"circlet_count":0,"master_deck":["Strike_R","Strike_R","Strike_R","Strike_R","Strike_R","Defend_R","Defend_R","Defend_R","Defend_R","Bash","Whirlwind+1","Burning Pact+1","Fire Breathing","Carnage+1","Pommel Strike+1","Heavy Blade+1","Twin Strike+1"],"relics":["Burning Blood","NeowsBlessing","Molten Egg 2","HornCleat"],"acts_visited":["Exordium"],"potions_floor_usage":[14,14,14,14,14,16],"damage_taken":[{"damage":0,"enemies":"Cultist","floor":1,"turns":1},{"damage":0,"enemies":"2 Louse","floor":4,"turns":1},{"damage":0,"enemies":"Small Slimes","floor":5,"turns":1},{"damage":39,"enemies":"3 Louse","floor":7,"turns":3},{"damage":29,"enemies":"Exordium Thugs","floor":11,"turns":5},{"damage":20,"enemies":"Exordium Wildlife","floor":12,"turns":4},{"damage":9,"enemies":"Red Slaver","floor":13,"turns":2},{"damage":22,"enemies":"Lagavulin","floor":14,"turns":5},{"damage":50,"enemies":"The Guardian","floor":16,"turns":9}],"seed_played":"1353047386717345752","potions_obtained":[{"floor":4,"key":"EntropicBrew"},{"floor":11,"key":"SkillPotion"},{"floor":12,"key":"PowerPotion"}],"is_trial":false,"path_per_floor":["M","?","$","M","M","R","M","R","T","R","M","M","M","E","R","B"],"character_chosen":"IRONCLAD","items_purchased":[],"campfire_rested":2,"item_purchase_floors":[],"current_hp_per_floor":[80,80,80,80,80,80,47,71,71,71,48,34,31,24,48,0,0],"gold":212,"neow_bonus":"THREE_ENEMY_KILL","is_daily":false,"chose_seed":false,"campfire_upgraded":2,"win_rate":0.0,"timestamp":1609121724,"path_taken":["M","?","$","M","M","R","M","R","T","R","M","M","M","E","R","BOSS"],"items_purchased_type":[],"build_version":"2020-12-22","purchased_purges":0,"victory":false,"max_hp_per_floor":[80,80,80,80,80,80,80,80,80,80,80,80,80,80,80,80,80],"relic_stats":{"counters":[9,31],"obtain_stats":[{"HornCleat":14,"NeowsBlessing":0,"Molten Egg 2":9,"Burning Blood":0},{"HornCleat":8,"NeowsBlessing":0,"Molten Egg 2":4,"Burning Blood":0},{"HornCleat":22,"NeowsBlessing":0,"Molten Egg 2":6,"Burning Blood":0}],"Burning Blood":30},"card_choices":[{"not_picked":["True Grit","Warcry","Thunderclap"],"picked":"SKIP","floor":1},{"not_picked":["Body Slam","Warcry"],"picked":"Whirlwind","floor":4},{"not_picked":["Wild Strike","Clothesline"],"picked":"Burning Pact","floor":5},{"not_picked":["Iron Wave","Dropkick"],"picked":"Fire Breathing","floor":7},{"not_picked":["Clash+1","Offering"],"picked":"Carnage+1","floor":11},{"not_picked":["Sentinel","True Grit"],"picked":"Pommel Strike+1","floor":12},{"not_picked":["Perfected Strike+1","Twin Strike+1"],"picked":"Heavy Blade+1","floor":13},{"not_picked":["Dark Embrace","Body Slam+1"],"picked":"Twin Strike+1","floor":14}],"player_experience":195641,"relics_obtained":[{"floor":9,"key":"Molten Egg 2"},{"floor":14,"key":"HornCleat"}],"event_choices":[{"damage_healed":0,"gold_gain":0,"player_choice":"Fled","damage_taken":0,"max_hp_gain":0,"max_hp_loss":0,"event_name":"Scrap Ooze","floor":2,"gold_loss":0}],"is_beta":false,"boss_relics":[],"items_purged_floors":[],"is_endless":false,"potions_floor_spawned":[4,11,12],"killed_by":"The Guardian","ascension_level":2}}