{"host":"1tl36azeqm6yhdgj","time":1609184336,"event":{"mods":["AchievementEnabler","BaseMod","Minty Spire (QoL Compilation)","StSLib","The IronCluck","everything is the same but u backflip on backflip"],"gold_per_floor":[18,32,51,65,11,44,44,44,44,9,42,42,73,73,73,145,145,115,165,184,231,248,273,273,300,349,349,349,382,397,428,428,506,506,516,24,36,50,50,50,75,125,125,150,150,150,180,230,230,230,230,230,17,45,45,45],"floor_reached":55,"playtime":3393,"items_purged":["Writhe"],"score":1684,"play_id":"09fbf376-8cfd-47fb-9511-4cb3e8645ec8","local_time":"20201228143856","is_ascension_mode":true,"campfire_choices":[{"data":"Fire Breathing","floor":8.0,"key":"SMITH"},{"data":"Twin Strike","floor":12.0,"key":"SMITH"},{"floor":15.0,"key":"REST"},{"data":"Corruption","floor":24.0,"key":"SMITH"},{"floor":32.0,"key":"REST"},{"floor":40.0,"key":"REST"},{"floor":46.0,"key":"RECALL"},{"floor":49.0,"key":"REST"},{"data":"Double Tap","floor":52.0,"key":"SMITH"}],"circlet_count":0,"master_deck":["AscendersBane","Strike_R","Strike_R","Strike_R","Strike_R","Strike_R","Defend_R","Defend_R","Defend_R","Defend_R","Bash","Thunderclap","Twin Strike+1","Disarm","Fire Breathing+1","Heavy Blade","Feel No Pain","Clash","Corruption+1","Clash+1","Shrug It Off+1","Uppercut","Iron Wave+1","Disarm","Disarm","Flame Barrier","Double Tap+1","Armaments+1","Reaper","CurseOfTheBell","Clothesline+1","Whirlwind","Body Slam","Pummel","Madness","Madness","Anger","Flash of Steel","The Bomb","HandOfGreed","Cleave+1","Power Through","Reckless Charge","Inflame","Flame Barrier"],"relics":["Burning Blood","White Beast Statue","FossilizedHelix","Ice Cream","Bag of Preparation","Meat on the Bone","SlaversCollar","Blood Vial","Nunchaku","HornCleat","Ancient Tea Set","Kunai","Oddly Smooth Stone","Lantern","Calling Bell","Anchor","Eternal Feather","Bird Faced Urn","Mercury Hourglass","Dream Catcher","Juzu Bracelet","Letter Opener","Incense Burner","Vajra","Bottled Tornado"],"acts_visited":["Exordium","TheCity","TheBeyond","TheEnding"],"potions_floor_usage":[55],"damage_taken":[{"damage":1.0,"enemies":"2 Louse","floor":1.0,"turns":3.0},{"damage":15.0,"enemies":"Small Slimes","floor":2.0,"turns":4.0},{"damage":12.0,"enemies":"Jaw Worm","floor":3.0,"turns":2.0},{"damage":15.0,"enemies":"Exordium Thugs","floor":4.0,"turns":5.0},{"damage":34.0,"enemies":"Lagavulin","floor":6.0,"turns":7.0},{"damage":24.0,"enemies":"Gremlin Nob","floor":11.0,"turns":4.0},{"damage":8.0,"enemies":"Lagavulin","floor":13.0,"turns":7.0},{"damage":0.0,"enemies":"Slime Boss","floor":16.0,"turns":8.0},{"damage":33.0,"enemies":"2 Thieves","floor":18.0,"turns":4.0},{"damage":19.0,"enemies":"Spheric Guardian","floor":20.0,"turns":4.0},{"damage":15.0,"enemies":"Chosen and Byrds","floor":22.0,"turns":7.0},{"damage":20.0,"enemies":"Book of Stabbing","floor":23.0,"turns":5.0},{"damage":17.0,"enemies":"Slavers","floor":25.0,"turns":5.0},{"damage":44.0,"enemies":"Gremlin Leader","floor":29.0,"turns":10.0},{"damage":32.0,"enemies":"3 Cultists","floor":30.0,"turns":6.0},{"damage":12.0,"enemies":"Slavers","floor":31.0,"turns":6.0},{"damage":44.0,"enemies":"Collector","floor":33.0,"turns":12.0},{"damage":40.0,"enemies":"3 Darklings","floor":35.0,"turns":6.0},{"damage":5.0,"enemies":"3 Shapes","floor":37.0,"turns":5.0},{"damage":58.0,"enemies":"Jaw Worm Horde","floor":38.0,"turns":8.0},{"damage":64.0,"enemies":"Giant Head","floor":41.0,"turns":9.0},{"damage":7.0,"enemies":"Nemesis","floor":44.0,"turns":11.0},{"damage":78.0,"enemies":"Reptomancer","floor":47.0,"turns":6.0},{"damage":28.0,"enemies":"2 Orb Walkers","floor":48.0,"turns":6.0},{"damage":94.0,"enemies":"Time Eater","floor":50.0,"turns":15.0},{"damage":82,"enemies":"Shield and Spear","floor":54,"turns":11},{"damage":64,"enemies":"The Heart","floor":55,"turns":6}],"seed_played":"7378629836925765074","potions_obtained":[{"floor":2.0,"key":"Strength Potion"},{"floor":6.0,"key":"Strength Potion"},{"floor":11.0,"key":"Explosive Potion"},{"floor":13.0,"key":"LiquidMemories"},{"floor":16.0,"key":"Swift Potion"},{"floor":18.0,"key":"PowerPotion"},{"floor":20.0,"key":"Fire Potion"},{"floor":22.0,"key":"PowerPotion"},{"floor":23.0,"key":"CultistPotion"},{"floor":25.0,"key":"BloodPotion"},{"floor":29.0,"key":"Ancient Potion"},{"floor":30.0,"key":"Energy Potion"},{"floor":31.0,"key":"Explosive Potion"},{"floor":33.0,"key":"Explosive Potion"},{"floor":35.0,"key":"BlessingOfTheForge"},{"floor":38.0,"key":"LiquidMemories"},{"floor":41.0,"key":"Explosive Potion"},{"floor":44.0,"key":"Fruit Juice"},{"floor":47.0,"key":"Ancient Potion"},{"floor":48.0,"key":"LiquidMemories"},{"floor":54,"key":"Energy Potion"}],"is_trial":false,"path_per_floor":["M","M","M","M","$","E","?","R","T","?","E","R","E","?","R","B",null,"M","?","M","T","M","E","R","E","T","?","?","E","M","E","R","B",null,"M","$","M","M","?","R","E","?","T","E","?","R","E","?","R","B",null,"R","$","E","B"],"character_chosen":"IRONCLAD","items_purchased":["Explosive Potion","Mercury Hourglass","Whirlwind","Swift Potion","Inflame","Vajra"],"campfire_rested":4,"item_purchase_floors":[5,36,36,36,53,53],"current_hp_per_floor":[87,78,72,63,63,35,24,24,24,46,28,28,26,26,52,58,81,54,54,53,53,58,58,58,61,61,61,61,37,42,50,76,52,80,68,68,73,51,35,82,48,48,48,59,49,73,35,36,88,23,76,94,94,44,0,0],"gold":45,"neow_bonus":"TWENTY_PERCENT_HP_BONUS","is_daily":false,"chose_seed":false,"campfire_upgraded":4,"win_rate":0.0,"timestamp":1609184336,"path_taken":["M","M","M","M","$","E","?","R","T","?","E","R","E","?","R","BOSS","M","?","M","?","M","E","R","E","T","?","?","E","?","E","R","BOSS","M","$","M","M","?","R","E","?","T","E","?","R","E","?","R","BOSS","R","$","E","BOSS"],"items_purchased_type":["Potion","Relic","Card","Potion","Card","Relic"],"build_version":"2020-12-22","purchased_purges":1,"victory":false,"max_hp_per_floor":[89,89,89,89,89,89,89,89,89,89,89,89,89,89,89,89,89,89,89,89,89,89,89,89,89,89,89,89,89,89,89,89,89,89,89,89,89,89,89,89,89,89,89,89,89,89,89,94,94,94,94,94,94,94,94,94],"card_choices":[{"not_picked":["Entrench","Wild Strike"],"picked":"Thunderclap","floor":1.0},{"not_picked":["Armaments","Bloodletting"],"picked":"Twin Strike","floor":2.0},{"not_picked":["Ghostly Armor","Power Through"],"picked":"Disarm","floor":3.0},{"not_picked":["Havoc","Inflame"],"picked":"Fire Breathing","floor":4.0},{"not_picked":["Sword Boomerang","Combust"],"picked":"Heavy Blade","floor":6.0},{"not_picked":["Battle Trance","Bludgeon"],"picked":"Feel No Pain","floor":11.0},{"not_picked":["Sword Boomerang","Bloodletting"],"picked":"Clash","floor":13.0},{"not_picked":["Impervious","Barricade"],"picked":"Corruption","floor":16.0},{"not_picked":["Burning Pact","Warcry"],"picked":"Clash+1","floor":18.0},{"not_picked":["Uppercut","Headbutt"],"picked":"Shrug It Off+1","floor":20.0},{"not_picked":["Pommel Strike","Rupture"],"picked":"Uppercut","floor":22.0},{"not_picked":["Flex","Dual Wield"],"picked":"Iron Wave+1","floor":23.0},{"not_picked":["Rampage","Sword Boomerang"],"picked":"Disarm","floor":25.0},{"not_picked":["True Grit","Clash"],"picked":"Flame Barrier","floor":29.0},{"not_picked":["Iron Wave","Thunderclap"],"picked":"Double Tap","floor":30.0},{"not_picked":["Bloodletting","Intimidate"],"picked":"Armaments+1","floor":31.0},{"not_picked":["Limit Break","Double Tap"],"picked":"Reaper","floor":33.0},{"not_picked":["Twin Strike","Headbutt"],"picked":"Clothesline+1","floor":35.0},{"not_picked":["Fire Breathing+1","Twin Strike"],"picked":"Body Slam","floor":37.0},{"not_picked":["Hemokinesis","Clothesline"],"picked":"Pummel","floor":38.0},{"not_picked":["Burning Pact","Intimidate"],"picked":"Anger","floor":41.0},{"not_picked":["Havoc","Whirlwind","Pommel Strike"],"picked":"SKIP","floor":44.0},{"not_picked":["Madness","Enlightenment"],"picked":"Flash of Steel","floor":45.0},{"not_picked":["Dramatic Entrance","Swift Strike"],"picked":"The Bomb","floor":45.0},{"not_picked":["Violence","Sadistic Nature"],"picked":"HandOfGreed","floor":45.0},{"not_picked":["Pummel","Intimidate"],"picked":"Cleave+1","floor":47.0},{"not_picked":["Sword Boomerang","Combust"],"picked":"Power Through","floor":48.0},{"not_picked":["True Grit","Havoc"],"picked":"Reckless Charge","floor":49.0},{"not_picked":["Twin Strike+1","Cleave"],"picked":"Flame Barrier","floor":54}],"player_experience":1986794,"relics_obtained":[{"floor":6.0,"key":"White Beast Statue"},{"floor":9.0,"key":"Ice Cream"},{"floor":11.0,"key":"Bag of Preparation"},{"floor":13.0,"key":"Meat on the Bone"},{"floor":21.0,"key":"Blood Vial"},{"floor":23.0,"key":"Nunchaku"},{"floor":25.0,"key":"HornCleat"},{"floor":26.0,"key":"Ancient Tea Set"},{"floor":29.0,"key":"Oddly Smooth Stone"},{"floor":31.0,"key":"Lantern"},{"floor":34.0,"key":"Anchor"},{"floor":34.0,"key":"Eternal Feather"},{"floor":34.0,"key":"Bird Faced Urn"},{"floor":41.0,"key":"Dream Catcher"},{"floor":44.0,"key":"Juzu Bracelet"},{"floor":47.0,"key":"Letter Opener"},{"floor":48.0,"key":"Incense Burner"},{"floor":54,"key":"Bottled Tornado"}],"event_choices":[{"damage_healed":0.0,"max_hp_gain":0.0,"max_hp_loss":0.0,"gold_gain":0.0,"event_name":"Scrap Ooze","player_choice":"Success","floor":7.0,"gold_loss":0.0,"damage_taken":11.0,"relics_obtained":["FossilizedHelix"]},{"damage_healed":22.0,"max_hp_gain":0.0,"max_hp_loss":0.0,"gold_gain":0.0,"event_name":"The Cleric","player_choice":"Healed","floor":10.0,"gold_loss":35.0,"damage_taken":0.0},{"damage_healed":0.0,"max_hp_gain":0.0,"max_hp_loss":0.0,"gold_gain":0.0,"event_name":"Shining Light","player_choice":"Ignored","floor":14.0,"gold_loss":0.0,"damage_taken":0.0},{"damage_healed":0.0,"max_hp_gain":0.0,"max_hp_loss":0.0,"gold_gain":50.0,"event_name":"Nest","player_choice":"Stole From Cult","floor":19.0,"gold_loss":0.0,"damage_taken":0.0},{"damage_healed":0.0,"max_hp_gain":0.0,"max_hp_loss":0.0,"gold_gain":0.0,"event_name":"The Mausoleum","player_choice":"Opened","floor":27.0,"gold_loss":0.0,"damage_taken":0.0,"relics_obtained":["Kunai"],"cards_obtained":["Writhe"]},{"damage_healed":0.0,"max_hp_gain":0.0,"max_hp_loss":0.0,"gold_gain":0.0,"event_name":"Duplicator","player_choice":"Copied","floor":28.0,"gold_loss":0.0,"damage_taken":0.0,"cards_obtained":["Disarm"]},{"damage_healed":0.0,"max_hp_gain":0.0,"max_hp_loss":0.0,"gold_gain":0.0,"event_name":"Winding Halls","player_choice":"Embrace Madness","floor":39.0,"gold_loss":0.0,"damage_taken":16.0,"cards_obtained":["Madness","Madness"]},{"damage_healed":0.0,"max_hp_gain":0.0,"max_hp_loss":0.0,"gold_gain":50.0,"event_name":"Golden Shrine","player_choice":"Pray","floor":42.0,"gold_loss":0.0,"damage_taken":0.0},{"damage_healed":0.0,"max_hp_gain":0.0,"max_hp_loss":0.0,"gold_gain":0.0,"event_name":"SensoryStone","player_choice":"Memory 3","floor":45.0,"gold_loss":0.0,"damage_taken":10.0},{"damage_healed":0.0,"max_hp_gain":0.0,"max_hp_loss":0.0,"gold_gain":0.0,"event_name":"Mysterious Sphere","player_choice":"Fight","floor":48.0,"gold_loss":0.0,"damage_taken":0.0}],"is_beta":false,"boss_relics":[{"not_picked":["Runic Pyramid","Cursed Key"],"picked":"SlaversCollar"},{"not_picked":["SacredBark","Busted Crown"],"picked":"Calling Bell"}],"items_purged_floors":[36],"is_endless":false,"potions_floor_spawned":[2,6,11,13,16,18,20,22,23,25,29,30,31,33,35,37,38,41,44,47,48,54],"killed_by":"The Heart","ascension_level":18}}