{"host":"wik2u884rt5bbues","time":1609163288,"event":{"mods":["AchievementEnabler","BaseMod","Colored Map","Colored Powertips","DeckTracker","Googly Eyes","Minty Spire (QoL Compilation)","Permanent Neow","Quick Restart","Shop Mod","StSLib","SuperFastMode"],"gold_per_floor":[118,43,118,68,82,82,115,115,115,115,115,115,126,146,146,244,244,256,269,162,162],"floor_reached":20,"playtime":762,"items_purged":["Normality"],"score":197,"play_id":"98bc56ce-cc23-4a61-98d6-adb328e44368","local_time":"20201228134808","is_ascension_mode":false,"campfire_choices":[{"data":"Pommel Strike","floor":6.0,"key":"SMITH"},{"data":"Flame Barrier","floor":8.0,"key":"SMITH"},{"data":"Bash","floor":10.0,"key":"SMITH"},{"data":"Perfected Strike","floor":15.0,"key":"SMITH"}],"circlet_count":0,"master_deck":["Strike_R","Strike_R","Strike_R","Strike_R","Defend_R","Defend_R","Defend_R","Defend_R","Bash+1","Pommel Strike+1","Flame Barrier+1","Perfected Strike+1","Pommel Strike","Feed","Metallicize"],"relics":["Burning Blood","MerchantsRug"],"acts_visited":["Exordium","TheCity"],"potions_floor_usage":[],"damage_taken":[{"damage":0.0,"enemies":"Small Slimes","floor":1.0,"turns":3.0},{"damage":6.0,"enemies":"Jaw Worm","floor":5.0,"turns":3.0},{"damage":31.0,"enemies":"3 Sentries","floor":7.0,"turns":13.0},{"damage":0.0,"enemies":"Cultist","floor":13.0,"turns":3.0},{"damage":5.0,"enemies":"Lots of Slimes","floor":14.0,"turns":3.0},{"damage":34.0,"enemies":"Slime Boss","floor":16.0,"turns":8.0},{"damage":23,"enemies":"3 Byrds","floor":18,"turns":4},{"damage":24,"enemies":"Spheric Guardian","floor":19,"turns":7}],"seed_played":"5984126633063070922","potions_obtained":[{"floor":12.0,"key":"EssenceOfSteel"},{"floor":12.0,"key":"HeartOfIron"},{"floor":12.0,"key":"PowerPotion"},{"floor":14.0,"key":"Strength Potion"}],"is_trial":false,"path_per_floor":["M","$","?","?","M","R","E","R","T","R","T","?","M","M","R","B",null,"M","M","$"],"character_chosen":"IRONCLAD","items_purchased":["MerchantsRug"],"campfire_rested":0,"item_purchase_floors":[20],"current_hp_per_floor":[96,96,85,85,85,85,60,60,60,60,60,60,66,67,67,39,96,79,64,64,64],"gold":162,"neow_bonus":"TWENTY_PERCENT_HP_BONUS","is_daily":false,"chose_seed":false,"campfire_upgraded":4,"win_rate":0.0,"timestamp":1609163288,"path_taken":["M","$","?","?","M","R","E","R","T","R","?","?","M","M","R","BOSS","M","?","$"],"items_purchased_type":["Relic"],"build_version":"2020-12-22","purchased_purges":1,"victory":false,"max_hp_per_floor":[96,96,96,96,96,96,96,96,96,96,96,96,96,96,96,96,96,96,99,99,99],"card_choices":[{"not_picked":["Clothesline","Infernal Blade"],"picked":"Pommel Strike","floor":1.0},{"not_picked":["Thunderclap","Clash"],"picked":"Flame Barrier","floor":5.0},{"not_picked":["True Grit","Pummel","Thunderclap"],"picked":"SKIP","floor":7.0},{"not_picked":["Disarm","Spot Weakness"],"picked":"Perfected Strike","floor":13.0},{"not_picked":["Spot Weakness","Disarm"],"picked":"Pommel Strike","floor":14.0},{"not_picked":["Offering","Barricade"],"picked":"Feed","floor":16.0},{"not_picked":["Armaments+1","Flame Barrier"],"picked":"Metallicize","floor":18},{"not_picked":["Clash","Armaments","Body Slam"],"picked":"SKIP","floor":19}],"player_experience":766915,"relics_obtained":[{"floor":7.0,"key":"Ancient Tea Set"}],"event_choices":[{"damage_healed":0.0,"max_hp_gain":0.0,"max_hp_loss":0.0,"gold_gain":75.0,"event_name":"World of Goop","player_choice":"Gather Gold","floor":3.0,"gold_loss":0.0,"damage_taken":11.0},{"cards_removed":["Strike_R"],"damage_healed":0.0,"max_hp_gain":0.0,"max_hp_loss":0.0,"gold_gain":0.0,"event_name":"The Cleric","player_choice":"Card Removal","floor":4.0,"gold_loss":50.0,"damage_taken":0.0},{"damage_healed":0.0,"max_hp_gain":0.0,"max_hp_loss":0.0,"gold_gain":0.0,"event_name":"Lab","player_choice":"Got Potions","floor":12.0,"gold_loss":0.0,"damage_taken":0.0}],"is_beta":false,"boss_relics":[{"not_picked":[]}],"items_purged_floors":[2],"is_endless":false,"potions_floor_spawned":[14,16,18,19],"ascension_level":0}}