{"host":"l79f8ln2p3swdcfd","time":1609196839,"event":{"mods":["BaseMod","Better Note","DeckTracker","Minty Spire (QoL Compilation)","StSLib","The Animator"],"gold_per_floor":[110,110,121,46,46,46,60,60,60,75,104,121,121,121,121,224,224,224],"floor_reached":17,"playtime":1477,"items_purged":["animator:Strike"],"score":155,"play_id":"7e1f5a12-4822-4cb2-b69e-6e2f9db8db76","local_time":"20201229000719","is_ascension_mode":false,"campfire_choices":[{"data":"animator:Tyuule","floor":6,"key":"SMITH"},{"data":"animator:Tyuule","floor":8,"key":"SMITH"},{"data":"animator:TukaLunaMarceau","floor":13,"key":"SMITH"},{"floor":15,"key":"REST"}],"circlet_count":0,"master_deck":["animator:Strike_Konosuba","animator:Defend_Konosuba","animator:Strike","animator:Strike","animator:Defend","animator:Defend","animator:Defend","animator:Kazuma+1","animator:Aqua","animator:Mitsuba","animator:Tyuule+1","Regret","animator:Tyuule+1","animator:Tyuule","animator:Ainz","animator:TukaLunaMarceau+1","animator:Shinoa+1"],"relics":["animator:LivingPicture","animator:TheMissingPiece","animator:PurgingStone","Bag of Marbles","Thread and Needle","animator:CursedBlade"],"acts_visited":["Exordium","TheCity"],"potions_floor_usage":[11,16],"damage_taken":[{"damage":0,"enemies":"2 Louse","floor":1,"turns":4},{"damage":0,"enemies":"Cultist","floor":3,"turns":5},{"damage":5,"enemies":"Small Slimes","floor":7,"turns":4},{"damage":2,"enemies":"Gremlin Gang","floor":10,"turns":3},{"damage":37,"enemies":"Lagavulin","floor":11,"turns":8},{"damage":7,"enemies":"Large Slime","floor":12,"turns":7},{"damage":16,"enemies":"The Guardian","floor":16,"turns":11}],"seed_played":"675816414552134874","potions_obtained":[{"floor":3,"key":"GamblersBrew"},{"floor":7,"key":"SpeedPotion"},{"floor":12,"key":"Weak Potion"}],"is_trial":false,"path_per_floor":["M","$","M","$","?","R","M","R","T","M","E","M","R","?","R","B",null],"character_chosen":"THE_ANIMATOR","items_purchased":[],"campfire_rested":1,"item_purchase_floors":[],"current_hp_per_floor":[66,66,66,66,66,66,63,63,63,63,28,23,23,23,42,28,66,66],"gold":224,"neow_bonus":"UPGRADE_CARD","is_daily":false,"chose_seed":false,"campfire_upgraded":3,"win_rate":0.0,"timestamp":1609196839,"path_taken":["M","$","M","$","?","R","M","R","T","M","E","M","R","?","R","BOSS"],"items_purchased_type":[],"build_version":"2020-12-22","purchased_purges":1,"victory":false,"max_hp_per_floor":[66,66,66,66,66,66,66,66,66,66,66,66,66,66,66,66,66,66],"card_choices":[{"not_picked":["animator:Mitsurugi","animator:SuzuneAmano"],"picked":"animator:Mitsuba","floor":1},{"not_picked":["animator:Kuribayashi","animator:Chris"],"picked":"animator:Tyuule","floor":3},{"not_picked":["animator:Megumin","animator:Verdia"],"picked":"animator:Tyuule","floor":7},{"not_picked":["animator:Bozes","animator:LeleiLaLalena"],"picked":"animator:Tyuule","floor":10},{"not_picked":["animator:Scar","animator:NarberalGamma"],"picked":"animator:Ainz","floor":11},{"not_picked":["animator:RoyMustang","animator:Kazuma"],"picked":"animator:TukaLunaMarceau","floor":12}],"player_experience":298196,"relics_obtained":[{"floor":11,"key":"Thread and Needle"}],"event_choices":[{"damage_healed":0,"gold_gain":0,"player_choice":"Box","damage_taken":0,"relics_obtained":["Bag of Marbles"],"max_hp_gain":0,"max_hp_loss":0,"event_name":"Big Fish","floor":5,"gold_loss":0,"cards_obtained":["Regret"]},{"cards_removed":["animator:Ainz"],"damage_healed":0,"gold_gain":0,"player_choice":"Take \u0026 Give","damage_taken":0,"max_hp_gain":0,"max_hp_loss":0,"event_name":"betterNote:BetterNote","floor":14,"gold_loss":0,"cards_obtained":["animator:Shinoa"]}],"is_beta":false,"boss_relics":[{"not_picked":["Runic Dome","SlaversCollar"],"picked":"animator:CursedBlade"}],"items_purged_floors":[4],"is_endless":false,"potions_floor_spawned":[3,7,12],"ascension_level":0}}