{"host":"6gwm7y0tp7acoxay","time":1609141832,"event":{"mods":["BaseMod","Colored Map","Keyboard Shortcuts","Minty Spire (QoL Compilation)","Quick Restart","StSLib","SuperFastMode","everything is the same but u backflip on backflip"],"gold_per_floor":[113,123,223,238,238,270,297,331,331,356,389,389,389,227,227,303,303,319,90,90,15,15,50,250,281,281,307,335,368,399,292,292,378,378,397,414,221,271,271,301,328,363,414,439,473,773,784,802,802,802,802,802,802,52,81,81],"floor_reached":57,"playtime":2402,"items_purged":["Ball Lightning","Coolheaded"],"score":3817,"play_id":"ef71c493-5d7f-44cc-8a48-ee05f44ad78b","local_time":"20201228165032","daily_mods":["SealedDeck","Heirloom","Flight"],"is_ascension_mode":true,"campfire_choices":[{"data":"Blizzard","floor":12.0,"key":"SMITH"},{"data":"Capacitor","floor":13.0,"key":"SMITH"},{"data":"Recycle","floor":15.0,"key":"SMITH"},{"data":"Coolheaded","floor":32.0,"key":"SMITH"},{"floor":49,"key":"RECALL"},{"data":"Glacier","floor":53,"key":"SMITH"}],"circlet_count":0,"master_deck":["AscendersBane","Recycle+1","Glacier+1","Coolheaded+1","Capacitor+1","Blizzard+1","Go for the Eyes","Chill","Loop+1","Biased Cognition+1","Self Repair+1","Core Surge","Core Surge","Defragment+1","Biased Cognition+1"],"relics":["Cracked Core","TungstenRod","HornCleat","Bag of Preparation","Frozen Egg 2","Boot","Lantern","Pear","SlaversCollar","Potion Belt","Pantograph","Bird Faced Urn","Smiling Mask","CeramicFish","Strawberry","Turnip","MealTicket","Busted Crown","ClockworkSouvenir","StrikeDummy","Mummified Hand","Art of War","Happy Flower","Toy Ornithopter","OrangePellets","Pen Nib","Lizard Tail","Vajra"],"acts_visited":["Exordium","TheCity","TheBeyond","TheEnding"],"potions_floor_usage":[56,56,56,56],"damage_taken":[{"damage":0.0,"enemies":"Small Slimes","floor":1.0,"turns":3.0},{"damage":0.0,"enemies":"Cultist","floor":2.0,"turns":4.0},{"damage":0.0,"enemies":"2 Louse","floor":4.0,"turns":2.0},{"damage":1.0,"enemies":"Gremlin Nob","floor":6.0,"turns":4.0},{"damage":3.0,"enemies":"3 Sentries","floor":7.0,"turns":7.0},{"damage":19.0,"enemies":"Gremlin Nob","floor":8.0,"turns":4.0},{"damage":0.0,"enemies":"3 Sentries","floor":10.0,"turns":5.0},{"damage":1.0,"enemies":"Lagavulin","floor":11.0,"turns":5.0},{"damage":23.0,"enemies":"Slime Boss","floor":16.0,"turns":8.0},{"damage":0.0,"enemies":"Shell Parasite","floor":18.0,"turns":5.0},{"damage":46.0,"enemies":"Slavers","floor":23.0,"turns":11.0},{"damage":0.0,"enemies":"Book of Stabbing","floor":25.0,"turns":6.0},{"damage":5.0,"enemies":"Gremlin Leader","floor":27.0,"turns":6.0},{"damage":13.0,"enemies":"Slavers","floor":28.0,"turns":6.0},{"damage":0.0,"enemies":"Gremlin Leader","floor":29.0,"turns":5.0},{"damage":3.0,"enemies":"Book of Stabbing","floor":30.0,"turns":6.0},{"damage":0.0,"enemies":"Collector","floor":33.0,"turns":8.0},{"damage":0.0,"enemies":"3 Darklings","floor":35.0,"turns":3.0},{"damage":0.0,"enemies":"Orb Walker","floor":36.0,"turns":5.0},{"damage":0.0,"enemies":"Giant Head","floor":40.0,"turns":9.0},{"damage":0.0,"enemies":"Reptomancer","floor":41.0,"turns":6.0},{"damage":0.0,"enemies":"Nemesis","floor":42.0,"turns":16.0},{"damage":0,"enemies":"Giant Head","floor":44,"turns":8},{"damage":0,"enemies":"Reptomancer","floor":45,"turns":6},{"damage":0,"enemies":"Jaw Worm Horde","floor":47,"turns":4},{"damage":12,"enemies":"3 Darklings","floor":48,"turns":4},{"damage":4,"enemies":"Time Eater","floor":50,"turns":13},{"damage":0,"enemies":"Awakened One","floor":51,"turns":11},{"damage":0,"enemies":"Shield and Spear","floor":55,"turns":9},{"damage":13,"enemies":"The Heart","floor":56,"turns":10}],"seed_played":"225062364690126487","potions_obtained":[{"floor":4.0,"key":"Fire Potion"},{"floor":6.0,"key":"Block Potion"},{"floor":23.0,"key":"ColorlessPotion"},{"floor":27.0,"key":"PowerPotion"},{"floor":33.0,"key":"DistilledChaos"},{"floor":35.0,"key":"SpeedPotion"}],"is_trial":true,"path_per_floor":["M","M","?","M","T","E","E","E","T","E","E","R","R","$","R","B",null,"M","$","?","?","?","E","?","E","T","E","E","E","E","$","R","B",null,"M","M","$","?","$","E","E","E","T","E","E","?","M","M","R","B","B",null,"R","$","E","B",null],"character_chosen":"DEFECT","items_purchased":["Loop+1","Potion Belt","FocusPotion","PowerPotion","Defragment+1","ClockworkSouvenir","OrangePellets","Pen Nib","Lizard Tail","DuplicationPotion"],"campfire_rested":0,"item_purchase_floors":[14,19,19,31,37,37,54,54,54,54],"current_hp_per_floor":[64,64,64,64,64,63,60,41,41,41,50,50,50,50,50,27,68,68,68,68,68,68,32,32,42,42,55,65,83,88,88,88,88,88,88,88,88,88,88,88,88,88,88,88,88,88,88,88,88,88,88,88,88,88,88,88],"gold":81,"neow_bonus":"","is_daily":false,"chose_seed":false,"campfire_upgraded":5,"win_rate":0.0,"timestamp":1609141832,"path_taken":["M","M","?","?","?","E","E","E","T","E","E","R","R","$","R","BOSS","M","$","?","?","?","E","?","E","T","E","E","E","E","$","R","BOSS","M","?","$","?","?","E","E","E","T","E","E","?","?","M","R","BOSS","BOSS","R","$","E","BOSS"],"items_purchased_type":["Card","Relic","Potion","Potion","Card","Relic","Relic","Relic","Relic","Potion"],"build_version":"2020-12-22","purchased_purges":2,"victory":true,"max_hp_per_floor":[71,71,71,71,71,71,71,71,71,71,81,81,81,81,81,81,81,81,81,81,81,81,81,81,81,81,81,88,88,88,88,88,88,88,88,88,88,88,88,88,88,88,88,88,88,88,88,88,88,88,88,88,88,88,88,88],"card_choices":[{"not_picked":["Leap","Turbo"],"picked":"Chill","floor":1.0},{"not_picked":["Sweeping Beam","Go for the Eyes","Glacier"],"picked":"SKIP","floor":2.0},{"not_picked":["Compile Driver","Beam Cell","Sunder"],"picked":"SKIP","floor":4.0},{"not_picked":["Fusion","Lockon","Sweeping Beam"],"picked":"SKIP","floor":6.0},{"not_picked":["Redo","Aggregate","Sweeping Beam"],"picked":"SKIP","floor":7.0},{"not_picked":["Sunder","Lockon","Chaos"],"picked":"SKIP","floor":8.0},{"not_picked":["Beam Cell","Stack","Melter"],"picked":"SKIP","floor":10.0},{"not_picked":["Sweeping Beam","Beam Cell","Cold Snap"],"picked":"SKIP","floor":11.0},{"not_picked":["Core Surge","All For One"],"picked":"Biased Cognition+1","floor":16.0},{"not_picked":["Barrage","Scrape"],"picked":"Self Repair+1","floor":18.0},{"not_picked":["Chaos","Turbo+1","Rip and Tear"],"picked":"SKIP","floor":23.0},{"not_picked":["Steam","Sunder"],"picked":"Core Surge","floor":25.0},{"not_picked":["Cold Snap","Reboot","BootSequence"],"picked":"SKIP","floor":27.0},{"not_picked":["Turbo","Conserve Battery","Stack"],"picked":"SKIP","floor":28.0},{"not_picked":["BootSequence","Storm+1","Beam Cell+1"],"picked":"SKIP","floor":29.0},{"not_picked":["Thunder Strike","Machine Learning+1","Glacier"],"picked":"SKIP","floor":30.0},{"not_picked":["All For One","Amplify"],"picked":"Core Surge","floor":33.0},{"not_picked":["Compile Driver"],"picked":"SKIP","floor":35.0},{"not_picked":["Compile Driver"],"picked":"SKIP","floor":36.0},{"not_picked":["Melter+1"],"picked":"SKIP","floor":40.0},{"not_picked":["Lockon"],"picked":"SKIP","floor":41.0},{"not_picked":["Ball Lightning"],"picked":"SKIP","floor":42},{"not_picked":["Gash"],"picked":"SKIP","floor":44},{"not_picked":[],"picked":"Biased Cognition+1","floor":45},{"not_picked":["Streamline"],"picked":"SKIP","floor":47},{"not_picked":["Force Field+1"],"picked":"SKIP","floor":48},{"not_picked":["Ball Lightning"],"picked":"SKIP","floor":55}],"player_experience":4329591,"relics_obtained":[{"floor":6.0,"key":"HornCleat"},{"floor":7.0,"key":"Bag of Preparation"},{"floor":8.0,"key":"Frozen Egg 2"},{"floor":9.0,"key":"Boot"},{"floor":10.0,"key":"Lantern"},{"floor":11.0,"key":"Pear"},{"floor":23.0,"key":"Pantograph"},{"floor":25.0,"key":"Bird Faced Urn"},{"floor":26.0,"key":"Smiling Mask"},{"floor":27.0,"key":"CeramicFish"},{"floor":28.0,"key":"Strawberry"},{"floor":29.0,"key":"Turnip"},{"floor":30.0,"key":"MealTicket"},{"floor":40.0,"key":"StrikeDummy"},{"floor":41.0,"key":"Mummified Hand"},{"floor":43,"key":"Art of War"},{"floor":44,"key":"Happy Flower"},{"floor":45,"key":"Toy Ornithopter"},{"floor":55,"key":"Vajra"}],"event_choices":[{"damage_healed":0.0,"max_hp_gain":0.0,"max_hp_loss":0.0,"gold_gain":100.0,"event_name":"Wheel of Change","player_choice":"Gold","floor":3.0,"gold_loss":0.0,"damage_taken":0.0},{"damage_healed":0.0,"max_hp_gain":0.0,"max_hp_loss":0.0,"gold_gain":0.0,"cards_transformed":["Beam Cell","Cold Snap"],"event_name":"Drug Dealer","player_choice":"Became Test Subject","floor":20.0,"gold_loss":0.0,"damage_taken":0.0,"cards_obtained":["Rip and Tear","Steam"]},{"cards_removed":["Rip and Tear"],"damage_healed":0.0,"max_hp_gain":0.0,"max_hp_loss":0.0,"gold_gain":0.0,"event_name":"Beggar","player_choice":"Gave Gold","floor":21.0,"gold_loss":75.0,"damage_taken":0.0},{"cards_removed":["Steam"],"damage_healed":0.0,"max_hp_gain":0.0,"max_hp_loss":0.0,"gold_gain":0.0,"event_name":"Back to Basics","player_choice":"Elegance","floor":22.0,"gold_loss":0.0,"damage_taken":0.0},{"damage_healed":0.0,"max_hp_gain":0.0,"max_hp_loss":0.0,"gold_gain":200.0,"event_name":"Wheel of Change","player_choice":"Gold","floor":24.0,"gold_loss":0.0,"damage_taken":0.0},{"damage_healed":0.0,"max_hp_gain":0.0,"max_hp_loss":0.0,"gold_gain":50.0,"event_name":"Golden Shrine","player_choice":"Pray","floor":38.0,"gold_loss":0.0,"damage_taken":0.0},{"damage_healed":0,"gold_gain":300,"player_choice":"Gold","damage_taken":0,"max_hp_gain":0,"max_hp_loss":0,"event_name":"Wheel of Change","floor":46,"gold_loss":0}],"is_beta":false,"boss_relics":[{"not_picked":["Tiny House","Runic Pyramid"],"picked":"SlaversCollar"},{"not_picked":["Velvet Choker","Empty Cage"],"picked":"Busted Crown"}],"items_purged_floors":[14,31],"is_endless":false,"potions_floor_spawned":[4,6,10,16,23,27,33,35,36,41,44,55],"ascension_level":20}}