{"host":"kh6fvhxn285ncg0o","time":1609168429,"event":{"mods":["Act Like it!","BaseMod","Colored Map","Friendly Minions","Keyboard Shortcuts","Minty Spire (QoL Compilation)","Quick Restart","Relic Stats","StSLib","SuperFastMode"],"gold_per_floor":[116,116,41,41,57,97,122,175,210,235,278,310,337,365,377,389,389],"floor_reached":16,"playtime":420,"items_purged":["Strike_R"],"score":298,"play_id":"71a76541-15ab-409e-9400-2f215217e71a","local_time":"20201229001349","is_ascension_mode":true,"campfire_choices":[{"data":"Uppercut","floor":15,"key":"SMITH"}],"circlet_count":0,"master_deck":["AscendersBane","Strike_R","Strike_R","Strike_R","Strike_R+1","Defend_R","Defend_R+1","Defend_R","Defend_R","Bash","Shrug It Off","Feel No Pain","Metallicize","Hemokinesis","Battle Trance","Second Wind","Uppercut+1"],"relics":["Burning Blood","NeowsBlessing","Golden Idol","MawBank","Omamori","Regal Pillow","Happy Flower"],"acts_visited":["Exordium"],"potions_floor_usage":[8,10,14,16],"damage_taken":[{"damage":0,"enemies":"2 Louse","floor":1,"turns":1},{"damage":0,"enemies":"Jaw Worm","floor":5,"turns":1},{"damage":0,"enemies":"Gremlin Nob","floor":6,"turns":1},{"damage":0,"enemies":"Cultist","floor":7,"turns":3},{"damage":38,"enemies":"Lagavulin","floor":8,"turns":6},{"damage":5,"enemies":"3 Louse","floor":10,"turns":3},{"damage":16,"enemies":"3 Sentries","floor":11,"turns":14},{"damage":9,"enemies":"Gremlin Gang","floor":12,"turns":8},{"damage":8,"enemies":"Red Slaver","floor":13,"turns":3},{"damage":10,"enemies":"Exordium Wildlife","floor":14,"turns":7},{"damage":20,"enemies":"Hexaghost","floor":16,"turns":9}],"seed_played":"-6526612660973363759","potions_obtained":[{"floor":5,"key":"SteroidPotion"},{"floor":7,"key":"LiquidBronze"},{"floor":8,"key":"Fire Potion"},{"floor":11,"key":"SpeedPotion"}],"is_trial":false,"path_per_floor":["M","?","$","?","M","E","M","E","T","M","E","M","M","M","R","B"],"character_chosen":"IRONCLAD","items_purchased":[],"campfire_rested":0,"item_purchase_floors":[],"current_hp_per_floor":[74,51,51,51,57,63,68,36,36,37,27,24,22,18,18,0,0],"gold":389,"neow_bonus":"THREE_ENEMY_KILL","is_daily":false,"chose_seed":false,"campfire_upgraded":1,"win_rate":0.0,"timestamp":1609168429,"path_taken":["M","?","$","?","M","E","M","E","T","M","E","M","M","M","R","BOSS"],"items_purchased_type":[],"build_version":"2020-12-22","purchased_purges":1,"victory":false,"max_hp_per_floor":[75,75,75,68,68,68,68,68,68,68,68,68,68,68,68,68,68],"relic_stats":{"Regal Pillow":0,"Happy Flower":[9],"counters":[11,56],"Golden Idol":41,"MawBank":120,"obtain_stats":[{"Regal Pillow":9,"NeowsBlessing":0,"Happy Flower":11,"Golden Idol":4,"Omamori":8,"MawBank":6,"Burning Blood":0},{"Regal Pillow":5,"NeowsBlessing":0,"Happy Flower":7,"Golden Idol":1,"Omamori":5,"MawBank":3,"Burning Blood":0},{"Regal Pillow":12,"NeowsBlessing":0,"Happy Flower":29,"Golden Idol":1,"Omamori":12,"MawBank":3,"Burning Blood":0}],"Burning Blood":59},"card_choices":[{"not_picked":["Armaments","Rampage"],"picked":"Shrug It Off","floor":1},{"not_picked":["Rampage","Sword Boomerang"],"picked":"Feel No Pain","floor":5},{"not_picked":["Clothesline","Wild Strike"],"picked":"Metallicize","floor":6},{"not_picked":["Entrench","Heavy Blade"],"picked":"Hemokinesis","floor":7},{"not_picked":["Iron Wave","Searing Blow"],"picked":"Battle Trance","floor":10},{"not_picked":["Iron Wave","Headbutt"],"picked":"Second Wind","floor":11},{"not_picked":["Headbutt","Iron Wave","Wild Strike"],"picked":"SKIP","floor":12},{"not_picked":["Iron Wave","Clash"],"picked":"Uppercut","floor":13},{"not_picked":["Twin Strike","Warcry","Cleave"],"picked":"SKIP","floor":14}],"player_experience":3293072,"relics_obtained":[{"floor":6,"key":"MawBank"},{"floor":8,"key":"Omamori"},{"floor":9,"key":"Regal Pillow"},{"floor":11,"key":"Happy Flower"}],"event_choices":[{"damage_healed":0,"gold_gain":0,"player_choice":"Entered Light","damage_taken":23,"max_hp_gain":0,"max_hp_loss":0,"event_name":"Shining Light","floor":2,"gold_loss":0,"cards_upgraded":["Strike_R","Defend_R"]},{"damage_healed":0,"gold_gain":0,"player_choice":"Lose Max HP","damage_taken":0,"relics_obtained":["Golden Idol"],"max_hp_gain":0,"max_hp_loss":7,"event_name":"Golden Idol","floor":4,"gold_loss":0}],"is_beta":false,"boss_relics":[],"items_purged_floors":[3],"is_endless":false,"potions_floor_spawned":[5,7,8,11],"killed_by":"Hexaghost","ascension_level":20}}