{"host":"l60rmjjsfi0fipmi","time":1609179278,"event":{"mods":["BaseMod","Minty Spire (QoL Compilation)"],"gold_per_floor":[112,62,79,4,14,14,33,33,60,77,87,120,138,165,177,292,304,336,360,78,89,89,122,22,22,48,59,59,78,78,97,97,201,201,221,221,221],"floor_reached":36,"playtime":5466,"items_purged":["Strike_R","Defend_R"],"score":398,"play_id":"4d299849-ead7-446b-ad96-18fd999353b2","local_time":"20201228131438","is_ascension_mode":false,"campfire_choices":[{"data":"Armaments","floor":6.0,"key":"SMITH"},{"floor":15.0,"key":"REST"},{"data":"Forethought","floor":28.0,"key":"SMITH"},{"floor":32.0,"key":"REST"}],"circlet_count":0,"master_deck":["Strike_R+1","Strike_R","Defend_R","Defend_R","Bash","Forethought+1","Headbutt","Cleave","Armaments+1","Shrug It Off+1","Heavy Blade","Dual Wield","Clothesline","Offering","CurseOfTheBell","Anger","Flame Barrier+1","Hemokinesis","Heavy Blade","Warcry+1","Perfected Strike+1","Spot Weakness+1","Demon Form","Iron Wave+1"],"relics":["Burning Blood","Bronze Scales","MealTicket","MawBank","Calling Bell","Bag of Preparation","Lizard Tail","Meat on the Bone","Bottled Lightning","Question Card","Omamori","SacredBark"],"acts_visited":["Exordium","TheCity","TheBeyond"],"potions_floor_usage":[35,36],"damage_taken":[{"damage":5.0,"enemies":"2 Louse","floor":1.0,"turns":3.0},{"damage":6.0,"enemies":"Jaw Worm","floor":3.0,"turns":4.0},{"damage":4.0,"enemies":"Cultist","floor":5.0,"turns":4.0},{"damage":3.0,"enemies":"Exordium Wildlife","floor":7.0,"turns":4.0},{"damage":4.0,"enemies":"2 Fungi Beasts","floor":10.0,"turns":3.0},{"damage":1.0,"enemies":"Large Slime","floor":11.0,"turns":7.0},{"damage":19.0,"enemies":"Gremlin Nob","floor":12.0,"turns":4.0},{"damage":8.0,"enemies":"Blue Slaver","floor":13.0,"turns":4.0},{"damage":2.0,"enemies":"3 Sentries","floor":14.0,"turns":7.0},{"damage":21.0,"enemies":"The Guardian","floor":16.0,"turns":11.0},{"damage":5.0,"enemies":"3 Byrds","floor":18.0,"turns":3.0},{"damage":23.0,"enemies":"Spheric Guardian","floor":19.0,"turns":7.0},{"damage":30.0,"enemies":"Snake Plant","floor":21.0,"turns":5.0},{"damage":62.0,"enemies":"Book of Stabbing","floor":23.0,"turns":7.0},{"damage":13.0,"enemies":"Snecko","floor":27.0,"turns":6.0},{"damage":49.0,"enemies":"Sentry and Sphere","floor":29.0,"turns":6.0},{"damage":3.0,"enemies":"Centurion and Healer","floor":31.0,"turns":4.0},{"damage":35.0,"enemies":"Champ","floor":33.0,"turns":12.0},{"damage":69,"enemies":"3 Darklings","floor":35,"turns":7},{"damage":37,"enemies":"Orb Walker","floor":36,"turns":4}],"seed_played":"-3173636633480201100","potions_obtained":[{"floor":5.0,"key":"SkillPotion"},{"floor":11.0,"key":"EssenceOfSteel"},{"floor":12.0,"key":"DistilledChaos"},{"floor":14.0,"key":"Explosive Potion"},{"floor":18.0,"key":"Fire Potion"},{"floor":25.0,"key":"DuplicationPotion"},{"floor":25.0,"key":"DistilledChaos"},{"floor":35,"key":"Swift Potion"}],"is_trial":false,"path_per_floor":["M","?","M","$","M","R","M","?","T","M","M","E","M","E","R","B",null,"M","M","$","M","?","E","$","?","T","M","R","M","?","M","R","B",null,"M","M"],"character_chosen":"IRONCLAD","items_purchased":["Bottled Lightning","Anger"],"campfire_rested":2,"item_purchase_floors":[20,20],"current_hp_per_floor":[80,80,80,80,80,80,80,64,64,66,71,58,56,60,80,65,80,80,63,78,54,54,56,71,71,71,64,64,33,33,48,72,55,80,29,0,0],"gold":221,"neow_bonus":"RANDOM_COLORLESS","is_daily":false,"chose_seed":false,"campfire_upgraded":2,"win_rate":0.0,"timestamp":1609179278,"path_taken":["M","?","M","$","M","R","M","?","T","M","M","E","M","E","R","BOSS","M","M","$","M","?","E","$","?","T","M","R","?","?","M","R","BOSS","M","M"],"items_purchased_type":["Relic","Card"],"build_version":"2020-12-22","purchased_purges":2,"victory":false,"max_hp_per_floor":[80,80,80,80,80,80,80,80,80,80,80,80,80,80,80,80,80,80,80,80,80,80,80,80,80,80,80,80,80,80,80,80,80,80,80,80,80],"card_choices":[{"not_picked":["Blind","Good Instincts"],"picked":"Forethought","floor":0.0},{"not_picked":["Pommel Strike","Combust"],"picked":"Headbutt","floor":1.0},{"not_picked":["Body Slam","Dropkick"],"picked":"Cleave","floor":3.0},{"not_picked":["Thunderclap","Heavy Blade"],"picked":"Armaments","floor":5.0},{"not_picked":["Disarm","Hemokinesis"],"picked":"Shrug It Off","floor":7.0},{"not_picked":["Pommel Strike","Cleave"],"picked":"Heavy Blade","floor":10.0},{"not_picked":["Headbutt","Flex"],"picked":"Dual Wield","floor":11.0},{"not_picked":["Perfected Strike","Disarm","Warcry"],"picked":"SKIP","floor":12.0},{"not_picked":["Disarm","Cleave"],"picked":"Clothesline","floor":13.0},{"not_picked":["Perfected Strike","Headbutt","Warcry"],"picked":"SKIP","floor":14.0},{"not_picked":["Fiend Fire","Corruption"],"picked":"Offering","floor":16.0},{"not_picked":["Clash","Armaments","Headbutt"],"picked":"SKIP","floor":18.0},{"not_picked":["Clash","Twin Strike","Combust+1"],"picked":"SKIP","floor":19.0},{"not_picked":["Pommel Strike","Cleave"],"picked":"Flame Barrier+1","floor":21.0},{"not_picked":["Clothesline","Heavy Blade"],"picked":"Warcry+1","floor":23.0},{"not_picked":["Warcry+1","Armaments","Barricade","Heavy Blade+1"],"picked":"SKIP","floor":27.0},{"not_picked":["Warcry+1","Armaments","Barricade","Heavy Blade+1"],"picked":"SKIP","floor":27.0},{"not_picked":["Shockwave","Clothesline","Heavy Blade"],"picked":"Perfected Strike+1","floor":29.0},{"not_picked":["Perfected Strike","Warcry","Infernal Blade"],"picked":"Spot Weakness+1","floor":31.0},{"not_picked":["Barricade","Reaper","Offering"],"picked":"Demon Form","floor":33.0},{"not_picked":["Thunderclap","True Grit+1","Pommel Strike+1"],"picked":"Iron Wave+1","floor":35}],"player_experience":56430,"relics_obtained":[{"floor":9.0,"key":"Bronze Scales"},{"floor":12.0,"key":"MealTicket"},{"floor":14.0,"key":"MawBank"},{"floor":17.0,"key":"Bag of Preparation"},{"floor":17.0,"key":"Lizard Tail"},{"floor":17.0,"key":"Meat on the Bone"},{"floor":23.0,"key":"Question Card"},{"floor":26.0,"key":"Omamori"}],"event_choices":[{"cards_removed":["Strike_R"],"damage_healed":0.0,"max_hp_gain":0.0,"max_hp_loss":0.0,"gold_gain":0.0,"event_name":"The Cleric","player_choice":"Card Removal","floor":2.0,"gold_loss":50.0,"damage_taken":0.0},{"damage_healed":0.0,"max_hp_gain":0.0,"max_hp_loss":0.0,"gold_gain":0.0,"event_name":"Shining Light","player_choice":"Entered Light","floor":8.0,"gold_loss":0.0,"damage_taken":16.0,"cards_upgraded":["Strike_R","Shrug It Off"]},{"damage_healed":0.0,"max_hp_gain":0.0,"max_hp_loss":0.0,"gold_gain":0.0,"cards_transformed":["Strike_R","Defend_R"],"event_name":"Drug Dealer","player_choice":"Became Test Subject","floor":22.0,"gold_loss":0.0,"damage_taken":0.0,"cards_obtained":["Hemokinesis","Heavy Blade"]},{"damage_healed":0.0,"max_hp_gain":0.0,"max_hp_loss":0.0,"gold_gain":0.0,"event_name":"Lab","player_choice":"Got Potions","floor":25.0,"gold_loss":0.0,"damage_taken":0.0},{"damage_healed":0.0,"max_hp_gain":0.0,"max_hp_loss":0.0,"gold_gain":0.0,"event_name":"Vampires","player_choice":"Ignored","floor":30.0,"gold_loss":0.0,"damage_taken":0.0}],"is_beta":false,"boss_relics":[{"not_picked":["Tiny House","Runic Dome"],"picked":"Calling Bell"},{"not_picked":["Philosopher\u0027s Stone","Fusion Hammer"],"picked":"SacredBark"}],"items_purged_floors":[4,24],"is_endless":false,"potions_floor_spawned":[5,11,12,14,18,19,27,35],"killed_by":"Orb Walker","ascension_level":0}}