{"host":"wukocnei7dgudpva","time":1609157820,"event":{"mods":["AchievementEnabler","BaseMod","Colored Map","Minty Spire (QoL Compilation)","Permanent Neow","Relic Stats","StSLib","SuperFastMode"],"gold_per_floor":[112,132,132,150,165,165,176,176,176,176,205,225,244,52,52,156,156,170,185,133,48,63,63,81,96,143,155,155,155,155,167,167,167,167],"floor_reached":33,"playtime":2605,"items_purged":["Strike_B"],"score":253,"play_id":"b2424964-5f37-41b2-a46d-684e8a4626bd","local_time":"20201228211700","is_ascension_mode":false,"campfire_choices":[{"floor":6,"key":"RECALL"},{"data":"Ball Lightning","floor":8,"key":"SMITH"},{"floor":15,"key":"REST"},{"data":"Biased Cognition","floor":23,"key":"SMITH"},{"floor":29,"key":"REST"},{"floor":32,"key":"REST"}],"circlet_count":0,"master_deck":["Strike_B","Strike_B","Strike_B","Defend_B","Defend_B","Defend_B","Defend_B","Zap","Dualcast+1","Go for the Eyes","Double Energy+1","BootSequence+1","Ball Lightning+1","Cold Snap","Defragment","Barrage","Redo+1","Conserve Battery+1","Biased Cognition+1","Ball Lightning","Leap+1","Redo+1","Melter","Ball Lightning","Leap+1","Double Energy+1"],"relics":["Cracked Core","Toxic Egg 2","Question Card","Bag of Marbles","Eternal Feather","Nuclear Battery","Nunchaku","Nilry\u0027s Codex"],"acts_visited":["Exordium","TheCity"],"potions_floor_usage":[11,27,33,33],"damage_taken":[{"damage":0,"enemies":"Small Slimes","floor":1,"turns":3},{"damage":0,"enemies":"Jaw Worm","floor":2,"turns":3},{"damage":0,"enemies":"Cultist","floor":4,"turns":4},{"damage":4,"enemies":"Blue Slaver","floor":5,"turns":4},{"damage":0,"enemies":"3 Louse","floor":7,"turns":3},{"damage":39,"enemies":"3 Sentries","floor":11,"turns":6},{"damage":0,"enemies":"Large Slime","floor":12,"turns":4},{"damage":4,"enemies":"Exordium Thugs","floor":13,"turns":4},{"damage":39,"enemies":"Hexaghost","floor":16,"turns":11},{"damage":3,"enemies":"3 Byrds","floor":18,"turns":5},{"damage":3,"enemies":"Shell Parasite","floor":19,"turns":4},{"damage":7,"enemies":"Snake Plant","floor":22,"turns":4},{"damage":44,"enemies":"3 Cultists","floor":24,"turns":6},{"damage":0,"enemies":"Sentry and Sphere","floor":25,"turns":4},{"damage":22,"enemies":"Snecko","floor":27,"turns":5},{"damage":14,"enemies":"3 Cultists","floor":31,"turns":6},{"damage":89,"enemies":"Automaton","floor":33,"turns":14}],"seed_played":"6804702084233817095","potions_obtained":[{"floor":1,"key":"Regen Potion"},{"floor":4,"key":"Dexterity Potion"},{"floor":5,"key":"Energy Potion"},{"floor":16,"key":"Strength Potion"},{"floor":18,"key":"Explosive Potion"},{"floor":22,"key":"FairyPotion"},{"floor":27,"key":"LiquidBronze"},{"floor":31,"key":"Ancient Potion"}],"is_trial":false,"path_per_floor":["M","M","?","M","M","R","M","R","T","?","E","M","M","$","R","B",null,"M","M","$","?","M","R","M","M","T","M","?","R","?","M","R","B"],"character_chosen":"DEFECT","items_purchased":["Barrage","Redo+1","Conserve Battery+1","Leap+1"],"campfire_rested":3,"item_purchase_floors":[14,14,14,20],"current_hp_per_floor":[75,75,63,63,59,59,59,59,59,59,35,35,31,31,62,23,75,72,69,69,69,62,74,30,30,30,8,22,59,56,42,75,0,0],"gold":167,"neow_bonus":"UPGRADE_CARD","is_daily":false,"chose_seed":false,"campfire_upgraded":2,"win_rate":0.0,"timestamp":1609157820,"path_taken":["M","M","?","M","M","R","M","R","T","?","E","M","?","$","R","BOSS","M","M","$","?","M","R","M","M","T","M","?","R","?","M","R","BOSS"],"items_purchased_type":["Card","Card","Card","Card"],"build_version":"2020-12-22","purchased_purges":1,"victory":false,"max_hp_per_floor":[75,75,75,75,75,75,75,75,75,75,75,75,75,75,75,75,75,75,75,75,75,75,75,75,75,75,75,75,75,75,75,75,75,75],"relic_stats":{"Nunchaku":[6],"counters":[17,90],"Eternal Feather":51,"Question Card":11,"obtain_stats":[{"Nunchaku":21,"Nilry\u0027s Codex":28,"Eternal Feather":11,"Bag of Marbles":10,"Toxic Egg 2":3,"Cracked Core":0,"Question Card":9,"Nuclear Battery":17},{"Nunchaku":11,"Nilry\u0027s Codex":15,"Eternal Feather":6,"Bag of Marbles":5,"Toxic Egg 2":2,"Cracked Core":0,"Question Card":5,"Nuclear Battery":9},{"Nunchaku":51,"Nilry\u0027s Codex":70,"Eternal Feather":23,"Bag of Marbles":17,"Toxic Egg 2":6,"Cracked Core":0,"Question Card":17,"Nuclear Battery":42}]},"card_choices":[{"not_picked":["Hello World","Hologram"],"picked":"Go for the Eyes","floor":1},{"not_picked":["Force Field","Storm","Blizzard"],"picked":"SKIP","floor":2},{"not_picked":["Ball Lightning","Hologram+1"],"picked":"Double Energy+1","floor":4},{"not_picked":["FTL","Compile Driver"],"picked":"BootSequence+1","floor":5},{"not_picked":["Recycle+1","Hello World"],"picked":"Ball Lightning","floor":7},{"not_picked":["Gash","Melter","Go for the Eyes"],"picked":"Cold Snap","floor":11},{"not_picked":["Undo+1","Go for the Eyes","Sweeping Beam"],"picked":"Defragment","floor":12},{"not_picked":["Chaos+1","Rip and Tear","Auto Shields+1","Reinforced Body+1"],"picked":"SKIP","floor":13},{"not_picked":["Fission+1","Amplify+1","Creative AI"],"picked":"Biased Cognition","floor":16},{"not_picked":["Glacier+1","Stack+1","Coolheaded+1"],"picked":"Ball Lightning","floor":18},{"not_picked":["Go for the Eyes","Reprogram+1","Stack+1","Rebound+1"],"picked":"SKIP","floor":19},{"not_picked":["Compile Driver","Rip and Tear","Hyperbeam"],"picked":"Redo+1","floor":22},{"not_picked":["Streamline","Leap+1","White Noise+1"],"picked":"Melter","floor":24},{"not_picked":["Conserve Battery+1","Sweeping Beam","Rebound"],"picked":"Ball Lightning","floor":25},{"not_picked":["Stack+1","Undo+1","Steam Power+1"],"picked":"Leap+1","floor":27},{"not_picked":["Beam Cell","Heatsinks","Redo+1"],"picked":"Double Energy+1","floor":31}],"player_experience":265673,"relics_obtained":[{"floor":9,"key":"Question Card"},{"floor":11,"key":"Eternal Feather"},{"floor":28,"key":"Nilry\u0027s Codex"}],"event_choices":[{"damage_healed":0,"gold_gain":0,"player_choice":"Success","damage_taken":12,"relics_obtained":["Toxic Egg 2"],"max_hp_gain":0,"max_hp_loss":0,"event_name":"Scrap Ooze","floor":3,"gold_loss":0},{"damage_healed":0,"gold_gain":0,"player_choice":"Gave Potion","damage_taken":0,"relics_obtained":["Bag of Marbles"],"max_hp_gain":0,"max_hp_loss":0,"event_name":"WeMeetAgain","floor":10,"gold_loss":0},{"damage_healed":0,"gold_gain":0,"player_choice":"Obtained Relic","damage_taken":0,"relics_obtained":["Nunchaku"],"max_hp_gain":0,"max_hp_loss":0,"event_name":"Addict","floor":21,"gold_loss":85},{"damage_healed":0,"gold_gain":0,"player_choice":"Obtained Book","damage_taken":16,"max_hp_gain":0,"max_hp_loss":0,"event_name":"Cursed Tome","floor":28,"gold_loss":0},{"damage_healed":0,"gold_gain":0,"player_choice":"Punched","damage_taken":3,"max_hp_gain":0,"max_hp_loss":0,"event_name":"Designer","floor":30,"gold_loss":0}],"is_beta":false,"boss_relics":[{"not_picked":["Empty Cage","Busted Crown"],"picked":"Nuclear Battery"}],"items_purged_floors":[14],"is_endless":false,"potions_floor_spawned":[1,4,5,16,18,22,27,31],"killed_by":"Automaton","ascension_level":0}}