{"host":"l84l8xigz5v5foa2","time":1609182229,"event":{"mods":["2.2 Compatiblity","AchievementEnabler","BaseMod","Better Note","Better Vampires","Card Filter","Colored Map","DeckTracker","Downfall","Gremlin Skip","Highlight Path","Keyboard Shortcuts","Minty Spire (QoL Compilation)","Permanent Neow","Quick Restart","Relic Filter","Relic Stats","StSLib","SuperFastMode","Transform Curses","Unknown Chances"],"gold_per_floor":[99,118,118,134,134,134,134,48,64,164,3,32,32,42,56,153,153,153,171,187,198,218,218,243,243,67,96,96,111,111,111,111],"floor_reached":30,"playtime":2171,"items_purged":["champ:Execute"],"score":465,"play_id":"d9bc4153-7cf0-4912-9fbc-04fef3b8c92c","local_time":"20201229040349","is_ascension_mode":true,"campfire_choices":[{"data":"champ:Taunt","floor":1,"key":"SMITH"},{"data":"champ:RapidStrikes","floor":6,"key":"SMITH"},{"data":"champ:Duel","floor":13,"key":"SMITH"},{"data":"champ:FocusedGladiator","floor":18,"key":"SMITH"},{"data":"champ:PreciseThrust","floor":23,"key":"SMITH"},{"data":"champ:IgnorePain","floor":25,"key":"SMITH"},{"floor":28,"key":"RECALL"}],"circlet_count":0,"master_deck":["AscendersBane","champ:Strike","champ:Strike","champ:Defend","champ:Defend","champ:Defend","champ:Taunt+1","champ:RapidStrikes+1","champ:ArenaPreparation+1","champ:GladiatorStyle","champ:AdrenalArmor","champ:RecklessLeap","champ:DancingMaster","champ:FocusedGladiator+1","champ:Duel+1","champ:IgnorePain+1","champ:StanceDance+1","champ:PreciseThrust+1","champ:GladiatorStyle","Finesse"],"relics":["champ:ChampionCrown","Thread and Needle","Gremlin Horn","Vajra","sneckomod:SneckoTalon","Pen Nib"],"acts_visited":["Exordium","TheCity"],"potions_floor_usage":[16,30],"damage_taken":[{"damage":5,"enemies":"2 Louse","floor":2,"turns":4},{"damage":8,"enemies":"Jaw Worm","floor":4,"turns":4},{"damage":16,"enemies":"downfall:FleeingMerchant","floor":8,"turns":4},{"damage":8,"enemies":"Small Slimes","floor":9,"turns":3},{"damage":71,"enemies":"downfall:Heads","floor":10,"turns":6},{"damage":31,"enemies":"downfall:FleeingMerchant","floor":11,"turns":4},{"damage":32,"enemies":"3 Sentries","floor":12,"turns":9},{"damage":31,"enemies":"Exordium Thugs","floor":14,"turns":3},{"damage":15,"enemies":"3 Louse","floor":15,"turns":2},{"damage":9,"enemies":"downfall:Watcher","floor":16,"turns":9},{"damage":12,"enemies":"Shell Parasite","floor":19,"turns":3},{"damage":17,"enemies":"Snake Plant","floor":20,"turns":4},{"damage":28,"enemies":"Centurion and Healer","floor":21,"turns":4},{"damage":39,"enemies":"3 Cultists","floor":22,"turns":4},{"damage":28,"enemies":"downfall:FleeingMerchant","floor":26,"turns":4},{"damage":43,"enemies":"Gremlin Leader","floor":27,"turns":4},{"damage":15,"enemies":"Sentry and Sphere","floor":29,"turns":3},{"damage":43,"enemies":"Book of Stabbing","floor":30,"turns":2}],"seed_played":"5725224997586648814","potions_obtained":[{"floor":4,"key":"Ancient Potion"},{"floor":9,"key":"FairyPotion"},{"floor":14,"key":"Energy Potion"},{"floor":16,"key":"AttackPotion"},{"floor":29,"key":"DuplicationPotion"}],"is_trial":false,"path_per_floor":["R","M","?","M","?","R","T","$","M","?","$","E","R","M","M","B",null,"R","M","M","M","M","R","T","R","$","E","R","M","E"],"character_chosen":"THE_CHAMP","items_purchased":["champ:GladiatorStyle","champ:FocusedGladiator","champ:Duel","Finesse"],"campfire_rested":0,"item_purchase_floors":[8,11,11,26],"current_hp_per_floor":[81,81,81,78,78,78,78,72,72,33,33,20,20,39,39,39,71,71,71,71,70,63,63,63,63,63,43,43,43,0,0,0],"gold":111,"neow_bonus":"ONE_RARE_RELIC","is_daily":false,"chose_seed":false,"campfire_upgraded":6,"win_rate":0.0,"timestamp":1609182229,"path_taken":["R","M","?","M","?","R","T","$","M","?","?","E","R","M","M","BOSS","R","M","M","M","M","R","T","R","$","E","R","M","E"],"items_purchased_type":["Card","Card","Card","Card"],"build_version":"2020-12-22","purchased_purges":1,"victory":false,"max_hp_per_floor":[81,81,81,81,81,81,81,81,81,81,81,81,81,81,81,81,81,81,81,81,81,81,81,81,81,81,81,81,81,81,81,81],"relic_stats":{"Gremlin Horn":[12,12],"counters":[18,76],"Pen Nib":[0],"obtain_stats":[{"Gremlin Horn":7,"Vajra":12,"champ:ChampionCrown":0,"Thread and Needle":0,"Pen Nib":27,"sneckomod:SneckoTalon":17},{"Gremlin Horn":2,"Vajra":7,"champ:ChampionCrown":0,"Thread and Needle":0,"Pen Nib":16,"sneckomod:SneckoTalon":10},{"Gremlin Horn":8,"Vajra":34,"champ:ChampionCrown":0,"Thread and Needle":0,"Pen Nib":71,"sneckomod:SneckoTalon":48}]},"card_choices":[{"not_picked":["champ:ShieldSigil","champ:AdrenalArmor"],"picked":"champ:RapidStrikes","floor":2},{"not_picked":["champ:FocusedBerserking","champ:SkillfulDodge","champ:CalledShot"],"picked":"SKIP","floor":4},{"not_picked":["champ:EnragedBash","champ:Haymaker"],"picked":"champ:ArenaPreparation","floor":8},{"not_picked":["champ:Haymaker","champ:IronFortress"],"picked":"champ:AdrenalArmor","floor":9},{"not_picked":["champ:FocusedDefense","champ:BerserkersShout"],"picked":"champ:DancingMaster","floor":11},{"not_picked":["champ:Circumvent","champ:Haymaker","champ:FanOfKnives"],"picked":"SKIP","floor":12},{"not_picked":["champ:BerserkerStyle","champ:Backstep","champ:BringItOn"],"picked":"SKIP","floor":14},{"not_picked":["champ:BladeFlurry","champ:FalseCounter","champ:DefensiveStyle"],"picked":"SKIP","floor":15},{"not_picked":["champ:Devastate","champ:StrikeOfGenius"],"picked":"champ:IgnorePain","floor":16},{"not_picked":["champ:GutPunch","champ:CrookedStrike"],"picked":"champ:StanceDance+1","floor":19},{"not_picked":["champ:RapidStrikes","champ:EnragedBash+1","champ:FocusedDefense"],"picked":"SKIP","floor":20},{"not_picked":["champ:DeathBlow","champ:GutPunch"],"picked":"champ:PreciseThrust","floor":21},{"not_picked":["champ:PreciseThrust","champ:ViciousMockery+1"],"picked":"champ:GladiatorStyle","floor":22},{"not_picked":["champ:Circumvent","champ:FanOfKnives","champ:VampiricStrike"],"picked":"SKIP","floor":26},{"not_picked":["champ:PerfectedStrike","champ:BringItOn+1","champ:SkillfulDodge"],"picked":"SKIP","floor":27},{"not_picked":["champ:PerfectedStrike","champ:BringItOn+1","champ:SkillfulDodge"],"picked":"SKIP","floor":27},{"not_picked":["champ:BladeFlurry","champ:Haymaker","champ:ShieldSigil"],"picked":"SKIP","floor":29}],"player_experience":2766126,"relics_obtained":[{"floor":7,"key":"Gremlin Horn"},{"floor":12,"key":"Vajra"},{"floor":27,"key":"Pen Nib"}],"event_choices":[],"is_beta":false,"boss_relics":[{"not_picked":["champ:ChampionCrownUpgraded","Calling Bell"],"picked":"sneckomod:SneckoTalon"}],"items_purged_floors":[26],"is_endless":false,"potions_floor_spawned":[4,9,12,14,16,22,27,29],"killed_by":"Book of Stabbing","ascension_level":11}}