{"host":"c5j8t0wyh2hvx9ju","time":1609119995,"event":{"mods":["Astrologer","BaseMod","BetterRewards","HololiveMod","Minty Spire (QoL Compilation)","Prisma Mod","StSLib"],"gold_per_floor":[114,125,125,200,3,3,15,49,49,61,79,92,106,118,118,223,223,229,240,140,140,60,60,75,94,144,144,144],"floor_reached":27,"playtime":3293,"items_purged":["Strike_B","Strike_B"],"score":415,"play_id":"94ef11b3-a949-4db1-9381-b21d2f66e8b5","local_time":"20201228104635","is_ascension_mode":true,"campfire_choices":[{"floor":6.0,"key":"REST"},{"floor":15.0,"key":"REST"},{"data":"Defragment","floor":23.0,"key":"SMITH"}],"circlet_count":0,"master_deck":["Strike_B","Strike_B","Defend_B","Defend_B","Defend_B","Defend_B","Zap","Dualcast","Conserve Battery","Capacitor","Gash","Hello World","Gash","Gash","Loop","Streamline","Streamline+1","Defragment","Defragment+1","Force Field+1","Ball Lightning+1","Echo Form"],"relics":["Cracked Core","Shuriken","Pocketwatch","Lizard Tail","HornCleat","Hololive_Finger","Prayer Wheel","CeramicFish"],"acts_visited":["Exordium","TheCity"],"potions_floor_usage":[27],"damage_taken":[{"damage":7.0,"enemies":"Jaw Worm","floor":1.0,"turns":3.0},{"damage":11.0,"enemies":"2 Louse","floor":2.0,"turns":2.0},{"damage":1.0,"enemies":"Cultist","floor":7.0,"turns":3.0},{"damage":38.0,"enemies":"Gremlin Nob","floor":8.0,"turns":4.0},{"damage":0.0,"enemies":"Exordium Thugs","floor":10.0,"turns":4.0},{"damage":13.0,"enemies":"Gremlin Gang","floor":11.0,"turns":3.0},{"damage":2.0,"enemies":"3 Louse","floor":12.0,"turns":3.0},{"damage":8.0,"enemies":"Exordium Thugs","floor":13.0,"turns":4.0},{"damage":0.0,"enemies":"Looter","floor":14.0,"turns":3.0},{"damage":8.0,"enemies":"Hexaghost","floor":16.0,"turns":8.0},{"damage":30.0,"enemies":"2 Thieves","floor":18.0,"turns":5.0},{"damage":6.0,"enemies":"3 Byrds","floor":19.0,"turns":6.0},{"damage":28.0,"enemies":"Centurion and Healer","floor":24.0,"turns":8.0},{"damage":35.0,"enemies":"Snake Plant","floor":25.0,"turns":5.0},{"damage":31,"enemies":"Gremlin Leader","floor":27,"turns":4}],"seed_played":"-703207849762217463","potions_obtained":[{"floor":1.0,"key":"Regen Potion"},{"floor":10.0,"key":"ColorlessPotion"},{"floor":11.0,"key":"Dexterity Potion"},{"floor":12.0,"key":"Fruit Juice"},{"floor":16.0,"key":"Regen Potion"},{"floor":18.0,"key":"EssenceOfDarkness"}],"is_trial":false,"path_per_floor":["M","M","?","?","$","R","M","E","T","M","M","M","M","M","R","B",null,"M","M","$","?","$","R","M","M","T","E"],"character_chosen":"DEFECT","items_purchased":["Shuriken","Capacitor","PowerPotion","Defragment"],"campfire_rested":2,"item_purchase_floors":[0,5,5,22],"current_hp_per_floor":[61,50,43,32,32,54,53,15,15,15,11,14,6,6,30,22,66,36,30,30,30,30,30,14,22,22,0,0],"gold":144,"neow_bonus":"","is_daily":false,"chose_seed":false,"campfire_upgraded":1,"win_rate":0.0,"timestamp":1609119995,"path_taken":["M","M","?","?","$","R","M","E","T","M","M","M","?","M","R","BOSS","M","M","$","?","?","R","?","?","T","E"],"items_purchased_type":["Relic","Card","Potion","Card"],"build_version":"2020-12-22","purchased_purges":2,"victory":false,"max_hp_per_floor":[75,75,75,75,75,75,75,75,75,75,75,80,80,80,80,80,80,80,80,80,80,80,80,80,80,80,80,80],"card_choices":[{"not_picked":["Auto Shields","Compile Driver","Lockon"],"picked":"SKIP","floor":1.0},{"not_picked":["Coolheaded","Turbo"],"picked":"Conserve Battery","floor":2.0},{"not_picked":["Tempest","Rebound"],"picked":"Gash","floor":7.0},{"not_picked":["Beam Cell","FTL"],"picked":"Hello World","floor":8.0},{"not_picked":["Biased Cognition","Go for the Eyes","Barrage"],"picked":"SKIP","floor":10.0},{"not_picked":["Storm","Skim"],"picked":"Gash","floor":11.0},{"not_picked":["Multi-Cast","Sweeping Beam"],"picked":"Gash","floor":12.0},{"not_picked":["Sweeping Beam","Beam Cell"],"picked":"Loop","floor":13.0},{"not_picked":["Compile Driver","Storm"],"picked":"Streamline","floor":14.0},{"not_picked":["Sweeping Beam","Beam Cell+1"],"picked":"Streamline+1","floor":18.0},{"not_picked":["Melter+1","Darkness"],"picked":"Defragment","floor":19.0},{"not_picked":["Coolheaded","Scrape"],"picked":"Force Field+1","floor":24.0},{"not_picked":["Aggregate","Consume"],"picked":"Ball Lightning+1","floor":24.0},{"not_picked":["Hologram+1","Redo"],"picked":"Echo Form","floor":25.0},{"not_picked":["Cold Snap","Coolheaded+1","Compile Driver"],"picked":"SKIP","floor":25.0}],"player_experience":867877,"relics_obtained":[{"floor":8.0,"key":"Lizard Tail"},{"floor":9.0,"key":"HornCleat"},{"floor":26.0,"key":"CeramicFish"}],"event_choices":[{"damage_healed":0.0,"max_hp_gain":0.0,"max_hp_loss":0.0,"gold_gain":0.0,"event_name":"Scrap Ooze","player_choice":"Success","floor":3.0,"gold_loss":0.0,"damage_taken":7.0,"relics_obtained":["Pocketwatch"]},{"damage_healed":0.0,"max_hp_gain":0.0,"max_hp_loss":0.0,"gold_gain":75.0,"event_name":"World of Goop","player_choice":"Gather Gold","floor":4.0,"gold_loss":0.0,"damage_taken":11.0},{"damage_healed":0.0,"max_hp_gain":0.0,"max_hp_loss":0.0,"gold_gain":0.0,"event_name":"WeMeetAgain","player_choice":"Gave Potion","floor":21.0,"gold_loss":0.0,"damage_taken":0.0,"relics_obtained":["Prayer Wheel"]}],"is_beta":false,"boss_relics":[{"not_picked":["Snecko Eye","SacredBark"],"picked":"Hololive_Finger"}],"items_purged_floors":[5,20],"is_endless":false,"potions_floor_spawned":[1,10,11,12,16,18],"killed_by":"Gremlin Leader","ascension_level":6}}