{"host":"26z4pn7yjkr92e19","time":1609152051,"event":{"mods":["Aspiration","BaseMod","Colored Powertips","Conspire","Downfall","Duelist Mod","Friendly Minions","GifTheSpireLib","Hermit","Highlight Path","Hubris","Infinite Spire","Jorbs\u0027s Wanderer Trilogy","Lobotomy","Marisa????????","Minty Spire (QoL Compilation)","Remilia??????","Replay The Spire","Shop Mod","StSLib","Td1madao Mod","The Administrix","The Animator","The Bug Knight","The Cursed","The Disciple","The Hierophant","The Jungle","The Mystic","The Necromancer","The Runesmith","The Servant 0.9.4","Yuyuko"],"gold_per_floor":[99,114,126,142,142,142,168,196,196,2,2,0,16,16,29,132,132,132,145,145,158,174,207,262,262,140,140,140,153,153,172,182,287,287,287,303,403,419,200,214,214,214,232,232,242,257,282,298,317,317],"floor_reached":51,"playtime":5650,"items_purged":[],"score":728,"play_id":"ff8ab2ad-9885-4455-89b9-100b89420dde","local_time":"20201228054051","is_ascension_mode":false,"campfire_choices":[{"floor":1,"key":"RECALL"},{"data":"Guardian:ArmoredProtocol","floor":6,"key":"SMITH"},{"floor":9,"key":"REST"},{"data":"Guardian:CrystalBeam","floor":11,"key":"SMITH"},{"data":"Guardian:SphericShield","floor":18,"key":"SMITH"},{"data":"Guardian:EvasiveProtocol","floor":27,"key":"SMITH"},{"data":"Guardian:MultiBeam","floor":30,"key":"SMITH"},{"data":"Guardian:SphericShield","floor":35,"key":"SMITH"},{"data":"Guardian:PiercingHide","floor":42,"key":"SMITH"}],"circlet_count":0,"master_deck":["Guardian:Strike_Guardian+1","Guardian:Strike_Guardian+1","Guardian:Strike_Guardian+1","Guardian:Strike_Guardian+1","Guardian:Defend_Guardian+1","Guardian:Defend_Guardian+1","Guardian:Defend_Guardian+1","Guardian:Defend_Guardian+1","Guardian:CurlUp+1","Guardian:TwinSlam","Guardian:BronzeOrb","Guardian:ArmoredProtocol+1","Guardian:ChargeCore","Guardian:WalkerClaw","Guardian:TemporalStrike","Guardian:CrystalBeam+1","Guardian:PrimingBeam","Guardian:Recover","Guardian:ChargeUp","Guardian:EvasiveProtocol+1","Guardian:SphericShield+1","Guardian:SpikerProtocol+1","Guardian:CrystalBeam","Guardian:MultiBeam+1","Guardian:GuardianWhirl","Guardian:RollAttack","Guardian:PiercingHide+1","Guardian:RollAttack+1","Guardian:PrismaticBeam+1","Guardian:Recover+1","Guardian:SphericShield+1","Guardian:DecasProtection","Guardian:Clone+1","Guardian:MultiBeam+1","Guardian:TimeBomb","Guardian:ChargeCore","Guardian:Gem_Purple","Guardian:SpikerProtocol+1","Guardian:EvasiveProtocol","Guardian:Recover"],"relics":["Guardian:ModeShifter","Juzu Bracelet","Orrery","aspiration:HatOfInfinitePower","ChewingGum","infinitespire:Joker Card","Potion Belt","aspiration:MobileForge","Toy Ornithopter","Orichalcum","conspire:DecoderRing","infinitespire:Satchel"],"acts_visited":["Exordium","TheCity","TheBeyond"],"potions_floor_usage":[16,46],"damage_taken":[{"damage":6,"enemies":"Jaw Worm","floor":2,"turns":5},{"damage":4,"enemies":"conspire:RoseBush","floor":3,"turns":2},{"damage":0,"enemies":"Cultist","floor":4,"turns":4},{"damage":22,"enemies":"HollowMod:MossKnight","floor":8,"turns":28},{"damage":0,"enemies":"downfall:FleeingMerchant","floor":10,"turns":4},{"damage":6,"enemies":"downfall:FleeingMerchant","floor":12,"turns":4},{"damage":3,"enemies":"2 Fungi Beasts","floor":13,"turns":3},{"damage":2,"enemies":"2 Fungi Beasts","floor":15,"turns":2},{"damage":14,"enemies":"downfall:Watcher","floor":16,"turns":7},{"damage":0,"enemies":"Spheric Guardian","floor":19,"turns":3},{"damage":9,"enemies":"conspire:HollyBat","floor":21,"turns":9},{"damage":0,"enemies":"3 Cultists","floor":22,"turns":5},{"damage":6,"enemies":"Gremlin Leader","floor":23,"turns":7},{"damage":0,"enemies":"downfall:FleeingMerchant","floor":26,"turns":4},{"damage":0,"enemies":"Chosen and Byrds","floor":29,"turns":4},{"damage":0,"enemies":"Centurion and Healer","floor":31,"turns":4},{"damage":0,"enemies":"Cultist and Chosen","floor":32,"turns":4},{"damage":17,"enemies":"downfall:Defect","floor":33,"turns":9},{"damage":0,"enemies":"Orb Walker","floor":36,"turns":4},{"damage":0,"enemies":"downfall:LadyInBlue","floor":37,"turns":9},{"damage":4,"enemies":"3 Darklings","floor":38,"turns":4},{"damage":10,"enemies":"downfall:FleeingMerchant","floor":39,"turns":4},{"damage":0,"enemies":"Maw","floor":40,"turns":9},{"damage":8,"enemies":"3 Darklings","floor":43,"turns":4},{"damage":0,"enemies":"4 Shapes","floor":45,"turns":4},{"damage":0,"enemies":"Sphere and 2 Shapes","floor":46,"turns":4},{"damage":0,"enemies":"Nemesis","floor":47,"turns":7},{"damage":1,"enemies":"Transient","floor":48,"turns":5},{"damage":0,"enemies":"4 Shapes","floor":49,"turns":3},{"damage":19,"enemies":"downfall:Ironclad","floor":50,"turns":15}],"seed_played":"5304598419214596708","potions_obtained":[{"floor":2,"key":"Guardian:BlockOnCardUsePotion"},{"floor":3,"key":"Explosive Potion"},{"floor":8,"key":"DuplicationPotion"},{"floor":13,"key":"Guardian:BlockOnCardUsePotion"},{"floor":16,"key":"Languid Potion"},{"floor":29,"key":"Weak Potion"},{"floor":31,"key":"PowerPotion"},{"floor":32,"key":"EssenceOfSteel"},{"floor":40,"key":"infinitespire:BlackPotion"},{"floor":46,"key":"Fruit Juice"}],"is_trial":false,"path_per_floor":["R","M","M","M","?","R","T","E","R","$","R","$","M","?","M","B",null,"R","M","?","M","M","E","T","?","$","R","?","M","R","M","M","B",null,"R","M","?","M","$","M","T","R","M","?","M","M","E","M","M","B",null],"character_chosen":"GUARDIAN","items_purchased":["Guardian:Gem_Fragmented","Orrery","Guardian:RollAttack","Guardian:PiercingHide","Orichalcum","Guardian:Gem_Green"],"campfire_rested":1,"item_purchase_floors":[10,10,26,26,39,39],"current_hp_per_floor":[88,82,78,78,78,78,78,56,82,82,82,76,73,55,53,39,88,88,88,88,79,79,73,73,73,73,73,73,73,73,73,73,56,88,88,88,88,84,74,74,74,74,66,66,66,76,76,75,75,56],"gold":317,"neow_bonus":"TEN_PERCENT_HP_BONUS","is_daily":false,"chose_seed":false,"campfire_upgraded":7,"win_rate":0.0,"timestamp":1609152051,"path_taken":["R","M","M","M","?","R","T","E","R","$","R","$","M","?","M","BOSS","R","M","?","M","M","E","T","?","$","R","?","M","R","M","M","BOSS","R","M","?","M","$","M","T","R","M","?","M","M","E","M","M","BOSS"],"items_purchased_type":["Card","Relic","Card","Card","Relic","Card"],"build_version":"2020-12-22","purchased_purges":0,"victory":true,"max_hp_per_floor":[88,88,88,88,88,88,88,88,88,88,88,88,88,88,88,88,88,88,88,88,88,88,88,88,88,88,88,88,88,88,88,88,88,88,88,88,88,88,88,88,88,88,88,88,88,93,93,93,93,93],"card_choices":[{"not_picked":["Guardian:Gem_Cyan","Guardian:ChargeUp"],"picked":"Guardian:BronzeOrb","floor":2},{"not_picked":["Guardian:PolyBeam","Guardian:Gem_Cyan"],"picked":"Guardian:ArmoredProtocol","floor":3},{"not_picked":["Guardian:Gem_Red","Guardian:Gem_Cyan"],"picked":"Guardian:ChargeCore","floor":4},{"not_picked":["Guardian:Suspension","Guardian:TemporalShield"],"picked":"Guardian:WalkerClaw","floor":8},{"not_picked":["Guardian:Planning","Guardian:PiercingHide"],"picked":"Guardian:TemporalStrike","floor":10},{"not_picked":["Guardian:TemporalStrike","Guardian:BronzeArmor"],"picked":"Guardian:Gem_Synthetic","floor":10},{"not_picked":["Guardian:VentSteam","Guardian:Gem_Synthetic"],"picked":"Guardian:Gem_Lightblue","floor":10},{"not_picked":["Guardian:FloatingOrbs","Guardian:SentryBeam"],"picked":"Guardian:CrystalBeam","floor":10},{"not_picked":["Guardian:Gem_Fragmented","Guardian:PrismaticBarrier"],"picked":"Guardian:PrimingBeam","floor":10},{"not_picked":["Guardian:WalkerClaw","Guardian:Gem_Purple"],"picked":"Guardian:Recover","floor":10},{"not_picked":["Guardian:AncientConstruct","Guardian:Recover"],"picked":"Guardian:ChargeUp","floor":12},{"not_picked":["Guardian:PrimingBeam","Guardian:Reroute"],"picked":"Guardian:EvasiveProtocol","floor":13},{"not_picked":["Guardian:WalkerClaw","Guardian:PiercingHide"],"picked":"Guardian:Gem_Green","floor":15},{"not_picked":["Guardian:Gem_Synthetic","Guardian:TimeSifter"],"picked":"Guardian:SphericShield","floor":16},{"not_picked":["Guardian:DecasProtection+1","Guardian:TemporalShield+1"],"picked":"Guardian:SpikerProtocol+1","floor":19},{"not_picked":["Guardian:Recover","Guardian:Gem_Lightblue"],"picked":"Guardian:Gem_Red","floor":21},{"not_picked":["Guardian:TemporalShield+1","Guardian:Gem_Lightblue"],"picked":"Guardian:CrystalBeam","floor":22},{"not_picked":["Guardian:PrismaticBarrier","Guardian:Reroute"],"picked":"Guardian:MultiBeam","floor":23},{"not_picked":["Guardian:TimeSifter","Guardian:Gem_Red"],"picked":"Guardian:GuardianWhirl","floor":26},{"not_picked":["Guardian:Gem_Cyan","Guardian:PiercingHide+1"],"picked":"Guardian:RollAttack+1","floor":29},{"not_picked":["Guardian:Gem_Purple","Guardian:Gem_Cyan"],"picked":"Guardian:PrismaticBeam+1","floor":31},{"not_picked":["Guardian:PiercingHide","Guardian:TemporalStrike"],"picked":"Guardian:Recover+1","floor":32},{"not_picked":["Guardian:FastForward","Guardian:Gem_Synthetic"],"picked":"Guardian:SphericShield","floor":33},{"not_picked":["Guardian:CrystalBeam+1","Guardian:RefractedBeam"],"picked":"Guardian:DecasProtection","floor":36},{"not_picked":["Guardian:PiercingHide+1","Guardian:ChargeUp"],"picked":"Guardian:Clone+1","floor":37},{"not_picked":["Guardian:Reroute+1","Guardian:ShieldCharger+1"],"picked":"Guardian:MultiBeam+1","floor":38},{"not_picked":["Guardian:Gem_Cyan","Guardian:FastForward"],"picked":"Guardian:Gem_Lightblue","floor":39},{"not_picked":["Guardian:SentryBeam","Guardian:Planning+1"],"picked":"Guardian:Gem_Red","floor":40},{"not_picked":["Guardian:Gem_Green","Guardian:Reroute"],"picked":"Guardian:TimeBomb","floor":43},{"not_picked":["Guardian:Incinerate","Guardian:Gem_Cyan"],"picked":"Guardian:ChargeCore","floor":45},{"not_picked":["Guardian:Gem_Green","Guardian:ShieldCharger+1"],"picked":"Guardian:Gem_Purple","floor":46},{"not_picked":["Guardian:Gem_Purple","Guardian:GuardianWhirl+1"],"picked":"Guardian:SpikerProtocol+1","floor":47},{"not_picked":["Guardian:PrimingBeam+1","Guardian:StasisField"],"picked":"Guardian:EvasiveProtocol","floor":48},{"not_picked":["Guardian:Gem_Red","Guardian:ShieldCharger+1"],"picked":"Guardian:Recover","floor":49}],"player_experience":53402,"relics_obtained":[{"floor":8,"key":"Juzu Bracelet"},{"floor":23,"key":"infinitespire:Joker Card"},{"floor":24,"key":"Potion Belt"},{"floor":37,"key":"Toy Ornithopter"},{"floor":41,"key":"conspire:DecoderRing"},{"floor":47,"key":"infinitespire:Satchel"}],"event_choices":[{"damage_healed":0,"gold_gain":0,"player_choice":"Success","damage_taken":18,"relics_obtained":["aspiration:HatOfInfinitePower"],"max_hp_gain":0,"max_hp_loss":0,"event_name":"Scrap Ooze","floor":14,"gold_loss":0},{"damage_healed":0,"gold_gain":0,"player_choice":"Simplicity","damage_taken":0,"max_hp_gain":0,"max_hp_loss":0,"event_name":"Back to Basics","floor":25,"gold_loss":0,"cards_upgraded":["Guardian:Strike_Guardian","Guardian:Strike_Guardian","Guardian:Strike_Guardian","Guardian:Strike_Guardian","Guardian:Defend_Guardian","Guardian:Defend_Guardian","Guardian:Defend_Guardian","Guardian:Defend_Guardian"]}],"is_beta":false,"boss_relics":[{"not_picked":["aspiration:RitualDagger","Runic Dome"],"picked":"ChewingGum"},{"not_picked":["hubris:HollowSoul","Honey Jar"],"picked":"aspiration:MobileForge"}],"items_purged_floors":[],"is_endless":false,"potions_floor_spawned":[2,3,8,13,16,21,29,31,32,36,40,46],"ascension_level":0}}