{"host":"3rixevx6n8b56xaj","time":1609170172,"event":{"mods":["2.2 Compatiblity","AchievementEnabler","Arknights The Spire","BaseMod","Colored Map","DeckTracker","Friendly Minions","Minty Spire (QoL Compilation)","StSLib","SuperFastMode"],"gold_per_floor":[111,111,121,46,57,57,57,71,94,106,118,132,147,176,176,271,271,287,298,317,317,232,257,257,288,367,400,411,427,427,225,225,330,330,346,366,366,383,398,430,430,440,466,501,501,374,387,398,398,398,398,398,44,79,79],"floor_reached":56,"playtime":2329,"items_purged":["Strike_P","Indignation","Strike_P","Strike_P+1"],"score":1380,"play_id":"7b3f1a83-fcee-4910-a01f-0643b4f5b9c8","local_time":"20201229004252","is_ascension_mode":false,"campfire_choices":[{"data":"Eruption","floor":6.0,"key":"SMITH"},{"data":"Adaptation","floor":15.0,"key":"SMITH"},{"floor":24.0,"key":"REST"},{"data":"Vault","floor":30.0,"key":"SMITH"},{"data":"MentalFortress","floor":32.0,"key":"SMITH"},{"data":"TalkToTheHand","floor":41.0,"key":"SMITH"},{"data":"DevaForm","floor":45.0,"key":"SMITH"},{"floor":49.0,"key":"RECALL"},{"data":"Fasting2","floor":52.0,"key":"SMITH"}],"circlet_count":0,"master_deck":["Defend_P+1","Defend_P+1","Eruption+1","Vigilance","TalkToTheHand+1","BowlingBash","FollowUp","Evaluate+1","Adaptation+1","Vault+1","CrushJoints","MentalFortress+1","Consecrate+1","EmptyFist","Wallop+1","DeusExMachina","FearNoEvil+1","Halt+1","CrushJoints+1","DevaForm+1","Fasting2+1","EmptyBody+1","Pray"],"relics":["PureWater","Smiling Mask","ats:Originium","Regal Pillow","Empty Cage","Anchor","ats:Originium","Tiny Chest","Red Mask","ats:Originium","Centennial Puzzle","Juzu Bracelet","Runic Pyramid","ats:Originium","Pen Nib","War Paint","Omamori","Toy Ornithopter","Nunchaku"],"acts_visited":["Exordium","TheCity","TheBeyond","TheEnding"],"potions_floor_usage":[55,55,55,55],"damage_taken":[{"damage":3.0,"enemies":"2 Louse","floor":1.0,"turns":4.0},{"damage":2.0,"enemies":"Small Slimes","floor":3.0,"turns":4.0},{"damage":3.0,"enemies":"Jaw Worm","floor":5.0,"turns":3.0},{"damage":0.0,"enemies":"Gremlin Gang","floor":8.0,"turns":3.0},{"damage":0.0,"enemies":"Large Slime","floor":10.0,"turns":3.0},{"damage":8.0,"enemies":"3 Louse","floor":11.0,"turns":3.0},{"damage":0.0,"enemies":"Gremlin Gang","floor":12.0,"turns":3.0},{"damage":2.0,"enemies":"Lots of Slimes","floor":13.0,"turns":3.0},{"damage":8.0,"enemies":"Lagavulin","floor":14.0,"turns":5.0},{"damage":0.0,"enemies":"Slime Boss","floor":16.0,"turns":4.0},{"damage":17.0,"enemies":"2 Thieves","floor":18.0,"turns":3.0},{"damage":0.0,"enemies":"Chosen","floor":19.0,"turns":4.0},{"damage":35.0,"enemies":"Snake Plant","floor":20.0,"turns":4.0},{"damage":33.0,"enemies":"Slavers","floor":23.0,"turns":5.0},{"damage":7.0,"enemies":"Masked Bandits","floor":25.0,"turns":4.0},{"damage":0.0,"enemies":"Gremlin Leader","floor":27.0,"turns":6.0},{"damage":0.0,"enemies":"Sentry and Sphere","floor":28.0,"turns":3.0},{"damage":0.0,"enemies":"Centurion and Healer","floor":29.0,"turns":5.0},{"damage":57.0,"enemies":"Collector","floor":33.0,"turns":9.0},{"damage":3.0,"enemies":"3 Darklings","floor":35.0,"turns":4.0},{"damage":0.0,"enemies":"3 Shapes","floor":36.0,"turns":4.0},{"damage":10.0,"enemies":"Spire Growth","floor":38.0,"turns":4.0},{"damage":8.0,"enemies":"Transient","floor":39.0,"turns":6.0},{"damage":22.0,"enemies":"Reptomancer","floor":40.0,"turns":7.0},{"damage":0.0,"enemies":"3 Darklings","floor":42.0,"turns":4.0},{"damage":16.0,"enemies":"Nemesis","floor":44.0,"turns":6.0},{"damage":2.0,"enemies":"Maw","floor":47.0,"turns":7.0},{"damage":0.0,"enemies":"Writhing Mass","floor":48.0,"turns":6.0},{"damage":0.0,"enemies":"Donu and Deca","floor":50.0,"turns":10.0},{"damage":4.0,"enemies":"Shield and Spear","floor":54.0,"turns":7.0},{"damage":28,"enemies":"The Heart","floor":55,"turns":9}],"seed_played":"-3667437453945344934","potions_obtained":[{"floor":1.0,"key":"CultistPotion"},{"floor":8.0,"key":"SpeedPotion"},{"floor":10.0,"key":"Regen Potion"},{"floor":13.0,"key":"FearPotion"},{"floor":16.0,"key":"EntropicBrew"},{"floor":23.0,"key":"ColorlessPotion"},{"floor":27.0,"key":"FairyPotion"},{"floor":36.0,"key":"ColorlessPotion"},{"floor":38.0,"key":"PowerPotion"},{"floor":42.0,"key":"Strength Potion"},{"floor":54.0,"key":"CultistPotion"}],"is_trial":false,"path_per_floor":["M","?","M","$","M","R","?","M","T","M","M","M","M","E","R","B",null,"M","M","M","?","?","E","R","?","T","E","M","M","R","$","R","B",null,"M","M","?","M","M","E","R","M","T","E","R","$","M","M","R","B",null,"R","$","E","B",null],"character_chosen":"WATCHER","items_purchased":["Juzu Bracelet","Fasting2","Pray","Toy Ornithopter","Ancient Potion"],"campfire_rested":1,"item_purchase_floors":[31,46,53,53,53],"current_hp_per_floor":[69,74,72,72,69,69,54,54,54,54,46,46,44,36,36,36,77,60,60,25,25,25,6,44,37,37,37,37,37,37,37,37,23,77,74,74,67,57,49,27,27,27,27,11,11,11,9,9,9,9,77,77,77,73,59],"gold":79,"neow_bonus":"REMOVE_CARD","is_daily":false,"chose_seed":false,"campfire_upgraded":7,"win_rate":0.0,"timestamp":1609170172,"path_taken":["M","?","M","$","M","R","?","M","T","M","M","M","M","E","R","BOSS","M","M","M","?","?","E","R","?","T","E","M","M","R","$","R","BOSS","M","M","?","M","M","E","R","M","T","E","R","$","M","M","R","BOSS","R","$","E","BOSS"],"items_purchased_type":["Relic","Card","Card","Relic","Potion"],"build_version":"2020-12-22","purchased_purges":4,"victory":true,"max_hp_per_floor":[72,77,77,77,77,77,77,77,77,77,77,77,77,77,77,77,77,77,77,77,77,77,77,77,77,77,77,77,77,77,77,77,77,77,77,77,77,77,77,77,77,77,77,77,77,77,77,77,77,77,77,77,77,77,77],"card_choices":[{"not_picked":["SandsOfTime","Wireheading"],"picked":"TalkToTheHand","floor":1.0},{"not_picked":["Wallop","Sanctity"],"picked":"BowlingBash","floor":3.0},{"not_picked":["Evaluate","FlurryOfBlows"],"picked":"FollowUp","floor":5.0},{"not_picked":["PathToVictory","Perseverance","Sanctity"],"picked":"SKIP","floor":8.0},{"not_picked":["Conclude","PathToVictory"],"picked":"Indignation","floor":10.0},{"not_picked":["SashWhip","CutThroughFate"],"picked":"Evaluate","floor":11.0},{"not_picked":["SpiritShield","Evaluate","Wallop"],"picked":"SKIP","floor":12.0},{"not_picked":["LikeWater","Fasting2"],"picked":"Adaptation","floor":13.0},{"not_picked":["Consecrate","Conclude","CutThroughFate"],"picked":"SKIP","floor":14.0},{"not_picked":["MasterReality","Devotion"],"picked":"Vault","floor":16.0},{"not_picked":["Evaluate","FlyingSleeves","ThirdEye"],"picked":"SKIP","floor":18.0},{"not_picked":["Consecrate","Nirvana","Crescendo"],"picked":"SKIP","floor":19.0},{"not_picked":["Protect","Weave"],"picked":"CrushJoints","floor":20.0},{"not_picked":["ThirdEye","Prostrate"],"picked":"Consecrate+1","floor":23.0},{"not_picked":["SashWhip","ThirdEye","Consecrate"],"picked":"SKIP","floor":27.0},{"not_picked":["Evaluate","Prostrate"],"picked":"EmptyFist","floor":28.0},{"not_picked":["WreathOfFlame","PathToVictory+1"],"picked":"Wallop+1","floor":29.0},{"not_picked":["Brilliance","Establishment"],"picked":"DeusExMachina","floor":33.0},{"not_picked":["FlyingSleeves","SignatureMove","Wireheading"],"picked":"SKIP","floor":35.0},{"not_picked":["Consecrate+1","SashWhip"],"picked":"FearNoEvil+1","floor":36.0},{"not_picked":["SashWhip+1","Prostrate+1"],"picked":"Halt+1","floor":38.0},{"not_picked":["JustLucky+1","TalkToTheHand+1","FollowUp+1"],"picked":"SKIP","floor":39.0},{"not_picked":["JustLucky+1","ClearTheMind"],"picked":"CrushJoints+1","floor":40.0},{"not_picked":["FollowUp+1","Wireheading+1","Halt+1"],"picked":"SKIP","floor":42.0},{"not_picked":["Evaluate","SashWhip+1"],"picked":"DevaForm","floor":44.0},{"not_picked":["Protect+1","Halt+1","WindmillStrike+1"],"picked":"SKIP","floor":47.0},{"not_picked":["Nirvana+1","ClearTheMind"],"picked":"EmptyBody+1","floor":48.0},{"not_picked":["Wallop","EmptyMind+1","ThirdEye"],"picked":"SKIP","floor":54.0}],"player_experience":584388,"relics_obtained":[{"floor":9.0,"key":"Smiling Mask"},{"floor":14.0,"key":"ats:Originium"},{"floor":14.0,"key":"Regal Pillow"},{"floor":23.0,"key":"ats:Originium"},{"floor":23.0,"key":"Tiny Chest"},{"floor":25.0,"key":"Red Mask"},{"floor":27.0,"key":"ats:Originium"},{"floor":27.0,"key":"Centennial Puzzle"},{"floor":40.0,"key":"ats:Originium"},{"floor":40.0,"key":"Pen Nib"},{"floor":43.0,"key":"War Paint"},{"floor":44.0,"key":"Omamori"},{"floor":54.0,"key":"Nunchaku"}],"event_choices":[{"damage_healed":0.0,"max_hp_gain":5.0,"max_hp_loss":0.0,"gold_gain":0.0,"event_name":"Big Fish","player_choice":"Donut","floor":2.0,"gold_loss":0.0,"damage_taken":0.0},{"damage_healed":0.0,"max_hp_gain":0.0,"max_hp_loss":0.0,"gold_gain":0.0,"event_name":"Shining Light","player_choice":"Entered Light","floor":7.0,"gold_loss":0.0,"damage_taken":15.0,"cards_upgraded":["Defend_P","Strike_P"]},{"damage_healed":0.0,"max_hp_gain":0.0,"max_hp_loss":0.0,"gold_gain":0.0,"event_name":"The Library","player_choice":"Read","floor":21.0,"gold_loss":0.0,"damage_taken":0.0,"cards_obtained":["MentalFortress"]},{"damage_healed":0.0,"max_hp_gain":0.0,"max_hp_loss":0.0,"gold_gain":0.0,"event_name":"Addict","player_choice":"Obtained Relic","floor":22.0,"gold_loss":85.0,"damage_taken":0.0,"relics_obtained":["Anchor"]},{"damage_healed":0.0,"max_hp_gain":0.0,"max_hp_loss":0.0,"gold_gain":0.0,"event_name":"Masked Bandits","player_choice":"Fought Bandits","floor":25.0,"gold_loss":0.0,"damage_taken":0.0},{"damage_healed":0.0,"max_hp_gain":0.0,"max_hp_loss":0.0,"gold_gain":0.0,"event_name":"Wheel of Change","player_choice":"Damaged","floor":37.0,"gold_loss":0.0,"damage_taken":7.0}],"is_beta":false,"boss_relics":[{"not_picked":["Velvet Choker","Tiny House"],"picked":"Empty Cage"},{"not_picked":["Sozu","Fusion Hammer"],"picked":"Runic Pyramid"}],"items_purged_floors":[4,31,46,53],"is_endless":false,"potions_floor_spawned":[1,8,10,13,16,18,23,27,36,38,42,48,54],"ascension_level":0}}