{"host":"wbjiqg83duq292na","time":1609155678,"event":{"mods":["BaseMod","Minty Spire (QoL Compilation)"],"gold_per_floor":[116,130,143,68,143,178,178,178,178,178,78,78,94,110,110,214,214,187,187,197,214,291,291,320,332,371,383,383],"floor_reached":27,"playtime":1394,"items_purged":["Strike_R","Strike_R"],"score":279,"play_id":"7ddb2fcb-3afa-473c-83ee-19fa1b89c42b","local_time":"20201228094118","is_ascension_mode":true,"campfire_choices":[{"data":"Defend_R","floor":12,"key":"SMITH"},{"floor":15,"key":"REST"},{"floor":23,"key":"REST"},{"data":"Barricade","floor":25,"key":"SMITH"}],"circlet_count":0,"master_deck":["Strike_R","Defend_R","Defend_R","Defend_R","Defend_R+1","Bash","Entrench","Whirlwind","Blood for Blood","Iron Wave","Barricade+1","Body Slam","Iron Wave"],"relics":["Burning Blood","Tiny Chest","Self Forming Clay","Art of War","Omamori","Mark of Pain","Pear","MawBank","Akabeko"],"acts_visited":["Exordium","TheCity"],"potions_floor_usage":[16,16,24],"damage_taken":[{"damage":1,"enemies":"Cultist","floor":1,"turns":4},{"damage":0,"enemies":"Small Slimes","floor":2,"turns":3},{"damage":8,"enemies":"Jaw Worm","floor":3,"turns":4},{"damage":48,"enemies":"3 Sentries","floor":6,"turns":16},{"damage":8,"enemies":"2 Fungi Beasts","floor":13,"turns":3},{"damage":6,"enemies":"Blue Slaver","floor":14,"turns":5},{"damage":40,"enemies":"Slime Boss","floor":16,"turns":10},{"damage":31,"enemies":"2 Thieves","floor":18,"turns":5},{"damage":34,"enemies":"Spheric Guardian","floor":20,"turns":8},{"damage":25,"enemies":"Snake Plant","floor":21,"turns":6},{"damage":52,"enemies":"Gremlin Leader","floor":24,"turns":9},{"damage":35,"enemies":"Book of Stabbing","floor":27,"turns":7}],"seed_played":"5775072321705964140","potions_obtained":[{"floor":2,"key":"LiquidBronze"},{"floor":6,"key":"PowerPotion"},{"floor":13,"key":"FairyPotion"},{"floor":20,"key":"Block Potion"}],"is_trial":false,"path_per_floor":["M","M","M","$","T","E","?","T","T","?","$","R","M","M","R","B",null,"M","?","M","M","T","R","E","R","T","E"],"character_chosen":"IRONCLAD","items_purchased":[],"campfire_rested":2,"item_purchase_floors":[],"current_hp_per_floor":[80,80,78,78,78,36,29,29,29,34,34,34,32,32,57,23,85,60,60,32,13,23,51,34,34,34,0,0],"gold":383,"neow_bonus":"RANDOM_COMMON_RELIC","is_daily":false,"chose_seed":false,"campfire_upgraded":2,"win_rate":0.0,"timestamp":1609155678,"path_taken":["M","?","M","$","?","E","?","?","T","?","$","R","M","M","R","BOSS","M","?","M","?","?","R","E","R","T","E"],"items_purchased_type":[],"build_version":"2020-12-22","purchased_purges":2,"victory":false,"max_hp_per_floor":[80,80,80,80,80,80,80,80,80,85,85,85,85,85,85,85,85,85,85,85,85,95,95,95,95,95,95,95],"card_choices":[{"not_picked":["Wild Strike","Twin Strike","Rage"],"picked":"SKIP","floor":1},{"not_picked":["Iron Wave","Anger"],"picked":"Entrench","floor":2},{"not_picked":["Sentinel","Offering","Clothesline"],"picked":"SKIP","floor":3},{"not_picked":["Anger","Blood for Blood"],"picked":"Whirlwind","floor":6},{"not_picked":["Disarm","Clash"],"picked":"Blood for Blood","floor":13},{"not_picked":["Perfected Strike","Hemokinesis"],"picked":"Iron Wave","floor":14},{"not_picked":["Reaper","Double Tap"],"picked":"Barricade","floor":16},{"not_picked":["Clothesline","Battle Trance"],"picked":"Body Slam","floor":18},{"not_picked":["Evolve","Perfected Strike"],"picked":"Iron Wave","floor":20},{"not_picked":["Rage","Cleave","Perfected Strike"],"picked":"SKIP","floor":21},{"not_picked":["Disarm","Perfected Strike","Wild Strike"],"picked":"SKIP","floor":24}],"player_experience":239877,"relics_obtained":[{"floor":5,"key":"Self Forming Clay"},{"floor":6,"key":"Art of War"},{"floor":8,"key":"Omamori"},{"floor":22,"key":"Pear"},{"floor":24,"key":"MawBank"},{"floor":26,"key":"Akabeko"}],"event_choices":[{"cards_removed":["Strike_R"],"damage_healed":0,"gold_gain":0,"player_choice":"Card Removal","damage_taken":7,"max_hp_gain":0,"max_hp_loss":0,"event_name":"Golden Wing","floor":7,"gold_loss":0},{"damage_healed":0,"gold_gain":0,"player_choice":"Donut","damage_taken":0,"max_hp_gain":5,"max_hp_loss":0,"event_name":"Big Fish","floor":10,"gold_loss":0},{"cards_removed":["Strike_R"],"damage_healed":0,"gold_gain":0,"player_choice":"Offered Basic","damage_taken":0,"max_hp_gain":0,"max_hp_loss":0,"event_name":"Bonfire Elementals","floor":19,"gold_loss":0}],"is_beta":false,"boss_relics":[{"not_picked":["Velvet Choker","Runic Pyramid"],"picked":"Mark of Pain"}],"items_purged_floors":[4,11],"is_endless":false,"potions_floor_spawned":[2,6,13,20],"killed_by":"Book of Stabbing","ascension_level":2}}