{"host":"4ag909k4xupnj24b","time":1609134757,"event":{"mods":["BaseMod","Minty Spire (QoL Compilation)","StSLib"],"gold_per_floor":[116,129,143,50,67,67,67,67,67,83,83,83,94,123,123,198,198,208,23,23,43,54,54,153,153,179,197,197,46,62,94,94,171,171,191,45,56,67,83,108,108,140,140,140,175,192,192,217,217,217],"floor_reached":51,"playtime":3591,"items_purged":["Injury"],"score":1274,"play_id":"3ae31854-7a04-4e53-80b8-c5e6d88b8e6c","local_time":"20201227215237","is_ascension_mode":true,"campfire_choices":[{"data":"Defragment","floor":6,"key":"SMITH"},{"data":"White Noise","floor":8,"key":"SMITH"},{"data":"Coolheaded","floor":12,"key":"SMITH"},{"data":"Zap","floor":15,"key":"SMITH"},{"data":"Buffer","floor":23,"key":"SMITH"},{"data":"Echo Form","floor":25,"key":"SMITH"},{"data":"Dualcast","floor":32,"key":"SMITH"},{"data":"Capacitor","floor":41,"key":"SMITH"},{"data":"Loop","floor":44,"key":"SMITH"},{"floor":49,"key":"REST"}],"circlet_count":0,"master_deck":["AscendersBane","Strike_B","Defend_B","Defend_B","Defend_B","Zap+1","Dualcast+1","Chill+1","Melter+1","Loop+1","White Noise+1","White Noise+1","Core Surge","Defragment+1","Coolheaded+1","Cold Snap","Echo Form+1","Static Discharge","Buffer+1","Sunder+1","Capacitor+1","Loop+1","Consume+1","Clumsy","Parasite"],"relics":["Astrolabe","Emotion Chip","Bird Faced Urn","Cursed Key","Juzu Bracelet","DataDisk","Frozen Eye","Letter Opener","Inserter","Strawberry","Anchor","Dream Catcher","Ornamental Fan","Ice Cream"],"acts_visited":["Exordium","TheCity","TheBeyond"],"potions_floor_usage":[16,31,46,50],"damage_taken":[{"damage":0,"enemies":"Jaw Worm","floor":1,"turns":3},{"damage":0,"enemies":"Small Slimes","floor":2,"turns":4},{"damage":4,"enemies":"Cultist","floor":3,"turns":5},{"damage":0,"enemies":"2 Fungi Beasts","floor":5,"turns":5},{"damage":3,"enemies":"Large Slime","floor":10,"turns":4},{"damage":0,"enemies":"Blue Slaver","floor":13,"turns":5},{"damage":5,"enemies":"Gremlin Nob","floor":14,"turns":6},{"damage":13,"enemies":"Slime Boss","floor":16,"turns":6},{"damage":16,"enemies":"2 Thieves","floor":18,"turns":4},{"damage":0,"enemies":"3 Byrds","floor":21,"turns":4},{"damage":12,"enemies":"Snecko","floor":22,"turns":5},{"damage":0,"enemies":"Centurion and Healer","floor":27,"turns":8},{"damage":23,"enemies":"Snake Plant","floor":30,"turns":5},{"damage":6,"enemies":"Slavers","floor":31,"turns":4},{"damage":58,"enemies":"Automaton","floor":33,"turns":8},{"damage":9,"enemies":"3 Darklings","floor":35,"turns":6},{"damage":14,"enemies":"Orb Walker","floor":37,"turns":4},{"damage":25,"enemies":"3 Darklings","floor":38,"turns":5},{"damage":12,"enemies":"Maw","floor":39,"turns":8},{"damage":0,"enemies":"Giant Head","floor":40,"turns":9},{"damage":18,"enemies":"Reptomancer","floor":42,"turns":8},{"damage":13,"enemies":"Nemesis","floor":45,"turns":11},{"damage":33,"enemies":"Writhing Mass","floor":46,"turns":5},{"damage":0,"enemies":"Mind Bloom Boss Battle","floor":48,"turns":12},{"damage":9,"enemies":"Awakened One","floor":50,"turns":14}],"seed_played":"3753053960840816940","potions_obtained":[{"floor":3,"key":"Fire Potion"},{"floor":10,"key":"EntropicBrew"},{"floor":33,"key":"SpeedPotion"},{"floor":35,"key":"Explosive Potion"},{"floor":39,"key":"DuplicationPotion"},{"floor":46,"key":"EssenceOfDarkness"}],"is_trial":false,"path_per_floor":["M","M","M","$","M","R","?","R","T","M","?","R","M","E","R","B",null,"M","$","?","M","M","R","?","R","T","M","?","$","M","E","R","B",null,"M","$","M","M","M","E","R","E","T","R","E","M","?","?","R","B",null],"character_chosen":"DEFECT","items_purchased":["Defragment","Coolheaded","Buffer","Fire Potion","Frozen Eye","Capacitor"],"campfire_rested":1,"item_purchase_floors":[4,4,19,19,29,36],"current_hp_per_floor":[68,68,64,64,64,64,57,57,57,54,54,54,54,49,49,46,68,68,68,68,75,64,64,64,64,64,75,75,75,70,75,75,27,63,68,68,64,67,75,82,82,72,72,72,82,69,69,82,82,82],"gold":217,"neow_bonus":"BOSS_RELIC","is_daily":false,"chose_seed":false,"campfire_upgraded":9,"win_rate":0.0,"timestamp":1609134757,"path_taken":["M","M","M","$","M","R","?","R","T","M","?","R","M","E","R","BOSS","M","$","?","M","M","R","?","R","T","M","?","$","M","E","R","BOSS","M","$","M","M","M","E","R","E","T","R","E","M","?","?","R","BOSS"],"items_purchased_type":["Card","Card","Card","Potion","Relic","Card"],"build_version":"2020-12-22","purchased_purges":1,"victory":true,"max_hp_per_floor":[75,75,75,75,75,75,75,75,75,75,75,75,75,75,75,75,75,75,75,75,75,75,75,75,75,75,75,75,75,75,75,75,75,75,75,75,75,75,75,82,82,82,82,82,82,82,82,82,82,82],"card_choices":[{"not_picked":["Stack","Hologram"],"picked":"White Noise","floor":1},{"not_picked":["Melter","Reinforced Body"],"picked":"White Noise","floor":2},{"not_picked":["Redo","Barrage"],"picked":"Core Surge","floor":3},{"not_picked":["Turbo","Stack","Compile Driver"],"picked":"SKIP","floor":5},{"not_picked":["Go for the Eyes","Steam Power","Sweeping Beam"],"picked":"SKIP","floor":10},{"not_picked":["Conserve Battery","Sweeping Beam","Steam Power"],"picked":"SKIP","floor":13},{"not_picked":["Streamline","Redo"],"picked":"Cold Snap","floor":14},{"not_picked":["Meteor Strike","Core Surge"],"picked":"Echo Form","floor":16},{"not_picked":["Gash","Ball Lightning"],"picked":"Static Discharge","floor":18},{"not_picked":["Auto Shields+1","BootSequence"],"picked":"Sunder+1","floor":21},{"not_picked":["Coolheaded+1","Leap","Redo+1"],"picked":"SKIP","floor":22},{"not_picked":["Cold Snap","Scrape+1","Static Discharge"],"picked":"SKIP","floor":27},{"not_picked":["Hologram","Go for the Eyes","Sweeping Beam"],"picked":"SKIP","floor":30},{"not_picked":["Rebound","Chill","Sunder"],"picked":"SKIP","floor":31},{"not_picked":["Gash+1","Stack+1","Leap"],"picked":"SKIP","floor":35},{"not_picked":["Recycle","Gash","Barrage"],"picked":"SKIP","floor":37},{"not_picked":["Reprogram+1","Recycle"],"picked":"Loop","floor":38},{"not_picked":["Sweeping Beam","Rebound","Steam"],"picked":"SKIP","floor":39},{"not_picked":["Conserve Battery","Glacier"],"picked":"Consume+1","floor":40},{"not_picked":["Sweeping Beam+1","Compile Driver","Skim"],"picked":"SKIP","floor":42},{"not_picked":["Core Surge","Rebound+1","Hologram"],"picked":"SKIP","floor":45},{"not_picked":["Heatsinks","Hologram","Leap"],"picked":"SKIP","floor":46}],"player_experience":820372,"relics_obtained":[{"floor":9,"key":"Emotion Chip"},{"floor":14,"key":"Bird Faced Urn"},{"floor":26,"key":"DataDisk"},{"floor":31,"key":"Letter Opener"},{"floor":40,"key":"Strawberry"},{"floor":42,"key":"Anchor"},{"floor":43,"key":"Dream Catcher"},{"floor":45,"key":"Ornamental Fan"},{"floor":48,"key":"Ice Cream"}],"event_choices":[{"cards_removed":["Strike_B"],"damage_healed":0,"gold_gain":0,"player_choice":"Card Removal","damage_taken":7,"max_hp_gain":0,"max_hp_loss":0,"event_name":"Golden Wing","floor":7,"gold_loss":0},{"damage_healed":0,"gold_gain":0,"player_choice":"Grow","damage_taken":0,"max_hp_gain":0,"max_hp_loss":0,"event_name":"Living Wall","floor":11,"gold_loss":0,"cards_upgraded":["White Noise"]},{"damage_healed":0,"gold_gain":0,"player_choice":"Gave Potion","damage_taken":0,"relics_obtained":["Juzu Bracelet"],"max_hp_gain":0,"max_hp_loss":0,"event_name":"WeMeetAgain","floor":20,"gold_loss":0},{"damage_healed":0,"gold_gain":99,"player_choice":"Stole From Cult","damage_taken":0,"max_hp_gain":0,"max_hp_loss":0,"event_name":"Nest","floor":24,"gold_loss":0},{"damage_healed":0,"gold_gain":0,"player_choice":"Ignored","damage_taken":0,"max_hp_gain":0,"max_hp_loss":0,"event_name":"Ghosts","floor":28,"gold_loss":0},{"damage_healed":0,"gold_gain":0,"player_choice":"Memory 1","damage_taken":0,"max_hp_gain":0,"max_hp_loss":0,"event_name":"SensoryStone","floor":47,"gold_loss":0},{"damage_healed":0,"gold_gain":0,"player_choice":"Fight","damage_taken":0,"max_hp_gain":0,"max_hp_loss":0,"event_name":"MindBloom","floor":48,"gold_loss":0}],"is_beta":false,"boss_relics":[{"not_picked":["Pandora\u0027s Box","Busted Crown"],"picked":"Cursed Key"},{"not_picked":["Tiny House","Black Star"],"picked":"Inserter"}],"items_purged_floors":[36],"is_endless":false,"potions_floor_spawned":[3,10,13,14,33,35,39,42,46],"ascension_level":13}}