{"host":"gj32n68c553yo87c","time":1609199424,"event":{"mods":["BaseMod","Downfall","Minty Spire (QoL Compilation)","Replay The Spire","StSLib","The Cursed"],"gold_per_floor":[118,130,130,130,141,141,166,166,192,192,192,227,239,268,268,372,372,392,456,456,467,480,507,524,574,599,650,700,764,764,833,833,1007,1007,1036,1108,1108,1108,884,884,961,989,989,989,1081,377,401,429,429,507,507,507,71,135,187,187],"floor_reached":55,"playtime":2016,"items_purged":["TheCursedMod:ParallelWorld+1"],"score":1206,"play_id":"85daed63-51c8-4051-8ea2-0b84cfee041a","local_time":"20201228155024","is_ascension_mode":true,"campfire_choices":[{"floor":6.0,"key":"RECALL"},{"data":"TheCursedMod:Mangle","floor":8.0,"key":"SMITH"},{"data":"TheCursedMod:Mangle","floor":10.0,"key":"SMITH"},{"data":"TheCursedMod:Stigma","floor":15.0,"key":"SMITH"},{"data":"TheCursedMod:CircleOfFlame","floor":30,"key":"SMITH"},{"data":"TheCursedMod:Mangle","floor":32,"key":"SMITH"},{"data":"Flash of Steel","floor":40,"key":"SMITH"},{"floor":49,"key":"REST"},{"floor":52,"key":"REST"}],"circlet_count":0,"master_deck":["TheCursedMod:Stigma+1","TheCursedMod:CircleOfFlame+1","TheCursedMod:Mangle+1","TheCursedMod:Mangle+1","TheCursedMod:Mangle+1","TheCursedMod:NeowsMight+1","Flash of Steel+1","TheCursedMod:CircleOfFlame+1"],"relics":["TheCursedMod:Tack","Gremlin Horn","Mummified Hand","Strawberry","Oddly Smooth Stone","Quantum Egg","Replay:Bandana","Letter Opener","Vajra","Unceasing Top","Lee\u0027s Waffle","Meat on the Bone","Eternal Feather","ReplayTheSpireMod:Ring of Challenge","Medical Kit","Golden Egg","Frozen Egg 2","TheCursedMod:PinkPellets","Lizard Tail","TheCursedMod:BloodyHarpoon"],"acts_visited":["Exordium","TheCity","TheBeyond","TheEnding"],"potions_floor_usage":[29,47],"damage_taken":[{"damage":0.0,"enemies":"Small Slimes","floor":1.0,"turns":1.0},{"damage":0.0,"enemies":"Jaw Worm","floor":2.0,"turns":1.0},{"damage":0.0,"enemies":"Cultist","floor":5.0,"turns":1.0},{"damage":0.0,"enemies":"Lagavulin","floor":7.0,"turns":1.0},{"damage":0.0,"enemies":"3 Sentries","floor":12.0,"turns":1.0},{"damage":0.0,"enemies":"Exordium Wildlife","floor":13.0,"turns":1.0},{"damage":0.0,"enemies":"Gremlin Nob","floor":14.0,"turns":2.0},{"damage":0.0,"enemies":"Slime Boss","floor":16.0,"turns":4.0},{"damage":10.0,"enemies":"2 Thieves","floor":18.0,"turns":1.0},{"damage":10.0,"enemies":"Chosen","floor":21.0,"turns":1.0},{"damage":10.0,"enemies":"Sentry and Sphere","floor":22.0,"turns":3.0},{"damage":0.0,"enemies":"Gremlin Leader","floor":23.0,"turns":1.0},{"damage":0.0,"enemies":"Chosen and Byrds","floor":24.0,"turns":1.0},{"damage":0,"enemies":"Cultist and Chosen","floor":27,"turns":1},{"damage":0,"enemies":"Snecko","floor":28,"turns":1},{"damage":0,"enemies":"Replay:Snechameleon","floor":29,"turns":1},{"damage":0,"enemies":"Gremlin Leader","floor":31,"turns":1},{"damage":0,"enemies":"Champ","floor":33,"turns":1},{"damage":0,"enemies":"3 Darklings","floor":35,"turns":1},{"damage":0,"enemies":"2 Orb Walkers","floor":36,"turns":1},{"damage":0,"enemies":"Giant Head","floor":41,"turns":1},{"damage":0,"enemies":"Orb Walker","floor":42,"turns":1},{"damage":51,"enemies":"Writhing Mass","floor":45,"turns":1},{"damage":0,"enemies":"Sphere and 2 Shapes","floor":47,"turns":1},{"damage":0,"enemies":"Jaw Worm Horde","floor":48,"turns":1},{"damage":0,"enemies":"Awakened One","floor":50,"turns":2},{"damage":62,"enemies":"Shield and Spear","floor":54,"turns":3},{"damage":129,"enemies":"The Heart","floor":55,"turns":4}],"seed_played":"8056822549053994105","potions_obtained":[{"floor":5.0,"key":"Regen Potion"},{"floor":7.0,"key":"GamblersBrew"},{"floor":12.0,"key":"LifebloodPotion"},{"floor":14.0,"key":"sneckomod:MuddlingPotion"},{"floor":19.0,"key":"hexamod:EctoCoolerPotion"},{"floor":22.0,"key":"LifebloodPotion"},{"floor":31,"key":"Reflective Coating"},{"floor":47,"key":"AttackPotion"}],"is_trial":false,"path_per_floor":["M","M","?","T","M","R","E","R","T","R","?","E","M","E","R","B",null,"M","?","?","M","M","E","M","?","T","M","M","E","R","E","R","B",null,"M","?","?","?","$","R","E","M","T","?","M","$","M","M","R","B",null,"R","$","E","B"],"character_chosen":"THE_CURSED","items_purchased":["Lee\u0027s Waffle","Medical Kit","Golden Egg","Frozen Egg 2","PowerPotion","TheCursedMod:PinkPellets","Lizard Tail"],"campfire_rested":2,"item_purchase_floors":[39,46,46,46,46,53,53],"current_hp_per_floor":[75,75,75,75,75,75,75,75,75,75,75,82,82,82,82,82,82,72,72,72,62,52,52,52,52,52,52,52,52,52,52,52,52,82,82,82,82,82,89,89,89,89,89,89,50,50,50,50,79,79,89,89,89,39,0,0],"gold":187,"neow_bonus":"REMOVE_CARD","is_daily":false,"chose_seed":false,"campfire_upgraded":6,"win_rate":0.0,"timestamp":1609199424,"path_taken":["M","M","?","?","M","R","E","R","T","R","?","E","M","E","R","BOSS","M","?","?","M","M","E","M","?","T","M","?","E","R","E","R","BOSS","M","?","?","?","$","R","E","?","T","?","M","$","M","M","R","BOSS","R","$","E","BOSS"],"items_purchased_type":["Relic","Relic","Relic","Relic","Potion","Relic","Relic"],"build_version":"2020-12-13","purchased_purges":1,"victory":false,"max_hp_per_floor":[75,75,75,75,75,75,75,75,75,75,75,82,82,82,82,82,82,82,82,82,82,82,82,82,82,82,82,82,82,82,82,82,82,82,82,82,82,82,89,89,89,89,89,89,89,89,89,89,89,89,89,89,89,89,89,89],"card_choices":[{"not_picked":["TheCursedMod:Stretching","TheCursedMod:CircleOfFlame","TheCursedMod:FuryStrike"],"picked":"SKIP","floor":1.0},{"not_picked":["TheCursedMod:SmokeScreen","TheCursedMod:Stigma","TheCursedMod:CircleOfFlame"],"picked":"SKIP","floor":2.0},{"not_picked":["TheCursedMod:OutForBlood","TheCursedMod:CircleOfCorruption","TheCursedMod:CursedBlade"],"picked":"SKIP","floor":5.0},{"not_picked":["TheCursedMod:OutForBlood","TheCursedMod:CircleOfCorruption","TheCursedMod:CursedBlade"],"picked":"SKIP","floor":5.0},{"not_picked":["TheCursedMod:CursedShiv","TheCursedMod:VitalStrike","TheCursedMod:CircleOfFlame"],"picked":"SKIP","floor":7.0},{"not_picked":["TheCursedMod:CircleOfFlame","TheCursedMod:Stigma","TheCursedMod:Obscuration"],"picked":"SKIP","floor":12.0},{"not_picked":["TheCursedMod:SaltUponWound","TheCursedMod:ManaCirculation","TheCursedMod:CursedBlade"],"picked":"SKIP","floor":13.0},{"not_picked":["TheCursedMod:CursedSpellbook","TheCursedMod:CursedShiv","TheCursedMod:DemonicPact"],"picked":"SKIP","floor":14.0},{"not_picked":["TheCursedMod:SpitefulPray","TheCursedMod:SmokeScreen+1","TheCursedMod:CursedBlade"],"picked":"SKIP","floor":18.0},{"not_picked":["TheCursedMod:Grudge","TheCursedMod:Wield+1","TheCursedMod:Stigma+1"],"picked":"SKIP","floor":21.0},{"not_picked":["TheCursedMod:Wield+1","TheCursedMod:CursedAmulet+1","TheCursedMod:SpitefulStrike"],"picked":"SKIP","floor":22.0},{"not_picked":["TheCursedMod:AshesToAshes+1","TheCursedMod:DemonSword","TheCursedMod:CircleOfBlood+1"],"picked":"SKIP","floor":23.0},{"not_picked":["TheCursedMod:WearCloak+1","TheCursedMod:ReleasedStrength+1","TheCursedMod:CursedArmor+1"],"picked":"SKIP","floor":24.0},{"not_picked":["TheCursedMod:CursedShiv","TheCursedMod:CircleOfBlood","TheCursedMod:Grudge"],"picked":"SKIP","floor":27},{"not_picked":["TheCursedMod:Stretching","TheCursedMod:BlessingInDisguise","TheCursedMod:CircleOfWindfury"],"picked":"SKIP","floor":28},{"not_picked":["TheCursedMod:SpitefulPray","TheCursedMod:StingEye+1","TheCursedMod:CursedStaff"],"picked":"SKIP","floor":29},{"not_picked":["TheCursedMod:SpitefulPray+1","TheCursedMod:Torture+1","TheCursedMod:Evocation"],"picked":"SKIP","floor":31},{"not_picked":["TheCursedMod:CircleOfBlood+1","TheCursedMod:SpitefulStrike","TheCursedMod:CircleOfFocus+1"],"picked":"SKIP","floor":35},{"not_picked":["TheCursedMod:CursedMace","TheCursedMod:SmokeScreen+1"],"picked":"TheCursedMod:CircleOfFlame+1","floor":41},{"not_picked":["TheCursedMod:DemonicPact","TheCursedMod:Wield","TheCursedMod:FleshFromBone+1"],"picked":"SKIP","floor":42},{"not_picked":["TheCursedMod:CircleOfAmplification","TheCursedMod:Stigma","TheCursedMod:SurpriseAttack"],"picked":"SKIP","floor":45},{"not_picked":["TheCursedMod:FleshFromBone","TheCursedMod:StingEye","TheCursedMod:SoulCrush+1"],"picked":"SKIP","floor":47},{"not_picked":["TheCursedMod:SpitefulPlan+1","TheCursedMod:VitalStrike","TheCursedMod:Evocation+1"],"picked":"SKIP","floor":48},{"not_picked":["TheCursedMod:SmokeScreen","TheCursedMod:CircleOfFlame+1","TheCursedMod:StunningStrike"],"picked":"SKIP","floor":54}],"player_experience":70776,"relics_obtained":[{"floor":4.0,"key":"Gremlin Horn"},{"floor":7.0,"key":"Mummified Hand"},{"floor":12.0,"key":"Strawberry"},{"floor":14.0,"key":"Oddly Smooth Stone"},{"floor":23.0,"key":"Quantum Egg"},{"floor":26,"key":"Replay:Bandana"},{"floor":29,"key":"Letter Opener"},{"floor":31,"key":"Vajra"},{"floor":36,"key":"Unceasing Top"},{"floor":41,"key":"Meat on the Bone"},{"floor":43,"key":"Eternal Feather"},{"floor":44,"key":"ReplayTheSpireMod:Ring of Challenge"},{"floor":54,"key":"TheCursedMod:BloodyHarpoon"}],"event_choices":[{"damage_healed":0.0,"max_hp_gain":0.0,"max_hp_loss":0.0,"gold_gain":0.0,"event_name":"Upgrade Shrine","player_choice":"Upgraded","floor":11.0,"gold_loss":0.0,"damage_taken":0.0,"cards_upgraded":["TheCursedMod:NeowsMight"]},{"damage_healed":0.0,"max_hp_gain":0.0,"max_hp_loss":0.0,"gold_gain":0.0,"event_name":"Cursed Tome","player_choice":"Ignored","floor":20.0,"gold_loss":0.0,"damage_taken":0.0},{"damage_healed":0,"gold_gain":100,"player_choice":"Bet on Murderer","damage_taken":0,"max_hp_gain":0,"max_hp_loss":0,"event_name":"The Joust","floor":25,"gold_loss":50},{"damage_healed":0,"gold_gain":0,"player_choice":"Fight","damage_taken":0,"max_hp_gain":0,"max_hp_loss":0,"event_name":"Mysterious Sphere","floor":36,"gold_loss":0},{"cards_removed":["TheCursedMod:AshesToAshes"],"damage_healed":0,"gold_gain":0,"player_choice":"Removed Skill","damage_taken":0,"max_hp_gain":0,"max_hp_loss":0,"event_name":"Falling","floor":37,"gold_loss":0},{"damage_healed":0,"gold_gain":0,"player_choice":"Ignored","damage_taken":0,"max_hp_gain":0,"max_hp_loss":0,"event_name":"Tomb of Lord Red Mask","floor":38,"gold_loss":0}],"is_beta":false,"boss_relics":[{"not_picked":["Ectoplasm","Coffee Dripper","Honey Jar"]},{"not_picked":["TheCursedMod:FourLeafCloverCharm","Sozu","Abe\u0027s Treasure"]}],"items_purged_floors":[39],"is_endless":false,"potions_floor_spawned":[5,7,12,14,22,24,28,31,33,35,41,47],"killed_by":"The Heart","ascension_level":1}}