{"host":"k7udt7atmcuzf6l0","time":1609158132,"event":{"mods":["AchievementEnabler","BaseMod","Colored Map","Colored Powertips","Highlight Path","Minty Spire (QoL Compilation)","Quick Restart","Rare Cards Sparkle","StSLib"],"gold_per_floor":[118,118,118,83,93,93,93,93,93,17,17,32,66,66,66,196,196,215,215,215,215,231,231,272,288,288,288,288,44,4,29,29,153,153,167,14,27,27,27,27,52,72,95,158,158,198,198,232,232,232,232],"floor_reached":50,"playtime":1222,"items_purged":[],"score":512,"play_id":"662f36d4-fb6b-4d8c-a9bb-6eb88e5ed633","local_time":"20201228202212","is_ascension_mode":false,"campfire_choices":[{"data":"Pommel Strike","floor":6.0,"key":"SMITH"},{"data":"Twin Strike","floor":8.0,"key":"SMITH"},{"data":"Seeing Red","floor":15.0,"key":"SMITH"},{"floor":23.0,"key":"REST"},{"floor":27.0,"key":"REST"},{"floor":32.0,"key":"REST"},{"floor":40.0,"key":"REST"},{"floor":45.0,"key":"REST"},{"floor":47.0,"key":"REST"},{"floor":49.0,"key":"REST"}],"circlet_count":0,"master_deck":["Strike_R+1","Strike_R+1","Strike_R+1","Strike_R+1","Strike_R+1","Defend_R+1","Defend_R+1","Defend_R+1","Bash","Pommel Strike+1","Twin Strike+1","Seeing Red+1","Inflame+1","Clash","Reaper","Second Wind+1","Inflame+1","Clash+1","Flex+1","Whirlwind","Cleave+1","Perfected Strike+1","Perfected Strike+1","Finesse+1","Cleave+1","Pummel+1","Iron Wave+1","Flex+1","Pummel+1","Seeing Red+1","Shrug It Off+1","Warcry+1","Seeing Red+1"],"relics":["Burning Blood","NeowsBlessing","Frozen Egg 2","Paper Frog","Red Skull","Golden Idol","Pantograph","Fusion Hammer","MutagenicStrength","Calipers","CaptainsWheel","Shuriken","Philosopher\u0027s Stone","Dream Catcher","War Paint","Incense Burner","Ancient Tea Set","Toy Ornithopter"],"acts_visited":["Exordium","TheCity","TheBeyond"],"potions_floor_usage":[],"damage_taken":[{"damage":0.0,"enemies":"2 Louse","floor":1.0,"turns":1.0},{"damage":0.0,"enemies":"Small Slimes","floor":5.0,"turns":1.0},{"damage":0.0,"enemies":"Jaw Worm","floor":12.0,"turns":1.0},{"damage":26.0,"enemies":"3 Sentries","floor":13.0,"turns":5.0},{"damage":44.0,"enemies":"The Guardian","floor":16.0,"turns":6.0},{"damage":5.0,"enemies":"Chosen","floor":18.0,"turns":3.0},{"damage":2.0,"enemies":"Shell Parasite","floor":22.0,"turns":3.0},{"damage":22.0,"enemies":"Book of Stabbing","floor":24.0,"turns":4.0},{"damage":18.0,"enemies":"Shelled Parasite and Fungi","floor":25.0,"turns":4.0},{"damage":7.0,"enemies":"Chosen and Byrds","floor":31.0,"turns":4.0},{"damage":9.0,"enemies":"Champ","floor":33.0,"turns":5.0},{"damage":1.0,"enemies":"3 Shapes","floor":35.0,"turns":2.0},{"damage":28.0,"enemies":"3 Darklings","floor":37.0,"turns":3.0},{"damage":26.0,"enemies":"Maw","floor":41.0,"turns":5.0},{"damage":25.0,"enemies":"Jaw Worm Horde","floor":42.0,"turns":3.0},{"damage":27.0,"enemies":"Mind Bloom Boss Battle","floor":44.0,"turns":4.0},{"damage":7.0,"enemies":"Giant Head","floor":46.0,"turns":5.0},{"damage":67.0,"enemies":"Reptomancer","floor":48.0,"turns":4.0},{"damage":106,"enemies":"Awakened One","floor":50,"turns":8}],"seed_played":"-875637549758050270","potions_obtained":[{"floor":12.0,"key":"Regen Potion"},{"floor":13.0,"key":"SkillPotion"},{"floor":22.0,"key":"Energy Potion"},{"floor":24.0,"key":"Strength Potion"},{"floor":31.0,"key":"Weak Potion"},{"floor":33.0,"key":"LiquidBronze"},{"floor":35.0,"key":"LiquidBronze"}],"is_trial":false,"path_per_floor":["M","?","?","?","M","R","T","R","T","$","?","M","E","$","R","B",null,"M","?","?","?","M","R","E","M","T","R","?","$","$","M","R","B",null,"M","$","M","?","?","R","M","M","T","?","R","E","R","E","R","B"],"character_chosen":"IRONCLAD","items_purchased":["Seeing Red","Shuriken","Whirlwind","Dream Catcher"],"campfire_rested":7,"item_purchase_floors":[10,29,30,36],"current_hp_per_floor":[80,64,61,80,80,80,80,80,80,80,60,66,55,55,55,42,80,80,80,80,80,80,80,64,52,52,76,76,76,76,80,80,77,80,80,80,68,68,68,80,66,47,47,51,75,80,80,49,73,0,0],"gold":232,"neow_bonus":"THREE_ENEMY_KILL","is_daily":false,"chose_seed":false,"campfire_upgraded":3,"win_rate":0.0,"timestamp":1609158132,"path_taken":["M","?","?","?","M","R","?","R","T","$","?","?","E","$","R","BOSS","M","?","?","?","M","R","E","M","T","R","?","?","$","M","R","BOSS","M","$","M","?","?","R","M","M","T","?","R","E","R","E","R","BOSS"],"items_purchased_type":["Card","Relic","Card","Relic"],"build_version":"2020-12-22","purchased_purges":0,"victory":false,"max_hp_per_floor":[80,80,80,80,80,80,80,80,80,80,80,80,80,80,80,80,80,80,80,80,80,80,80,80,80,80,80,80,80,80,80,80,80,80,80,80,80,80,80,80,80,80,80,80,80,80,80,80,80,80,80],"card_choices":[{"not_picked":["True Grit","Warcry"],"picked":"Pommel Strike","floor":1.0},{"not_picked":["Iron Wave","Ghostly Armor"],"picked":"Twin Strike","floor":5.0},{"not_picked":["Iron Wave","Body Slam"],"picked":"Inflame+1","floor":12.0},{"not_picked":["True Grit","Reckless Charge"],"picked":"Clash","floor":13.0},{"not_picked":["Double Tap","Impervious"],"picked":"Reaper","floor":16.0},{"not_picked":["Thunderclap","Power Through+1"],"picked":"Second Wind+1","floor":18.0},{"not_picked":["Flex","Shrug It Off","Clash"],"picked":"SKIP","floor":22.0},{"not_picked":["Body Slam","Sword Boomerang"],"picked":"Clash+1","floor":24.0},{"not_picked":["Rampage","Searing Blow"],"picked":"Flex+1","floor":25.0},{"not_picked":["Armaments","Iron Wave"],"picked":"Cleave+1","floor":31.0},{"not_picked":["Searing Blow+1","Cleave+1"],"picked":"Perfected Strike+1","floor":35.0},{"not_picked":["Hemokinesis","Twin Strike"],"picked":"Perfected Strike+1","floor":37.0},{"not_picked":["Dark Shackles","Mind Blast"],"picked":"Finesse","floor":39.0},{"not_picked":["Sword Boomerang","Pommel Strike"],"picked":"Cleave+1","floor":40.0},{"not_picked":["Power Through+1","Dual Wield+1"],"picked":"Pummel+1","floor":41.0},{"not_picked":["Shrug It Off","Power Through"],"picked":"Iron Wave+1","floor":42.0},{"not_picked":["Headbutt","Perfected Strike+1"],"picked":"Flex+1","floor":44.0},{"not_picked":["Pommel Strike","Combust+1"],"picked":"Pummel+1","floor":45.0},{"not_picked":["Impervious","Clash"],"picked":"Seeing Red+1","floor":46.0},{"not_picked":["Pommel Strike","Blood for Blood+1"],"picked":"Shrug It Off+1","floor":47.0},{"not_picked":["Shrug It Off+1","Feed"],"picked":"Warcry+1","floor":48.0},{"not_picked":["Armaments","Thunderclap"],"picked":"Seeing Red+1","floor":49.0}],"player_experience":197,"relics_obtained":[{"floor":7.0,"key":"Paper Frog"},{"floor":9.0,"key":"Red Skull"},{"floor":13.0,"key":"Pantograph"},{"floor":24.0,"key":"Calipers"},{"floor":26.0,"key":"CaptainsWheel"},{"floor":43.0,"key":"War Paint"},{"floor":44.0,"key":"Incense Burner"},{"floor":46.0,"key":"Ancient Tea Set"},{"floor":48.0,"key":"Toy Ornithopter"}],"event_choices":[{"damage_healed":0.0,"max_hp_gain":0.0,"max_hp_loss":0.0,"gold_gain":0.0,"event_name":"Shining Light","player_choice":"Entered Light","floor":2.0,"gold_loss":0.0,"damage_taken":16.0,"cards_upgraded":["Strike_R","Strike_R"]},{"damage_healed":0.0,"max_hp_gain":0.0,"max_hp_loss":0.0,"gold_gain":0.0,"event_name":"Scrap Ooze","player_choice":"Success","floor":3.0,"gold_loss":0.0,"damage_taken":3.0,"relics_obtained":["Frozen Egg 2"]},{"damage_healed":20.0,"max_hp_gain":0.0,"max_hp_loss":0.0,"gold_gain":0.0,"event_name":"The Cleric","player_choice":"Healed","floor":4.0,"gold_loss":35.0,"damage_taken":0.0},{"damage_healed":0.0,"max_hp_gain":0.0,"max_hp_loss":0.0,"gold_gain":0.0,"event_name":"Golden Idol","player_choice":"Take Damage","floor":11.0,"gold_loss":0.0,"damage_taken":20.0,"relics_obtained":["Golden Idol"]},{"damage_healed":0.0,"max_hp_gain":0.0,"max_hp_loss":0.0,"gold_gain":0.0,"event_name":"Back to Basics","player_choice":"Simplicity","floor":19.0,"gold_loss":0.0,"damage_taken":0.0,"cards_upgraded":["Strike_R","Strike_R","Strike_R","Defend_R","Defend_R","Defend_R","Defend_R"]},{"damage_healed":0.0,"max_hp_gain":0.0,"max_hp_loss":0.0,"gold_gain":0.0,"event_name":"Drug Dealer","player_choice":"Inject Mutagens","floor":20.0,"gold_loss":0.0,"damage_taken":0.0,"relics_obtained":["MutagenicStrength"]},{"damage_healed":0.0,"max_hp_gain":0.0,"max_hp_loss":0.0,"gold_gain":0.0,"event_name":"The Library","player_choice":"Read","floor":21.0,"gold_loss":0.0,"damage_taken":0.0,"cards_obtained":["Inflame"]},{"damage_healed":0.0,"max_hp_gain":0.0,"max_hp_loss":0.0,"gold_gain":0.0,"event_name":"Ghosts","player_choice":"Ignored","floor":28.0,"gold_loss":0.0,"damage_taken":0.0},{"cards_removed":["Defend_R"],"damage_healed":0.0,"max_hp_gain":0.0,"max_hp_loss":0.0,"gold_gain":0.0,"event_name":"Falling","player_choice":"Removed Skill","floor":38.0,"gold_loss":0.0,"damage_taken":0.0},{"damage_healed":0.0,"max_hp_gain":0.0,"max_hp_loss":0.0,"gold_gain":0.0,"event_name":"SensoryStone","player_choice":"Memory 1","floor":39.0,"gold_loss":0.0,"damage_taken":0.0},{"damage_healed":0.0,"max_hp_gain":0.0,"max_hp_loss":0.0,"gold_gain":0.0,"event_name":"MindBloom","player_choice":"Fight","floor":44.0,"gold_loss":0.0,"damage_taken":0.0}],"is_beta":false,"boss_relics":[{"not_picked":["Calling Bell","SlaversCollar"],"picked":"Fusion Hammer"},{"not_picked":["Astrolabe","Empty Cage"],"picked":"Philosopher\u0027s Stone"}],"items_purged_floors":[],"is_endless":false,"potions_floor_spawned":[12,13,22,24,31,33,35],"killed_by":"Awakened One","ascension_level":0}}