{"host":"7mrmd33mpx7q5wx9","time":1609121120,"event":{"mods":["AchievementEnabler","BaseMod","BetterRewards","Colored Map","Defuse TimeMaze Blight","Minty Spire (QoL Compilation)","Permanent Neow","Quick Restart","StSLib"],"gold_per_floor":[111,52,62,73,86,86,112,112,112,122,222,236,249,249,249],"floor_reached":14,"playtime":443,"items_purged":[],"score":136,"play_id":"98189e15-8dfd-4fe5-8e5e-c17c1bb16786","local_time":"20201227200520","is_ascension_mode":true,"campfire_choices":[{"data":"Bash","floor":6,"key":"SMITH"},{"data":"Burning Pact","floor":8,"key":"SMITH"}],"circlet_count":0,"master_deck":["Strike_R","Strike_R","Strike_R","Strike_R","Strike_R","Defend_R","Defend_R","Defend_R","Defend_R","Bash+1","Sword Boomerang","Evolve","Burning Pact+1","Bloodletting","True Grit","Shrug It Off","Sever Soul"],"relics":["Burning Blood","Champion Belt","Gremlin Horn","Mummified Hand","HornCleat"],"acts_visited":["Exordium"],"potions_floor_usage":[7,7],"damage_taken":[{"damage":4,"enemies":"2 Louse","floor":1,"turns":4},{"damage":1,"enemies":"Cultist","floor":3,"turns":3},{"damage":11,"enemies":"Small Slimes","floor":4,"turns":3},{"damage":12,"enemies":"Exordium Thugs","floor":5,"turns":4},{"damage":20,"enemies":"Gremlin Nob","floor":7,"turns":4},{"damage":10,"enemies":"3 Louse","floor":10,"turns":4},{"damage":7,"enemies":"Blue Slaver","floor":12,"turns":3},{"damage":26,"enemies":"Exordium Thugs","floor":13,"turns":6},{"damage":21,"enemies":"Lagavulin","floor":14,"turns":3}],"seed_played":"4181055448260507342","potions_obtained":[{"floor":1,"key":"DuplicationPotion"},{"floor":5,"key":"Block Potion"}],"is_trial":false,"path_per_floor":["M","?","M","M","M","R","E","R","T","M","?","M","M","E"],"character_chosen":"IRONCLAD","items_purchased":["Champion Belt"],"campfire_rested":0,"item_purchase_floors":[0],"current_hp_per_floor":[64,64,69,64,58,58,44,44,44,40,40,39,19,0,0],"gold":249,"neow_bonus":"","is_daily":false,"chose_seed":false,"campfire_upgraded":2,"win_rate":0.0,"timestamp":1609121120,"path_taken":["M","?","M","?","M","R","E","R","T","M","?","M","?","E"],"items_purchased_type":["Relic"],"build_version":"2020-12-22","purchased_purges":0,"victory":false,"max_hp_per_floor":[80,80,80,80,80,80,80,80,80,80,80,80,80,80,80],"card_choices":[{"not_picked":["Dark Embrace","Dual Wield"],"picked":"Sword Boomerang","floor":1},{"not_picked":["Wild Strike","Twin Strike"],"picked":"Evolve","floor":3},{"not_picked":["Hemokinesis","Warcry"],"picked":"Burning Pact","floor":4},{"not_picked":["Havoc","Reckless Charge"],"picked":"Bloodletting","floor":5},{"not_picked":["Bloodletting","Clash"],"picked":"True Grit","floor":7},{"not_picked":["Clash","Havoc","Warcry"],"picked":"SKIP","floor":10},{"not_picked":["Sentinel","Flex"],"picked":"Shrug It Off","floor":12},{"not_picked":["Armaments","Thunderclap"],"picked":"Sever Soul","floor":13}],"player_experience":355637,"relics_obtained":[{"floor":7,"key":"Mummified Hand"},{"floor":9,"key":"HornCleat"}],"event_choices":[{"damage_healed":0,"gold_gain":0,"player_choice":"Paid Gold","damage_taken":0,"relics_obtained":["Gremlin Horn"],"max_hp_gain":0,"max_hp_loss":0,"event_name":"WeMeetAgain","floor":2,"gold_loss":59},{"damage_healed":0,"gold_gain":100,"player_choice":"Pray","damage_taken":0,"max_hp_gain":0,"max_hp_loss":0,"event_name":"Golden Shrine","floor":11,"gold_loss":0}],"is_beta":false,"boss_relics":[],"items_purged_floors":[],"is_endless":false,"potions_floor_spawned":[1,5],"killed_by":"Lagavulin","ascension_level":9}}