{"host":"grli52lbdph2722t","time":1609174974,"event":{"mods":["AchievementEnabler","BaseMod","Downfall","Minty Spire (QoL Compilation)","Quick Restart","StSLib"],"gold_per_floor":[99,129,129,129,129,156,156,156,156,156,13,40,40,60,75,75,75,75],"floor_reached":16,"playtime":695,"items_purged":["champ:Defend"],"score":194,"play_id":"dfeed9f0-8797-4284-8c4b-81d9888ec9db","local_time":"20201228180254","is_ascension_mode":true,"campfire_choices":[{"data":"champ:Taunt","floor":1,"key":"SMITH"},{"data":"champ:AdrenalArmor","floor":8,"key":"SMITH"},{"data":"champ:GladiatorsShout","floor":10,"key":"SMITH"},{"data":"champ:VampiricStrike","floor":13,"key":"SMITH"}],"circlet_count":0,"master_deck":["AscendersBane","champ:Strike","champ:Strike","champ:Strike","champ:Defend","champ:Defend","champ:Defend","champ:Execute","champ:Taunt+1","champ:AdrenalArmor+1","champ:GladiatorsShout+1","champ:VampiricStrike+1","champ:BladeFlurry","champ:Encircle","champ:Backstep","champ:SwordSigil"],"relics":["champ:ChampionCrown","downfall:HeartsMalice","Bronze Scales","White Beast Statue","Gremlin Horn","FaceOfCleric","Meat on the Bone"],"acts_visited":["Exordium"],"potions_floor_usage":[12,16,16],"damage_taken":[{"damage":0,"enemies":"Jaw Worm","floor":3,"turns":1},{"damage":0,"enemies":"2 Louse","floor":5,"turns":1},{"damage":0,"enemies":"Gremlin Nob","floor":6,"turns":1},{"damage":22,"enemies":"downfall:FleeingMerchant","floor":11,"turns":4},{"damage":72,"enemies":"3 Sentries","floor":12,"turns":8},{"damage":14,"enemies":"Cultist","floor":14,"turns":4},{"damage":32,"enemies":"Gremlin Gang","floor":15,"turns":4},{"damage":121,"enemies":"downfall:Ironclad","floor":16,"turns":14}],"seed_played":"8573818530318011448","potions_obtained":[{"floor":11,"key":"AttackPotion"},{"floor":12,"key":"SneckoOil"},{"floor":14,"key":"FairyPotion"},{"floor":15,"key":"Weak Potion"}],"is_trial":false,"path_per_floor":["R","?","M","?","M","E","T","R","?","R","$","E","R","M","M","B"],"character_chosen":"THE_CHAMP","items_purchased":["champ:BladeFlurry"],"campfire_rested":0,"item_purchase_floors":[11],"current_hp_per_floor":[81,81,81,81,81,81,81,81,81,81,77,45,45,58,65,0,0,0],"gold":75,"neow_bonus":"THREE_ENEMY_KILL","is_daily":false,"chose_seed":false,"campfire_upgraded":4,"win_rate":0.0,"timestamp":1609174974,"path_taken":["R","?","M","?","M","E","T","R","?","R","$","E","R","M","M","BOSS"],"items_purchased_type":["Card"],"build_version":"2020-12-22","purchased_purges":1,"victory":false,"max_hp_per_floor":[90,90,90,90,90,90,90,90,90,90,91,92,92,93,94,94,94,94],"card_choices":[{"not_picked":["champ:BringItOn","champ:FlashCut"],"picked":"champ:AdrenalArmor","floor":3},{"not_picked":["champ:AdrenalArmor","champ:Circumvent"],"picked":"champ:GladiatorsShout","floor":5},{"not_picked":["champ:FightOn","champ:GladiatorsShout","champ:FocusedDefense"],"picked":"SKIP","floor":6},{"not_picked":["champ:RageSigil","champ:StanceDance"],"picked":"champ:VampiricStrike","floor":11},{"not_picked":["champ:DefensiveShout","champ:BringItOn"],"picked":"champ:Encircle","floor":12},{"not_picked":["champ:CrookedStrike","champ:GladiatorsShout"],"picked":"champ:Backstep","floor":14},{"not_picked":["champ:BladeFlurry","champ:TornadoPunch"],"picked":"champ:SwordSigil","floor":15}],"player_experience":4889311,"relics_obtained":[{"floor":6,"key":"White Beast Statue"},{"floor":7,"key":"Gremlin Horn"},{"floor":12,"key":"Meat on the Bone"}],"event_choices":[{"cards_removed":["champ:Strike"],"damage_healed":0,"gold_gain":0,"player_choice":"Card Removal","damage_taken":0,"max_hp_gain":0,"max_hp_loss":0,"event_name":"The Cleric","floor":4,"gold_loss":0},{"damage_healed":0,"gold_gain":0,"player_choice":"Trade","damage_taken":0,"relics_obtained":["FaceOfCleric"],"max_hp_gain":0,"max_hp_loss":0,"event_name":"FaceTrader","floor":9,"gold_loss":0}],"is_beta":false,"boss_relics":[],"items_purged_floors":[11],"is_endless":false,"potions_floor_spawned":[11,12,14,15],"killed_by":"downfall:Ironclad","ascension_level":10}}