{"host":"mmqs5ul2bvb60kyc","time":1609163791,"event":{"mods":["BaseMod","Minty Spire (QoL Compilation)","StSLib"],"gold_per_floor":[116,191,191,202,202,202,220,220,220,253,253,278,203,217,217,317,317,334,346,346,95,20,47,65,65,111,144,19,19,54,154,154,250,250,268,285,335,335,348,373,373,404,404,434,483,517,517,69,69,69,69,69,19,46,46],"floor_reached":56,"playtime":2859,"items_purged":["Defend_P","Defend_P","Strike_P","Strike_P+1"],"score":1956,"play_id":"7473510e-7239-4a3f-a796-182089561961","local_time":"20201228215631","is_ascension_mode":true,"campfire_choices":[{"data":"Eruption","floor":6.0,"key":"SMITH"},{"data":"Pray","floor":8.0,"key":"SMITH"},{"data":"Vault","floor":15.0,"key":"SMITH"},{"data":"Pray","floor":25.0,"key":"SMITH"},{"data":"Vault","floor":29.0,"key":"SMITH"},{"floor":32.0,"key":"REST"},{"floor":41.0,"key":"RECALL"},{"data":"Worship","floor":47.0,"key":"SMITH"},{"data":"Evaluate","floor":49.0,"key":"SMITH"},{"data":"Vigilance","floor":52,"key":"SMITH"}],"circlet_count":0,"master_deck":["Strike_P+1","Eruption+1","Vigilance+1","Pray+1","Evaluate+1","FlurryOfBlows+1","Worship+1","Vault+1","Vault+1","Pray+1","Prostrate+1","J.A.X.","Vault","BattleHymn+1","Brilliance+1","Madness","Madness","Crescendo+1"],"relics":["PureWater","NeowsBlessing","Centennial Puzzle","Strawberry","Bottled Flame","Empty Cage","Lee\u0027s Waffle","Omamori","Vajra","Nunchaku","Oddly Smooth Stone","CaptainsWheel","Shuriken","Philosopher\u0027s Stone","GoldenEye","Kunai","Pantograph","Incense Burner","Whetstone","Calipers","Singing Bowl","Gambling Chip","Lantern"],"acts_visited":["Exordium","TheCity","TheBeyond","TheEnding"],"potions_floor_usage":[55,55],"damage_taken":[{"damage":0.0,"enemies":"Jaw Worm","floor":1.0,"turns":1.0},{"damage":0.0,"enemies":"Small Slimes","floor":4.0,"turns":2.0},{"damage":0.0,"enemies":"Cultist","floor":7.0,"turns":1.0},{"damage":11.0,"enemies":"Lagavulin","floor":10.0,"turns":8.0},{"damage":12.0,"enemies":"Gremlin Nob","floor":12.0,"turns":4.0},{"damage":2.0,"enemies":"Exordium Wildlife","floor":14.0,"turns":4.0},{"damage":11.0,"enemies":"Slime Boss","floor":16.0,"turns":7.0},{"damage":1.0,"enemies":"Shell Parasite","floor":18.0,"turns":6.0},{"damage":19.0,"enemies":"2 Thieves","floor":19.0,"turns":4.0},{"damage":40.0,"enemies":"Slavers","floor":23.0,"turns":7.0},{"damage":3.0,"enemies":"Snake Plant","floor":24.0,"turns":2.0},{"damage":21.0,"enemies":"Book of Stabbing","floor":27.0,"turns":4.0},{"damage":13.0,"enemies":"Gremlin Leader","floor":30.0,"turns":4.0},{"damage":3.0,"enemies":"Colosseum Slavers","floor":31.0,"turns":3.0},{"damage":3.0,"enemies":"Colosseum Nobs","floor":31.0,"turns":3.0},{"damage":10.0,"enemies":"Automaton","floor":33.0,"turns":5.0},{"damage":9.0,"enemies":"3 Darklings","floor":35.0,"turns":3.0},{"damage":3.0,"enemies":"3 Shapes","floor":36.0,"turns":2.0},{"damage":3.0,"enemies":"Mind Bloom Boss Battle","floor":37.0,"turns":3.0},{"damage":1.0,"enemies":"Maw","floor":39.0,"turns":5.0},{"damage":3.0,"enemies":"Nemesis","floor":40.0,"turns":3.0},{"damage":0.0,"enemies":"Reptomancer","floor":42.0,"turns":5.0},{"damage":3.0,"enemies":"Nemesis","floor":44.0,"turns":3.0},{"damage":3.0,"enemies":"2 Orb Walkers","floor":45.0,"turns":4.0},{"damage":4.0,"enemies":"Reptomancer","floor":46.0,"turns":3.0},{"damage":23.0,"enemies":"Awakened One","floor":50.0,"turns":6.0},{"damage":1,"enemies":"Shield and Spear","floor":54,"turns":4},{"damage":89,"enemies":"The Heart","floor":55,"turns":7}],"seed_played":"-4380633341003248621","potions_obtained":[{"floor":1.0,"key":"SteroidPotion"},{"floor":7.0,"key":"DuplicationPotion"},{"floor":10.0,"key":"SkillPotion"},{"floor":12.0,"key":"Weak Potion"},{"floor":16.0,"key":"BottledMiracle"},{"floor":19.0,"key":"Energy Potion"},{"floor":23.0,"key":"Fruit Juice"},{"floor":24.0,"key":"Fire Potion"},{"floor":31.0,"key":"PowerPotion"},{"floor":33.0,"key":"Explosive Potion"},{"floor":36.0,"key":"BottledMiracle"},{"floor":44.0,"key":"BottledMiracle"},{"floor":46.0,"key":"DuplicationPotion"}],"is_trial":false,"path_per_floor":["M","?","?","M","?","R","M","R","T","E","?","E","$","M","R","B",null,"M","M","?","$","?","E","M","R","T","E","$","R","E","?","R","B",null,"M","M","?","?","M","E","R","E","T","E","?","E","R","$","R","B",null,"R","$","E","B",null],"character_chosen":"WATCHER","items_purchased":["Lee\u0027s Waffle","Gambling Chip","PowerPotion"],"campfire_rested":1,"item_purchase_floors":[21,48,53],"current_hp_per_floor":[65,54,40,40,40,40,40,40,40,36,36,24,24,22,22,11,62,61,42,42,86,86,51,48,48,48,27,27,27,14,8,35,25,75,66,63,60,49,48,45,45,45,45,42,39,37,37,37,37,39,80,80,80,79,4],"gold":46,"neow_bonus":"THREE_ENEMY_KILL","is_daily":false,"chose_seed":false,"campfire_upgraded":8,"win_rate":0.0,"timestamp":1609163791,"path_taken":["M","?","?","M","?","R","?","R","T","E","?","E","$","?","R","BOSS","M","M","?","$","?","E","M","R","T","E","$","R","E","?","R","BOSS","M","M","?","?","M","E","R","E","T","E","?","E","R","$","R","BOSS","R","$","E","BOSS"],"items_purchased_type":["Relic","Relic","Potion"],"build_version":"2020-12-22","purchased_purges":4,"victory":true,"max_hp_per_floor":[72,72,72,72,72,72,72,72,72,79,79,79,79,79,79,79,79,79,79,79,86,86,91,91,91,91,91,91,91,91,91,91,91,91,91,91,91,91,91,91,91,91,91,91,91,93,93,93,93,93,93,93,93,93,93],"card_choices":[{"not_picked":["Indignation","Crescendo"],"picked":"Pray","floor":1.0},{"not_picked":["Halt","ClearTheMind","PathToVictory"],"picked":"SKIP","floor":4.0},{"not_picked":["BowlingBash","FollowUp"],"picked":"Evaluate","floor":7.0},{"not_picked":["Study","ThirdEye"],"picked":"FlurryOfBlows","floor":10.0},{"not_picked":["Weave","Crescendo","ThirdEye"],"picked":"SKIP","floor":12.0},{"not_picked":["ThirdEye","SashWhip","JustLucky"],"picked":"SKIP","floor":14.0},{"not_picked":["Establishment","ConjureBlade"],"picked":"Vault","floor":16.0},{"not_picked":["Worship","EmptyFist"],"picked":"Pray","floor":18.0},{"not_picked":["Pray","BowlingBash"],"picked":"Prostrate+1","floor":19.0},{"not_picked":["WaveOfTheHand","DeceiveReality","CutThroughFate"],"picked":"SKIP","floor":23.0},{"not_picked":["ThirdEye+1","Worship+1","DevaForm"],"picked":"SKIP","floor":24.0},{"not_picked":["Evaluate","FollowUp","Sanctity"],"picked":"SKIP","floor":27.0},{"not_picked":["Worship","InnerPeace"],"picked":"Vault","floor":30.0},{"not_picked":["SashWhip","Protect"],"picked":"BattleHymn+1","floor":31.0},{"not_picked":["Blasphemy","ConjureBlade"],"picked":"Brilliance","floor":33.0},{"not_picked":["Perseverance","SashWhip","FlyingSleeves"],"picked":"SKIP","floor":35.0},{"not_picked":["ThirdEye","BattleHymn+1","CutThroughFate+1"],"picked":"SKIP","floor":36.0},{"not_picked":["Pray","WreathOfFlame+1","FlyingSleeves+1"],"picked":"SKIP","floor":39.0},{"not_picked":["BowlingBash","WindmillStrike","Weave"],"picked":"SKIP","floor":40.0},{"not_picked":["BowlingBash+1","Consecrate","Ragnarok"],"picked":"SKIP","floor":42.0},{"not_picked":["Prostrate+1","Crescendo+1","JustLucky+1"],"picked":"SKIP","floor":44.0},{"not_picked":["SashWhip+1","Evaluate+1","LikeWater+1"],"picked":"Singing Bowl","floor":46.0},{"not_picked":["SashWhip","Fasting2"],"picked":"Crescendo+1","floor":54}],"player_experience":218496,"relics_obtained":[{"floor":10.0,"key":"Strawberry"},{"floor":12.0,"key":"Bottled Flame"},{"floor":23.0,"key":"Omamori"},{"floor":26.0,"key":"Vajra"},{"floor":27.0,"key":"Nunchaku"},{"floor":30.0,"key":"Oddly Smooth Stone"},{"floor":31.0,"key":"CaptainsWheel"},{"floor":31.0,"key":"Shuriken"},{"floor":37.0,"key":"GoldenEye"},{"floor":40.0,"key":"Kunai"},{"floor":42.0,"key":"Pantograph"},{"floor":43.0,"key":"Incense Burner"},{"floor":44.0,"key":"Whetstone"},{"floor":45.0,"key":"Calipers"},{"floor":46.0,"key":"Singing Bowl"},{"floor":54,"key":"Lantern"}],"event_choices":[{"damage_healed":0.0,"max_hp_gain":0.0,"max_hp_loss":0.0,"gold_gain":75.0,"event_name":"World of Goop","player_choice":"Gather Gold","floor":2.0,"gold_loss":0.0,"damage_taken":11.0},{"damage_healed":0.0,"max_hp_gain":0.0,"max_hp_loss":0.0,"gold_gain":0.0,"event_name":"Shining Light","player_choice":"Entered Light","floor":3.0,"gold_loss":0.0,"damage_taken":14.0,"cards_upgraded":["Strike_P","Strike_P"]},{"damage_healed":0.0,"max_hp_gain":0.0,"max_hp_loss":0.0,"gold_gain":0.0,"event_name":"WeMeetAgain","player_choice":"Gave Potion","floor":5.0,"gold_loss":0.0,"damage_taken":0.0,"relics_obtained":["Centennial Puzzle"]},{"damage_healed":0.0,"max_hp_gain":0.0,"max_hp_loss":0.0,"gold_gain":0.0,"event_name":"Match and Keep!","player_choice":"2 cards matched","floor":11.0,"gold_loss":0.0,"damage_taken":0.0,"cards_obtained":["Worship","Vault"]},{"damage_healed":0.0,"max_hp_gain":0.0,"max_hp_loss":0.0,"gold_gain":0.0,"event_name":"Drug Dealer","player_choice":"Obtain J.A.X.","floor":20.0,"gold_loss":0.0,"damage_taken":0.0,"cards_obtained":["J.A.X."]},{"cards_removed":["Strike_P"],"damage_healed":0.0,"max_hp_gain":0.0,"max_hp_loss":0.0,"gold_gain":0.0,"event_name":"Beggar","player_choice":"Gave Gold","floor":22.0,"gold_loss":75.0,"damage_taken":0.0},{"damage_healed":0.0,"max_hp_gain":0.0,"max_hp_loss":0.0,"gold_gain":0.0,"event_name":"Colosseum","player_choice":"Fight","floor":31.0,"gold_loss":0.0,"damage_taken":0.0},{"damage_healed":0.0,"max_hp_gain":0.0,"max_hp_loss":0.0,"gold_gain":0.0,"event_name":"Colosseum","player_choice":"Fought Nobs","floor":31.0,"gold_loss":0.0,"damage_taken":0.0},{"damage_healed":0.0,"max_hp_gain":0.0,"max_hp_loss":0.0,"gold_gain":0.0,"event_name":"MindBloom","player_choice":"Fight","floor":37.0,"gold_loss":0.0,"damage_taken":0.0},{"damage_healed":0.0,"max_hp_gain":0.0,"max_hp_loss":0.0,"gold_gain":0.0,"event_name":"Winding Halls","player_choice":"Embrace Madness","floor":38.0,"gold_loss":0.0,"damage_taken":11.0,"cards_obtained":["Madness","Madness"]},{"damage_healed":0.0,"max_hp_gain":0.0,"max_hp_loss":0.0,"gold_gain":0.0,"event_name":"Mysterious Sphere","player_choice":"Fight","floor":45.0,"gold_loss":0.0,"damage_taken":0.0}],"is_beta":false,"boss_relics":[{"not_picked":["Tiny House","Ectoplasm"],"picked":"Empty Cage"},{"not_picked":["Runic Pyramid","Astrolabe"],"picked":"Philosopher\u0027s Stone"}],"items_purged_floors":[13,21,28,48],"is_endless":false,"potions_floor_spawned":[1,7,10,12,16,19,23,24,31,33,36,39,42,44,46,54],"ascension_level":9}}