{"host":"7rmsgc3rayi00cdt","time":1609170911,"event":{"mods":["BaseMod","Minty Spire (QoL Compilation)"],"gold_per_floor":[114,264,281,281,292,292,309,309,309,309,335,345,363,389,389,466,466,418,451,451,451,451,451],"floor_reached":22,"playtime":741,"items_purged":[],"score":359,"play_id":"4381f0cc-7b1f-4542-9c3d-33952315fb20","local_time":"20201228155511","is_ascension_mode":true,"campfire_choices":[{"floor":6,"key":"REST"},{"data":"Neutralize","floor":8,"key":"SMITH"},{"data":"Finisher","floor":10,"key":"SMITH"},{"floor":15,"key":"REST"}],"circlet_count":0,"master_deck":["AscendersBane","Strike_G+1","Strike_G+1","Strike_G+1","Strike_G+1","Strike_G+1","Defend_G+1","Defend_G+1","Defend_G+1","Defend_G+1","Defend_G+1","Survivor+1","Neutralize+1","Dagger Spray","Doubt","Blade Dance","Finisher+1","Backflip","Infinite Blades","Blade Dance","Acrobatics","Choke","A Thousand Cuts","Leg Sweep"],"relics":["Ring of the Snake","Pocketwatch","Ice Cream","Anchor","SacredBark","Red Mask"],"acts_visited":["Exordium","TheCity"],"potions_floor_usage":[14,14,19],"damage_taken":[{"damage":6,"enemies":"Cultist","floor":1,"turns":5},{"damage":4,"enemies":"Jaw Worm","floor":3,"turns":5},{"damage":0,"enemies":"2 Louse","floor":5,"turns":2},{"damage":0,"enemies":"Looter","floor":7,"turns":3},{"damage":5,"enemies":"3 Sentries","floor":11,"turns":7},{"damage":0,"enemies":"2 Fungi Beasts","floor":12,"turns":3},{"damage":3,"enemies":"Blue Slaver","floor":13,"turns":4},{"damage":8,"enemies":"Gremlin Nob","floor":14,"turns":3},{"damage":34,"enemies":"Slime Boss","floor":16,"turns":8},{"damage":28,"enemies":"2 Thieves","floor":18,"turns":5},{"damage":16,"enemies":"Masked Bandits","floor":19,"turns":6},{"damage":22,"enemies":"Spheric Guardian","floor":22,"turns":3}],"seed_played":"3923072883594745201","potions_obtained":[{"floor":3,"key":"DistilledChaos"},{"floor":11,"key":"LiquidBronze"},{"floor":16,"key":"PowerPotion"}],"is_trial":false,"path_per_floor":["M","?","M","?","M","R","M","R","T","R","E","M","M","E","R","B",null,"M","?","?","?","M"],"character_chosen":"THE_SILENT","items_purchased":[],"campfire_rested":2,"item_purchase_floors":[],"current_hp_per_floor":[59,59,55,33,33,54,54,54,54,54,49,49,46,38,59,25,60,32,16,16,16,0,0],"gold":451,"neow_bonus":"TEN_PERCENT_HP_BONUS","is_daily":false,"chose_seed":false,"campfire_upgraded":2,"win_rate":0.0,"timestamp":1609170911,"path_taken":["M","?","M","?","M","R","M","R","T","R","E","?","M","E","R","BOSS","M","?","?","?","M"],"items_purchased_type":[],"build_version":"2020-12-22","purchased_purges":0,"victory":false,"max_hp_per_floor":[72,72,72,72,72,72,72,72,72,72,72,72,72,72,72,72,72,72,72,72,72,72,72],"card_choices":[{"not_picked":["Slice","Underhanded Strike"],"picked":"Dagger Spray","floor":1},{"not_picked":["PiercingWail","Concentrate"],"picked":"Blade Dance","floor":3},{"not_picked":["Cloak And Dagger","Distraction"],"picked":"Finisher","floor":5},{"not_picked":["Predator","All Out Attack"],"picked":"Backflip","floor":7},{"not_picked":["Bane","Malaise"],"picked":"Infinite Blades","floor":11},{"not_picked":["Dodge and Roll","Deadly Poison"],"picked":"Blade Dance","floor":12},{"not_picked":["Prepared","Heel Hook"],"picked":"Acrobatics","floor":13},{"not_picked":["Dash","Finisher"],"picked":"Choke","floor":14},{"not_picked":["Unload","Storm of Steel"],"picked":"A Thousand Cuts","floor":16},{"not_picked":["Flechettes","Deadly Poison","Sucker Punch"],"picked":"SKIP","floor":18},{"not_picked":["PiercingWail","Dodge and Roll"],"picked":"Leg Sweep","floor":19}],"player_experience":727760,"relics_obtained":[{"floor":9,"key":"Pocketwatch"},{"floor":11,"key":"Ice Cream"},{"floor":14,"key":"Anchor"},{"floor":19,"key":"Red Mask"}],"event_choices":[{"damage_healed":0,"gold_gain":150,"player_choice":"AGREE","damage_taken":0,"max_hp_gain":0,"max_hp_loss":0,"event_name":"Liars Game","floor":2,"gold_loss":0,"cards_obtained":["Doubt"]},{"damage_healed":0,"gold_gain":0,"player_choice":"Entered Light","damage_taken":22,"max_hp_gain":0,"max_hp_loss":0,"event_name":"Shining Light","floor":4,"gold_loss":0,"cards_upgraded":["Defend_G","Survivor"]},{"damage_healed":0,"gold_gain":0,"player_choice":"Fought Bandits","damage_taken":0,"max_hp_gain":0,"max_hp_loss":0,"event_name":"Masked Bandits","floor":19,"gold_loss":0},{"damage_healed":0,"gold_gain":0,"player_choice":"Simplicity","damage_taken":0,"max_hp_gain":0,"max_hp_loss":0,"event_name":"Back to Basics","floor":20,"gold_loss":0,"cards_upgraded":["Strike_G","Strike_G","Strike_G","Strike_G","Strike_G","Defend_G","Defend_G","Defend_G","Defend_G"]},{"damage_healed":0,"gold_gain":0,"player_choice":"Ignored","damage_taken":0,"max_hp_gain":0,"max_hp_loss":0,"event_name":"Ghosts","floor":21,"gold_loss":0}],"is_beta":false,"boss_relics":[{"not_picked":["Runic Dome","Busted Crown"],"picked":"SacredBark"}],"items_purged_floors":[],"is_endless":false,"potions_floor_spawned":[3,11,12,16],"killed_by":"Spheric Guardian","ascension_level":17}}