{"host":"ka9uqd7xo1wa12cd","time":1609132201,"event":{"mods":["2.2 Compatiblity","AchievementEnabler","Act Like it!","BaseMod","Colored Map","Colored Powertips","Curses Come First","Defective Defect","Downfall","Minty Spire (QoL Compilation)","Quick Restart","Rare Cards Sparkle","Relic Stats","StSLib","SuperFastMode","The Dragon Tamer"],"gold_per_floor":[113,126,141,157,107,142,156,175,221,221,64,64,92,52,52,162,162,181,162,162,162],"floor_reached":20,"playtime":1067,"items_purged":[],"score":286,"play_id":"f502296f-df65-4355-b62d-72404f065d7a","local_time":"20201228001001","is_ascension_mode":false,"metric_token":1043,"campfire_choices":[{"data":"DTMod:Training","floor":10,"key":"SMITH"},{"data":"DTMod:DeepFocus","floor":15,"key":"SMITH"}],"dtmod_dragon_data":[0,50,3,-1,14,0],"circlet_count":0,"master_deck":["DTMod:Strike","DTMod:Strike","DTMod:Strike","DTMod:DoubleHit","DTMod:TargetDefense","DTMod:TargetDefense","DTMod:TargetDefense","DTMod:TargetDefense","DTMod:SwitchingTactic","DTMod:Training+1","DTMod:ForkedFire","DTMod:FierySynthesis","DTMod:ComboAttack","DTMod:MasterPlan","DTMod:DeepFocus+1","DTMod:Safeguard","DTMod:Harmonize","DTMod:BreakAttack","DTMod:SneakAttack","DTMod:LastStand","DTMod:ExcessFootwork","DTMod:MagiciansMark+1"],"relics":["DTMod:PactStone","NeowsBlessing","FossilizedHelix","Strawberry","Orrery","CeramicFish","SacredBark"],"acts_visited":["Exordium","TheCity"],"potions_floor_usage":[4,6,16,16,18],"damage_taken":[{"damage":0,"enemies":"Cultist","floor":1,"turns":2},{"damage":0,"enemies":"2 Louse","floor":2,"turns":1},{"damage":0,"enemies":"Jaw Worm","floor":3,"turns":1},{"damage":0,"enemies":"Large Slime","floor":4,"turns":3},{"damage":0,"enemies":"Gremlin Nob","floor":6,"turns":3},{"damage":0,"enemies":"Lots of Slimes","floor":7,"turns":2},{"damage":0,"enemies":"Exordium Wildlife","floor":8,"turns":2},{"damage":0,"enemies":"Lagavulin","floor":13,"turns":6},{"damage":0,"enemies":"Slime Boss","floor":16,"turns":3},{"damage":0,"enemies":"3 Byrds","floor":18,"turns":7},{"damage":0,"enemies":"2 Thieves","floor":19,"turns":4},{"damage":53,"enemies":"Chosen and Byrds","floor":20,"turns":7}],"seed_played":"146550221555200515","potions_obtained":[{"floor":1,"key":"Regen Potion"},{"floor":3,"key":"Dexterity Potion"},{"floor":7,"key":"SteroidPotion"},{"floor":14,"key":"SmokeBomb"},{"floor":14,"key":"LiquidMemories"}],"is_trial":false,"path_per_floor":["M","M","M","M","?","E","M","M","T","R","$","?","E","?","R","B",null,"M","M","M"],"character_chosen":"THE_DT","items_purchased":["Orrery"],"campfire_rested":0,"item_purchase_floors":[11],"current_hp_per_floor":[45,45,45,45,45,45,45,45,52,52,52,52,52,52,52,52,52,52,52,0,0],"gold":162,"neow_bonus":"THREE_ENEMY_KILL","is_daily":false,"chose_seed":false,"campfire_upgraded":2,"win_rate":0.0,"timestamp":1609132201,"path_taken":["M","?","M","?","?","E","M","M","T","R","$","?","E","?","R","BOSS","M","?","M"],"items_purchased_type":["Relic"],"build_version":"2020-12-22","purchased_purges":0,"victory":false,"max_hp_per_floor":[45,45,45,45,45,45,45,45,52,52,52,52,52,52,52,52,52,52,52,52,52],"relic_stats":{"counters":[12,41],"CeramicFish":18,"obtain_stats":[{"DTMod:PactStone":0,"NeowsBlessing":0,"Strawberry":9,"CeramicFish":13,"SacredBark":17,"Orrery":11,"FossilizedHelix":6},{"DTMod:PactStone":0,"NeowsBlessing":0,"Strawberry":7,"CeramicFish":8,"SacredBark":9,"Orrery":7,"FossilizedHelix":5},{"DTMod:PactStone":0,"NeowsBlessing":0,"Strawberry":14,"CeramicFish":20,"SacredBark":23,"Orrery":14,"FossilizedHelix":10}]},"card_choices":[{"not_picked":["DTMod:MagiciansMark","DTMod:Shift"],"picked":"DTMod:Training","floor":1},{"not_picked":["DTMod:QuickFly","DTMod:Threaten"],"picked":"DTMod:ForkedFire","floor":2},{"not_picked":["DTMod:BizarreTactic","DTMod:ComboAttack"],"picked":"DTMod:FierySynthesis","floor":3},{"not_picked":["DTMod:BlazingStrike","DTMod:Punisher"],"picked":"DTMod:ComboAttack","floor":4},{"not_picked":["DTMod:MagicField","DTMod:Weaken","DTMod:Training"],"picked":"SKIP","floor":6},{"not_picked":["DTMod:MagicField","DTMod:Conduct"],"picked":"DTMod:MasterPlan","floor":7},{"not_picked":["DTMod:ForkedFire","DTMod:FlameSlash"],"picked":"DTMod:DeepFocus","floor":8},{"not_picked":["DTMod:RecklessFlurry","DTMod:CleansingStrike"],"picked":"DTMod:Safeguard","floor":11},{"not_picked":["DTMod:Shift","DTMod:Threaten"],"picked":"DTMod:Harmonize","floor":11},{"not_picked":["DTMod:DarkBreath","DTMod:Weaken"],"picked":"DTMod:BreakAttack","floor":11},{"not_picked":["DTMod:Overwhelm","DTMod:ShieldDrain"],"picked":"DTMod:SneakAttack","floor":11},{"not_picked":["DTMod:Weaken","DTMod:HeatWave"],"picked":"DTMod:LastStand","floor":11},{"not_picked":["DTMod:RunningTactic","DTMod:Cover","DTMod:BizarreTactic"],"picked":"SKIP","floor":13},{"not_picked":["DTMod:Multitask","DTMod:EchoTactic"],"picked":"DTMod:ExcessFootwork","floor":16},{"not_picked":["DTMod:FlameSlash","DTMod:BurningEnergy+1"],"picked":"DTMod:MagiciansMark+1","floor":18},{"not_picked":["DTMod:BreakAttack+1","DTMod:MagicField","DTMod:BlazingStrike"],"picked":"SKIP","floor":19}],"player_experience":364566,"relics_obtained":[{"floor":6,"key":"FossilizedHelix"},{"floor":9,"key":"Strawberry"},{"floor":13,"key":"CeramicFish"}],"event_choices":[{"cards_removed":["DTMod:Strike"],"damage_healed":0,"gold_gain":0,"player_choice":"Card Removal","damage_taken":0,"max_hp_gain":0,"max_hp_loss":0,"event_name":"The Cleric","floor":5,"gold_loss":50},{"damage_healed":0,"gold_gain":0,"player_choice":"Ignored","damage_taken":0,"max_hp_gain":0,"max_hp_loss":0,"event_name":"Liars Game","floor":12,"gold_loss":0},{"damage_healed":0,"gold_gain":0,"player_choice":"Bought 3 Potions","damage_taken":0,"max_hp_gain":0,"max_hp_loss":0,"event_name":"The Woman in Blue","floor":14,"gold_loss":0}],"is_beta":false,"boss_relics":[{"not_picked":["Coffee Dripper","Empty Cage"],"picked":"SacredBark"}],"items_purged_floors":[],"is_endless":false,"potions_floor_spawned":[1,3,7],"killed_by":"Chosen and Byrds","ascension_level":0}}