{"host":"g907ck67u7c3hrs6","time":1609141317,"event":{"mods":["BaseMod","DeckTracker","Highlight Path","Keyboard Shortcuts","Minty Spire (QoL Compilation)","Permanent Neow","Say the Spire","SuperFastMode"],"gold_per_floor":[113,113,113,113,128,128,156,156,156,185,135,135,150,100,100,201,201,218,168,168,185,135,161,161,187,210,210,230,260,260,164,164,262,262,262],"floor_reached":34,"playtime":1012,"items_purged":["Strike_G","Strike_G","Strike_G","Strike_G","Strike_G"],"score":531,"play_id":"0d6d41e0-4ee2-4261-a4f2-fd7e9fa12371","local_time":"20201228164157","is_ascension_mode":true,"campfire_choices":[{"data":"Neutralize","floor":6.0,"key":"SMITH"},{"data":"Concentrate","floor":8.0,"key":"SMITH"},{"floor":12.0,"key":"REST"},{"data":"Blur","floor":15.0,"key":"SMITH"},{"data":"Phantasmal Killer","floor":24.0,"key":"SMITH"},{"data":"Malaise","floor":30,"key":"SMITH"},{"data":"Acrobatics","floor":32,"key":"SMITH"}],"circlet_count":0,"master_deck":["Defend_G","Defend_G+1","Defend_G","Survivor+1","Neutralize+1","Blur+1","Terror","Backstab","Concentrate+1","Heel Hook","PiercingWail","Phantasmal Killer+1","Noxious Fumes+1","Footwork+1","Expertise","Malaise+1","Dodge and Roll+1","Acrobatics+1","Adrenaline"],"relics":["Ring of the Snake","Pen Nib","Tingsha","Ninja Scroll","Smiling Mask","Runic Dome","War Paint","Bag of Marbles","Art of War","Singing Bowl","Sozu"],"acts_visited":["Exordium","TheCity","TheBeyond"],"potions_floor_usage":[29],"damage_taken":[{"damage":7.0,"enemies":"Small Slimes","floor":1.0,"turns":5.0},{"damage":1.0,"enemies":"2 Louse","floor":5.0,"turns":3.0},{"damage":2.0,"enemies":"Gremlin Nob","floor":7.0,"turns":3.0},{"damage":28.0,"enemies":"Lagavulin","floor":10.0,"turns":7.0},{"damage":0.0,"enemies":"Jaw Worm","floor":13.0,"turns":1.0},{"damage":4.0,"enemies":"The Guardian","floor":16.0,"turns":17.0},{"damage":0.0,"enemies":"Chosen","floor":18.0,"turns":4.0},{"damage":6.0,"enemies":"2 Thieves","floor":21.0,"turns":4.0},{"damage":3.0,"enemies":"Book of Stabbing","floor":23.0,"turns":7.0},{"damage":44.0,"enemies":"Gremlin Leader","floor":25.0,"turns":8.0},{"damage":0.0,"enemies":"Shelled Parasite and Fungi","floor":28.0,"turns":5.0},{"damage":13,"enemies":"Slavers","floor":29,"turns":5},{"damage":0,"enemies":"Automaton","floor":33,"turns":11}],"seed_played":"-5443571306546616986","potions_obtained":[{"floor":1.0,"key":"AttackPotion"},{"floor":5.0,"key":"SneckoOil"},{"floor":13.0,"key":"SpeedPotion"},{"floor":21.0,"key":"PowerPotion"},{"floor":28.0,"key":"PowerPotion"},{"floor":29,"key":"LiquidMemories"}],"is_trial":false,"path_per_floor":["M","?","?","?","M","R","E","R","T","E","$","R","M","$","R","B",null,"M","$","?","M","$","E","R","E","T","?","M","E","R","$","R","B",null],"character_chosen":"THE_SILENT","items_purchased":["Acrobatics"],"campfire_rested":1,"item_purchase_floors":[31],"current_hp_per_floor":[63,38,31,36,35,35,33,33,33,5,5,27,27,27,27,23,75,75,75,75,69,69,66,66,22,22,22,22,11,11,11,11,11,77,77],"gold":262,"neow_bonus":"THREE_CARDS","is_daily":false,"chose_seed":false,"campfire_upgraded":6,"win_rate":0.0,"timestamp":1609141317,"path_taken":["M","?","?","?","M","R","E","R","T","E","?","R","M","$","R","BOSS","M","$","?","M","$","E","R","E","T","?","M","E","R","$","R","BOSS"],"items_purchased_type":["Card"],"build_version":"2020-12-22","purchased_purges":5,"victory":false,"max_hp_per_floor":[70,70,70,75,75,75,75,75,75,75,75,75,75,75,75,75,75,75,75,75,75,75,75,75,75,75,75,75,77,77,77,77,77,77,77],"card_choices":[{"not_picked":["Dagger Spray","Backstab"],"picked":"Blur","floor":0.0},{"not_picked":["Dagger Throw","Slice"],"picked":"Terror","floor":1.0},{"not_picked":["Terror","PiercingWail"],"picked":"Backstab","floor":5.0},{"not_picked":["Backflip","Cloak And Dagger"],"picked":"Concentrate","floor":7.0},{"not_picked":["Underhanded Strike","Endless Agony"],"picked":"Heel Hook","floor":10.0},{"not_picked":["Cloak And Dagger","Bouncing Flask"],"picked":"PiercingWail","floor":13.0},{"not_picked":["Envenom","Doppelganger"],"picked":"Phantasmal Killer","floor":16.0},{"not_picked":["Masterful Stab+1","Dagger Spray+1"],"picked":"Noxious Fumes+1","floor":18.0},{"not_picked":["Finisher","Bouncing Flask+1"],"picked":"Footwork+1","floor":21.0},{"not_picked":["Dagger Spray","Dagger Throw","Quick Slash"],"picked":"SKIP","floor":23.0},{"not_picked":["Flechettes","Dagger Throw"],"picked":"Expertise","floor":25.0},{"not_picked":["Predator+1","Slice+1"],"picked":"Dodge and Roll+1","floor":28.0},{"not_picked":["PiercingWail","Unload","Finisher"],"picked":"Singing Bowl","floor":29},{"not_picked":["A Thousand Cuts","Venomology"],"picked":"Adrenaline","floor":33}],"player_experience":199095,"relics_obtained":[{"floor":7.0,"key":"Tingsha"},{"floor":9.0,"key":"Ninja Scroll"},{"floor":10.0,"key":"Smiling Mask"},{"floor":23.0,"key":"War Paint"},{"floor":25.0,"key":"Bag of Marbles"},{"floor":26.0,"key":"Art of War"},{"floor":29,"key":"Singing Bowl"}],"event_choices":[{"damage_healed":0.0,"max_hp_gain":0.0,"max_hp_loss":0.0,"gold_gain":0.0,"event_name":"Scrap Ooze","player_choice":"Success","floor":2.0,"gold_loss":0.0,"damage_taken":25.0,"relics_obtained":["Pen Nib"]},{"cards_removed":["Defend_G"],"damage_healed":0.0,"max_hp_gain":0.0,"max_hp_loss":0.0,"gold_gain":0.0,"event_name":"Golden Wing","player_choice":"Card Removal","floor":3.0,"gold_loss":0.0,"damage_taken":7.0},{"damage_healed":0.0,"max_hp_gain":5.0,"max_hp_loss":0.0,"gold_gain":0.0,"event_name":"Big Fish","player_choice":"Donut","floor":4.0,"gold_loss":0.0,"damage_taken":0.0},{"damage_healed":0.0,"max_hp_gain":0.0,"max_hp_loss":0.0,"gold_gain":0.0,"event_name":"Cursed Tome","player_choice":"Ignored","floor":20.0,"gold_loss":0.0,"damage_taken":0.0},{"damage_healed":0.0,"max_hp_gain":0.0,"max_hp_loss":0.0,"gold_gain":0.0,"cards_transformed":["Defend_G"],"event_name":"Transmorgrifier","player_choice":"Transformed","floor":27.0,"gold_loss":0.0,"damage_taken":0.0,"cards_obtained":["Malaise"]}],"is_beta":false,"boss_relics":[{"not_picked":["Busted Crown","Ring of the Serpent"],"picked":"Runic Dome"},{"not_picked":["SacredBark","Black Star"],"picked":"Sozu"}],"items_purged_floors":[11,14,19,22,31],"is_endless":false,"potions_floor_spawned":[1,5,13,21,28,29],"ascension_level":3}}