{"host":"zdmzy2d4yvl8k6jn","time":1609183750,"event":{"mods":["AchievementEnabler","BaseMod","BetterRewards","Key Reminder","Marisa????????","Minty Spire (QoL Compilation)","Quick Restart","Shop Mod","StSLib","The Runesmith","Unceasing Turn Reminder","[IsaacMod]????"],"gold_per_floor":[520,539,45,65,65,65,98,115,115,39,39,59,59,74,74,177,177,189,206,206,221,232,232,147,147,147,172,189,207,221,254,254,353,353,363,463,463,563,563,597,611,611,662,675,675,675,675,690,690,690,690],"floor_reached":50,"playtime":1516,"items_purged":["Defend_G","Defend_G","Noxious Fumes","Writhe","Neutralize"],"score":764,"play_id":"8d3e7a3e-d656-41d7-a499-6323a2164757","local_time":"20201228142910","is_ascension_mode":false,"campfire_choices":[{"floor":6,"key":"REST"},{"floor":13,"key":"REST"},{"floor":15,"key":"REST"},{"data":"Dagger Spray","floor":23,"key":"SMITH"},{"data":"Die Die Die","floor":25,"key":"SMITH"},{"data":"Die Die Die","floor":32,"key":"SMITH"},{"floor":45,"key":"REST"},{"data":"Finisher","floor":49,"key":"SMITH"}],"circlet_count":0,"master_deck":["Survivor+1","Dagger Spray","Dagger Spray","Slice","Slice","Storm of Steel+1","Endless Agony","Finisher+1","Flying Knee","Phantasmal Killer+1","Die Die Die+1","Die Die Die+1","Glass Knife","Dagger Spray+1","Backstab+1","Storm of Steel+1"],"relics":["Ring of the Snake","HushsDoor","BloodDonationMachine","GuppysPaw","Ninja Scroll","Bag of Marbles","DoctorsRemote","SteamSale","Membership Card","Toxic Egg 2","Centennial Puzzle","MoneyPower","Pandora\u0027s Box","OrangePellets","InkBottle","Bag of Preparation","GnawedLeaf","Mercury Hourglass","Vajra","Smiling Mask","Black Star","Anchor","War Paint","Strawberry","HowToJump","Kunai","BFFS","Incense Burner"],"acts_visited":["Exordium","TheCity","TheBeyond"],"potions_floor_usage":[4,7,16,16,16,19,33,50,50],"damage_taken":[{"damage":0,"enemies":"Cultist","floor":1,"turns":4},{"damage":3,"enemies":"Jaw Worm","floor":2,"turns":5},{"damage":8,"enemies":"Small Slimes","floor":4,"turns":1},{"damage":11,"enemies":"3 Sentries","floor":7,"turns":4},{"damage":0,"enemies":"2 Fungi Beasts","floor":8,"turns":2},{"damage":0,"enemies":"Exordium Thugs","floor":12,"turns":2},{"damage":0,"enemies":"Lots of Slimes","floor":14,"turns":3},{"damage":0,"enemies":"Hexaghost","floor":16,"turns":6},{"damage":0,"enemies":"Spheric Guardian","floor":18,"turns":1},{"damage":0,"enemies":"3 Byrds","floor":19,"turns":1},{"damage":0,"enemies":"Snecko","floor":21,"turns":2},{"damage":0,"enemies":"Centurion and Healer","floor":22,"turns":2},{"damage":0,"enemies":"Slavers","floor":27,"turns":2},{"damage":0,"enemies":"Sentry and Sphere","floor":28,"turns":1},{"damage":0,"enemies":"Snecko","floor":29,"turns":1},{"damage":0,"enemies":"Snake Plant","floor":30,"turns":2},{"damage":0,"enemies":"Book of Stabbing","floor":31,"turns":2},{"damage":0,"enemies":"Champ","floor":33,"turns":4},{"damage":0,"enemies":"3 Darklings","floor":35,"turns":1},{"damage":0,"enemies":"Giant Head","floor":40,"turns":4},{"damage":0,"enemies":"Orb Walker","floor":41,"turns":1},{"damage":25,"enemies":"Maw","floor":44,"turns":3},{"damage":0,"enemies":"Writhing Mass","floor":48,"turns":2},{"damage":0,"enemies":"Time Eater","floor":50,"turns":2}],"seed_played":"9011333441239971706","potions_obtained":[{"floor":2,"key":"LiquidBronze"},{"floor":4,"key":"Fire Potion"},{"floor":16,"key":"BlessingOfTheForge"},{"floor":19,"key":"LiquidMemories"},{"floor":21,"key":"GhostInAJar"},{"floor":27,"key":"BlessingOfTheForge"},{"floor":33,"key":"Fire Potion"}],"is_trial":false,"path_per_floor":["M","M","$","M","?","R","E","M","T","$","?","M","R","M","R","B",null,"M","M","$","M","M","R","?","R","T","E","M","M","M","E","R","B",null,"M","?","?","?","?","E","M","$","T","M","R","?","$","M","R","B"],"character_chosen":"THE_SILENT","items_purchased":["GuppysPaw","Ninja Scroll","Membership Card","CunningPotion","LiquidBronze","FearPotion","Toxic Egg 2","Centennial Puzzle","OrangePellets","InkBottle","Bag of Preparation","BlessingOfTheForge","Strawberry","SuicideKing","Kunai","BFFS","Incense Burner"],"campfire_rested":4,"item_purchase_floors":[3,3,10,10,10,10,10,10,20,20,20,20,42,42,47,47,47],"current_hp_per_floor":[40,37,15,7,4,18,7,7,7,7,7,7,21,21,35,35,49,49,49,49,49,49,49,49,49,49,49,49,49,49,49,49,49,49,49,49,47,47,47,47,47,54,54,29,45,45,45,45,45,0,0],"gold":690,"neow_bonus":"TWO_FIFTY_GOLD","is_daily":false,"chose_seed":false,"campfire_upgraded":4,"win_rate":0.0,"timestamp":1609183750,"path_taken":["M","M","$","M","?","R","E","M","T","$","?","M","R","M","R","BOSS","M","M","$","M","M","R","?","R","T","E","?","M","M","E","R","BOSS","M","?","?","?","?","E","M","$","T","M","R","?","$","M","R","BOSS"],"items_purchased_type":["Relic","Relic","Relic","Potion","Potion","Potion","Relic","Relic","Relic","Relic","Relic","Potion","Relic","Card","Relic","Relic","Relic"],"build_version":"2020-12-22","purchased_purges":5,"victory":false,"max_hp_per_floor":[70,70,58,49,49,49,49,49,49,49,49,49,49,49,49,49,49,49,49,49,49,49,49,49,49,49,49,49,49,49,49,49,49,49,49,49,47,47,47,47,47,54,54,54,54,54,54,54,54,54,54],"card_choices":[{"not_picked":[],"picked":"DoctorFetus","floor":0},{"not_picked":["Escape Plan","Flying Knee"],"picked":"Dagger Spray","floor":1},{"not_picked":["Calculated Gamble","Bomb","Underhanded Strike"],"picked":"SKIP","floor":2},{"not_picked":["Setup","Expertise","Masterful Stab"],"picked":"SKIP","floor":4},{"not_picked":["Expertise","Eviscerate"],"picked":"Dagger Spray","floor":7},{"not_picked":["Blur","Heel Hook"],"picked":"Slice","floor":8},{"not_picked":["Predator","Escape Plan+1","Deadly Poison+1"],"picked":"SKIP","floor":12},{"not_picked":["Skewer","Sucker Punch"],"picked":"Slice","floor":14},{"not_picked":["Malaise+1","Unload"],"picked":"Storm of Steel+1","floor":16},{"not_picked":["Infinite Blades","Dagger Throw","Deadly Poison+1"],"picked":"SKIP","floor":18},{"not_picked":["Slice","Quick Slash","Flechettes+1"],"picked":"SKIP","floor":19},{"not_picked":["Poisoned Stab+1","Infinite Blades"],"picked":"Dagger Spray","floor":21},{"not_picked":["Leg Sweep+1","Reflex+1","Cloak And Dagger+1"],"picked":"SKIP","floor":22},{"not_picked":["Deflect+1","Crippling Poison+1"],"picked":"Backstab+1","floor":27},{"not_picked":["Eviscerate+1","Outmaneuver+1","Glass Knife"],"picked":"SKIP","floor":28},{"not_picked":["Calculated Gamble+1","Reflex+1","Poisoned Stab"],"picked":"SKIP","floor":29},{"not_picked":["Sucker Punch","Leg Sweep+1","Slice"],"picked":"SKIP","floor":30},{"not_picked":["Dagger Spray","Grand Finale","Deadly Poison+1"],"picked":"SKIP","floor":31},{"not_picked":["Malaise+1","After Image"],"picked":"Storm of Steel+1","floor":33},{"not_picked":["Prepared+1","Dodge and Roll+1","Masterful Stab+1"],"picked":"SKIP","floor":35},{"not_picked":["Poisoned Stab+1","Infinite Blades","Slice"],"picked":"SKIP","floor":40},{"not_picked":["Well Laid Plans+1","Footwork+1","Cloak And Dagger+1"],"picked":"SKIP","floor":41},{"not_picked":["Deflect+1","Cloak And Dagger+1","Riddle With Holes+1"],"picked":"SKIP","floor":44},{"not_picked":["Flying Knee","PiercingWail+1","Adrenaline+1"],"picked":"SKIP","floor":48}],"player_experience":315726,"relics_obtained":[{"floor":7,"key":"DoctorsRemote"},{"floor":9,"key":"SteamSale"},{"floor":26,"key":"Mercury Hourglass"},{"floor":27,"key":"Vajra"},{"floor":31,"key":"Smiling Mask"},{"floor":40,"key":"Anchor"},{"floor":40,"key":"War Paint"},{"floor":43,"key":"HowToJump"}],"event_choices":[{"damage_healed":0,"gold_gain":0,"player_choice":"Success","damage_taken":3,"relics_obtained":["Bag of Marbles"],"max_hp_gain":0,"max_hp_loss":0,"event_name":"Scrap Ooze","floor":5,"gold_loss":0},{"damage_healed":0,"gold_gain":0,"player_choice":"Searched \u00272\u0027 times","damage_taken":0,"relics_obtained":["MoneyPower"],"max_hp_gain":0,"max_hp_loss":0,"event_name":"Dead Adventurer","floor":11,"gold_loss":0},{"damage_healed":0,"gold_gain":0,"player_choice":"Obtained Relic","damage_taken":0,"relics_obtained":["GnawedLeaf"],"max_hp_gain":0,"max_hp_loss":0,"event_name":"Addict","floor":24,"gold_loss":85},{"damage_healed":0,"gold_gain":0,"player_choice":"Max HP","damage_taken":0,"max_hp_gain":0,"max_hp_loss":2,"event_name":"Winding Halls","floor":37,"gold_loss":0},{"damage_healed":0,"gold_gain":0,"player_choice":"Memory 1","damage_taken":0,"max_hp_gain":0,"max_hp_loss":0,"event_name":"SensoryStone","floor":39,"gold_loss":0},{"cards_removed":["DoctorFetus"],"damage_healed":0,"gold_gain":0,"player_choice":"Removed Power","damage_taken":0,"max_hp_gain":0,"max_hp_loss":0,"event_name":"Falling","floor":46,"gold_loss":0}],"is_beta":false,"boss_relics":[{"not_picked":["ChampionBelt","Runesmith:UraniumAnvil"],"picked":"Pandora\u0027s Box"},{"not_picked":[]},{"not_picked":["Philosopher\u0027s Stone","Runic Pyramid"],"picked":"Black Star"},{"not_picked":[]}],"items_purged_floors":[3,10,20,42,47],"is_endless":false,"potions_floor_spawned":[2,4,16,19,21,27,30,33,40,41,44],"killed_by":"Time Eater","ascension_level":0}}