{"host":"3shkd9pumyjl06a1","time":1609135849,"event":{"mods":["Act Like it!","Aspiration","BaseMod","BetterRewards","Clawfect","Colored Map","Conspire","Downfall","Googly Eyes","Hallownest","HololiveMod","Hubris","Infinite Spire","Mimic Mod","Minty Spire (QoL Compilation)","Replay The Spire","Shade Mod","Shop Mod","Small Relic Pack","StSLib","The Bladedancer","The Bug Knight","The Necromancer","Wandering Minibosses"],"gold_per_floor":[116,116,133,20,20,48,48,78,101,118,148,148,148,166,166,261,261,273,341,47,47,34,79,79,135,185,185,185,233,233,233,278,311,311,439,439,485,525,525,572,572,618,918,983,1010,1010,164,222,222,258,258,395,395,410,410,410,424,435,442,442],"floor_reached":59,"playtime":1801,"items_purged":["Defend_B","Defend_B"],"score":1235,"play_id":"6653b0de-7bee-4e7f-9bde-dec804bf29f1","local_time":"20201227231049","is_ascension_mode":true,"campfire_choices":[{"data":"hubris:Ukulele","floor":13,"key":"SMITH"},{"floor":15,"key":"REST"},{"data":"Electrodynamics","floor":24,"key":"SMITH"},{"floor":27,"key":"REST"},{"floor":34,"key":"REST"},{"floor":49,"key":"REST"},{"floor":51,"key":"REST"}],"circlet_count":1,"master_deck":["Gash","Gash","Gash","Gash+1","Gash","Defend_B","Defend_B","Defend_B","Clawfect:ClawLightning","Clawfect:ClawLightning","Conserve Battery","hubris:Ukulele+1","Clawfect:ClawCell","Clawfect:ClawingBeam","FTL","Clawfect:ClawLightning","Leap+1","Electrodynamics+1","Leap","Storm","Defragment+1","Loop","Leap+1","ReplayTheSpireMod:Calculation Training+1","Clawfect:Clawrage","Clawfect:Clawrage","Fission+1","Lockon","Clawfect:ClawLightning+1","Clawfect:ClawAndTear","Clawfect:ClawForTheEyes+1","Storm","Meteor Strike+1","Gash","Conserve Battery+1","Biased Cognition","Clawfect:ClawLightning","ReplayTheSpireMod:Calculation Training","FTL"],"relics":["hubris:HollowSoul","Hallownest:DreamNailRelic","Happy Flower","hubris:Icosahedron","aspiration:Lifesprig","Geode","Bag of Marbles","Nuclear Battery","aspiration:FetidBarrel","Replay:Bandana","OrangePellets","hubris:Towel","Nunchaku","Bag of Preparation","infinitespire:FocusingShard","Meat on the Bone","infinitespire:ShieldingShard","Gremlin Food","aspiration:SecretTechniqueScroll","Juzu Bracelet","conspire:SpecialSausage","Old Coin","ReplayTheSpireMod:TigerMarble","infinitespire:Freezer","ClockworkSouvenir","Bronze Scales","Bird Faced Urn","infinitespire:PuzzleCube","hubris:Backtick","hubris:BallOfYels","Circlet","Hallownest:TeacherSealRelic"],"acts_visited":["Hallownest:Greenpath","Hallownest:CityofTears","Hallownest:KingdomsEdge","Hallownest:Greenpath"],"potions_floor_usage":[3,18,22,25,26,33,35,35,35,48,52,52,52,59],"damage_taken":[{"damage":1,"enemies":"Hallownest:2_Baldur","floor":1,"turns":4},{"damage":12,"enemies":"Hallownest:2_Tiktiks_and_1_Crawlid","floor":3,"turns":4},{"damage":0,"enemies":"Hallownest:eliteCrystalGuardian","floor":6,"turns":5},{"damage":5,"enemies":"Hallownest:eliteVengeflyKing","floor":8,"turns":4},{"damage":0,"enemies":"Hallownest:monsterHuskGuard","floor":10,"turns":3},{"damage":17,"enemies":"Hallownest:eliteMossKnight","floor":11,"turns":4},{"damage":10,"enemies":"Hallownest:Guard_and_Warrior","floor":14,"turns":4},{"damage":14,"enemies":"Hallownest:BossBrokenVessel","floor":16,"turns":5},{"damage":3,"enemies":"Hallownest:Flukemon_and_Top","floor":18,"turns":3},{"damage":13,"enemies":"Hallownest:3_Youths","floor":22,"turns":4},{"damage":6,"enemies":"Hallownest:eliteSoulWarrior","floor":23,"turns":5},{"damage":1,"enemies":"Hallownest:Nosk","floor":25,"turns":5},{"damage":10,"enemies":"Hallownest:2_Husk_Sentries","floor":26,"turns":7},{"damage":15,"enemies":"Nightmare","floor":29,"turns":5},{"damage":13,"enemies":"Hallownest:eliteWatcherKnight","floor":32,"turns":9},{"damage":16,"enemies":"Hallownest:2_Husk_Sentries","floor":33,"turns":4},{"damage":0,"enemies":"Hallownest:BossSoulMaster","floor":35,"turns":6},{"damage":0,"enemies":"Hallownest:Shield_Heavy","floor":37,"turns":3},{"damage":17,"enemies":"Hallownest:3_Siblings","floor":38,"turns":4},{"damage":13,"enemies":"Hallownest:monsterPrimalAspid","floor":40,"turns":3},{"damage":0,"enemies":"Hallownest:eliteHiveKnight","floor":42,"turns":6},{"damage":0,"enemies":"Hallownest:eliteCollector","floor":44,"turns":4},{"damage":29,"enemies":"Nightmare","floor":48,"turns":6},{"damage":0,"enemies":"Hallownest:2_Wing_and_1_Kings","floor":50,"turns":2},{"damage":11,"enemies":"Hallownest:BossGreyPrinceZote","floor":52,"turns":5},{"damage":0,"enemies":"Hallownest:2_MossCreeps","floor":54,"turns":2},{"damage":0,"enemies":"Hallownest:2_Baldur","floor":57,"turns":1},{"damage":0,"enemies":"Hallownest:monsterHuskGuard","floor":58,"turns":1},{"damage":24,"enemies":"Nightmare_Alpha","floor":59,"turns":3}],"seed_played":"7124539290248500034","potions_obtained":[{"floor":1,"key":"LiquidMemories"},{"floor":3,"key":"BlessingOfTheForge"},{"floor":14,"key":"SpeedPotion"},{"floor":16,"key":"Adrenaline Potion"},{"floor":18,"key":"Reflective Coating"},{"floor":22,"key":"AttackPotion"},{"floor":29,"key":"champ:CounterPotion"},{"floor":33,"key":"SkillPotion"},{"floor":38,"key":"sneckomod:MuddlingPotion"},{"floor":42,"key":"Death Potion"},{"floor":44,"key":"SpeedPotion"},{"floor":48,"key":"FearPotion"},{"floor":58,"key":"Weak Potion"}],"is_trial":false,"path_per_floor":["M","?","M","$","?","E","?","E","T","M","E","?","R","M","R","B",null,"M","T","$","?","M","E","R","E","MIM","R","?","NM","PTL","PTL","E","M","R","B",null,"M","M","?","M","?","E","AVR","E","T","?","$","NM","R","M","R","B",null,"M","?","?","M","M","NM"],"character_chosen":"DEFECT","items_purchased":["Conserve Battery","hubris:Ukulele","Replay:Bandana","OrangePellets","ClockworkSouvenir","Bronze Scales","Bird Faced Urn","Storm","Meteor Strike+1"],"campfire_rested":5,"item_purchase_floors":[4,4,20,20,47,47,47,47,47],"current_hp_per_floor":[74,74,62,62,62,62,62,57,57,57,40,48,48,38,60,46,75,72,72,72,72,59,53,53,52,42,64,69,54,54,54,41,37,59,59,75,75,58,73,60,60,60,60,60,60,60,60,41,63,69,75,70,75,75,75,75,75,75,0,0],"gold":442,"neow_bonus":"BOSS_RELIC","is_daily":false,"chose_seed":false,"campfire_upgraded":2,"win_rate":0.0,"timestamp":1609135849,"path_taken":["M","?","?","$","?","E","?","E","T","M","E","?","R","?","R","BOSS","M","?","$","?","?","E","R","E","MIM","R","?","NM","PTL","PTL","E","M","R","BOSS","M","M","?","M","?","E","AVR","E","T","?","?","NM","R","M","R","BOSS","M","?","?","M","M","NM"],"items_purchased_type":["Card","Card","Relic","Relic","Relic","Relic","Relic","Card","Card"],"build_version":"2020-12-22","purchased_purges":2,"victory":false,"max_hp_per_floor":[75,75,75,75,75,75,75,75,75,75,75,75,75,75,75,75,75,75,75,75,75,75,75,75,75,75,75,75,75,75,75,75,75,75,75,75,75,75,75,75,75,75,75,75,75,75,75,75,75,75,75,75,75,75,75,75,75,75,75,75],"card_choices":[{"not_picked":["Clawfect:ClawpileDriver","Panic Button"],"picked":"Clawfect:ClawLightning","floor":1},{"not_picked":["ReplaySort","Steam"],"picked":"Clawfect:ClawLightning","floor":3},{"not_picked":["Clawfect:ClawpileDriver","ReplayGash"],"picked":"Clawfect:ClawCell","floor":6},{"not_picked":["Coolheaded","ReplayGash"],"picked":"Clawfect:ClawingBeam","floor":8},{"not_picked":["Leap","Skim"],"picked":"FTL","floor":10},{"not_picked":["FTL","Clawfect:ScrapingClaw"],"picked":"Clawfect:ClawLightning","floor":11},{"not_picked":["Redo","Panic Button"],"picked":"Leap","floor":14},{"not_picked":["Meteor Strike","Echo Form"],"picked":"Electrodynamics","floor":16},{"not_picked":["Clawfect:ClawSnap","Clawfect:ScrapingClaw"],"picked":"Leap","floor":18},{"not_picked":["Blizzard","Reprogram"],"picked":"Storm","floor":22},{"not_picked":["hubris:SpecializedCircuitry","White Noise"],"picked":"Defragment+1","floor":23},{"not_picked":["Steam+1","Rebound"],"picked":"Loop","floor":25},{"not_picked":["conspire:Rain","conspire:SharedLibrary"],"picked":"Leap+1","floor":26},{"not_picked":["Clawfect:ScrapingClaw","Steam+1"],"picked":"ReplayTheSpireMod:Calculation Training","floor":29},{"not_picked":["Turbo","Mirror Shield"],"picked":"Clawfect:Clawrage","floor":32},{"not_picked":["FTL+1","Turbo"],"picked":"Clawfect:Clawrage","floor":33},{"not_picked":["Core Surge","Machine Learning"],"picked":"Fission","floor":35},{"not_picked":["Clawfect:ClawSnap","Fusion","ReplayTheSpireMod:Reroute Power"],"picked":"SKIP","floor":37},{"not_picked":["ReplayTheSpireMod:Repulse+1","Redo+1"],"picked":"Lockon","floor":38},{"not_picked":["Stack","conspire:Rain+1"],"picked":"Clawfect:ClawLightning+1","floor":40},{"not_picked":["ReplaySolidLightProjector+1","Recycle+1"],"picked":"Clawfect:ClawAndTear","floor":42},{"not_picked":["Leap+1","Time Bomb"],"picked":"Clawfect:ClawForTheEyes+1","floor":44},{"not_picked":["Clawfect:ClawForTheEyes+1","Clawfect:ScrapingClaw"],"picked":"Gash","floor":48},{"not_picked":["Blizzard+1","Hologram"],"picked":"Conserve Battery+1","floor":50},{"not_picked":["hubris:SpecializedCircuitry","Thunder Strike"],"picked":"Biased Cognition","floor":52},{"not_picked":["Clawfect:Clawline","Clawfect:Clawrage"],"picked":"Clawfect:ClawLightning","floor":54},{"not_picked":["hubris:PowerSurge","Coolheaded"],"picked":"ReplayTheSpireMod:Calculation Training","floor":57},{"not_picked":["Steam Power","Clawfect:ScrapingClaw"],"picked":"FTL","floor":58}],"player_experience":230862,"relics_obtained":[{"floor":6,"key":"Happy Flower"},{"floor":8,"key":"aspiration:Lifesprig"},{"floor":9,"key":"Geode"},{"floor":11,"key":"Bag of Marbles"},{"floor":19,"key":"aspiration:FetidBarrel"},{"floor":23,"key":"Nunchaku"},{"floor":25,"key":"Bag of Preparation"},{"floor":26,"key":"infinitespire:FocusingShard"},{"floor":26,"key":"Meat on the Bone"},{"floor":29,"key":"infinitespire:ShieldingShard"},{"floor":32,"key":"Gremlin Food"},{"floor":42,"key":"Juzu Bracelet"},{"floor":44,"key":"ReplayTheSpireMod:TigerMarble"},{"floor":45,"key":"infinitespire:Freezer"},{"floor":48,"key":"infinitespire:PuzzleCube"}],"event_choices":[{"damage_healed":0,"gold_gain":0,"player_choice":"Leave","damage_taken":0,"max_hp_gain":0,"max_hp_loss":0,"event_name":"conspire:Investor","floor":46,"gold_loss":0}],"is_beta":false,"boss_relics":[{"not_picked":["hubris:ScarierMask","ReplayTheSpireMod:DimensionalGlitch"],"picked":"Nuclear Battery"},{"not_picked":["Astrolabe","hubris:CrackedHourglass"],"picked":"aspiration:SecretTechniqueScroll"},{"not_picked":["aspiration:RitualDagger","aspiration:RunicSpoon"],"picked":"hubris:Backtick"}],"items_purged_floors":[43,47],"is_endless":true,"potions_floor_spawned":[1,3,14,16,18,22,29,33,38,42,44,48,58],"killed_by":"Nightmare_Alpha","ascension_level":3}}