{"host":"yy8mitdds7tg9c5m","time":1609195037,"event":{"mods":["Act Like it!","AlwaysNeverKeys","BaseMod","Better Note","Downfall","GifTheSpireLib","Minty Spire (QoL Compilation)","Permanent Neow","Quick Restart","StSLib","egg"],"gold_per_floor":[13,13,13,32,50,78,78,28,55,87,87,87,119,119,119,220,270,253,253,253,253,34,34,65,65,92,92,92,111,130,144,144,246,246,257,257,257,257],"floor_reached":36,"playtime":2248,"items_purged":["Guardian:Defend_Guardian"],"score":396,"play_id":"2e1d7588-c4dd-4b48-94a3-c7c1df2948f5","local_time":"20201228183717","is_ascension_mode":false,"campfire_choices":[{"floor":7,"key":"REST"},{"floor":15,"key":"REST"},{"data":"Guardian:PrismaticBarrier","floor":23,"key":"SMITH"},{"data":"Guardian:FloatingOrbs","floor":28,"key":"SMITH"},{"data":"Guardian:CurlUp","floor":32,"key":"SMITH"}],"circlet_count":0,"master_deck":["Guardian:Strike_Guardian+1","Guardian:Strike_Guardian+1","Guardian:Defend_Guardian+1","Guardian:CurlUp+1","Guardian:TwinSlam","Guardian:PrismaticBarrier+1","Guardian:FloatingOrbs+1","Guardian:Gem_Green","Guardian:Repulse","Guardian:ExploitGems","Guardian:CrystalBeam","Discovery","Guardian:Repulse","Guardian:Gem_Lightblue","Bandage Up","Guardian:WalkerClaw","Guardian:VentSteam+1","Guardian:Gem_Red","Guardian:BaubleBeam","Guardian:Gem_Crimson"],"relics":["Guardian:ModeShifter","Dream Catcher","Bag of Preparation","Shuriken","Guardian:PickAxe","Calipers","Tiny House","InkBottle","Du-Vu Doll","Orichalcum","Sozu"],"acts_visited":["Exordium","TheCity","TheBeyond"],"potions_floor_usage":[6,18,18,30,33],"damage_taken":[{"damage":0.0,"enemies":"2 Louse","floor":1.0,"turns":2.0},{"damage":0.0,"enemies":"Small Slimes","floor":4.0,"turns":4.0},{"damage":0.0,"enemies":"Cultist","floor":5.0,"turns":3.0},{"damage":20,"enemies":"Lagavulin","floor":6,"turns":12},{"damage":9,"enemies":"3 Sentries","floor":10,"turns":12},{"damage":15,"enemies":"Gremlin Nob","floor":13,"turns":5},{"damage":24,"enemies":"Slime Boss","floor":16,"turns":12},{"damage":6,"enemies":"2 Thieves","floor":18,"turns":4},{"damage":20,"enemies":"Book of Stabbing","floor":24,"turns":5},{"damage":4,"enemies":"Spheric Guardian","floor":29,"turns":4},{"damage":9,"enemies":"Snake Plant","floor":30,"turns":3},{"damage":8,"enemies":"Centurion and Healer","floor":31,"turns":4},{"damage":25,"enemies":"Collector","floor":33,"turns":11},{"damage":3,"enemies":"3 Shapes","floor":35,"turns":5},{"damage":3,"enemies":"3 Darklings","floor":36,"turns":2}],"seed_played":"-5783600916800097265","potions_obtained":[{"floor":4.0,"key":"Dexterity Potion"},{"floor":13,"key":"ColorlessPotion"},{"floor":17,"key":"hexamod:EctoCoolerPotion"},{"floor":19,"key":"AttackPotion"},{"floor":19,"key":"AttackPotion"},{"floor":19,"key":"SpeedPotion"},{"floor":30,"key":"PowerPotion"},{"floor":31,"key":"SpeedPotion"}],"is_trial":false,"path_per_floor":["M","?","?","M","M","E","R","?","T","E","?","R","E","?","R","B",null,"M","?","?","?","$","R","E","R","T","?","R","M","M","M","R","B",null,"M","M"],"character_chosen":"GUARDIAN","items_purchased":["Guardian:Gem_Purple","Guardian:Gem_Fragmented"],"campfire_rested":2,"item_purchase_floors":[22,22],"current_hp_per_floor":[80,64,64,64,64,44,68,68,68,59,53,53,38,38,62,38,85,79,79,79,79,79,79,59,59,59,47,47,47,42,38,38,17,85,82,79,79,79],"gold":257,"neow_bonus":"REMOVE_TWO","is_daily":false,"chose_seed":false,"campfire_upgraded":3,"win_rate":0.0,"timestamp":1609195037,"path_taken":["M","?","?","M","?","E","R","?","T","E","?","R","E","?","R","BOSS","M","?","?","?","?","R","E","R","T","?","R","?","M","M","R","BOSS","M","M"],"items_purchased_type":["Card","Card"],"build_version":"2020-12-22","purchased_purges":1,"victory":false,"max_hp_per_floor":[80,80,80,80,80,80,80,80,80,80,80,80,80,80,80,80,85,85,85,85,85,85,85,85,85,85,85,85,85,85,85,85,85,85,85,85,85,85],"card_choices":[{"not_picked":["Guardian:WalkerClaw","Guardian:Emergency"],"picked":"Guardian:Gem_Lightblue","floor":1.0},{"not_picked":["Guardian:WalkerClaw","Guardian:Recover"],"picked":"Guardian:Gem_Green","floor":4.0},{"not_picked":["Guardian:PiercingHide","Guardian:Recover"],"picked":"Guardian:PrismaticBarrier","floor":5.0},{"not_picked":["Guardian:SentryBeam","Guardian:PrismaticBarrier"],"picked":"Guardian:Gem_Lightblue","floor":6},{"not_picked":["Guardian:PolyBeam","Guardian:BronzeOrb"],"picked":"Guardian:FloatingOrbs","floor":10},{"not_picked":["Guardian:TimeBomb","Guardian:RollAttack","Guardian:Suspension"],"picked":"SKIP","floor":13},{"not_picked":["Guardian:ArmoredProtocol","Guardian:Incinerate"],"picked":"Guardian:Repulse","floor":15},{"not_picked":["Guardian:TimeSifter","Guardian:FastForward"],"picked":"Guardian:ExploitGems","floor":16},{"not_picked":["Guardian:Recover","Guardian:ShieldCharger"],"picked":"Guardian:CrystalBeam","floor":17},{"not_picked":["Guardian:EvasiveProtocol","Guardian:Incinerate"],"picked":"Guardian:Gem_Fragmented","floor":18},{"not_picked":["Guardian:Gem_Red","Guardian:ArmoredProtocol"],"picked":"Guardian:Repulse","floor":24},{"not_picked":["Guardian:Planning","Guardian:TemporalStrike"],"picked":"Guardian:WalkerClaw","floor":29},{"not_picked":["Guardian:Repulse+1","Guardian:Gem_Blue"],"picked":"Guardian:VentSteam+1","floor":30},{"not_picked":["Guardian:PrimingBeam","Guardian:Gem_Cyan"],"picked":"Guardian:Gem_Red","floor":31},{"not_picked":["Guardian:ExploitGems","Guardian:SphericShield"],"picked":"Guardian:BaubleBeam","floor":33},{"not_picked":["Guardian:ChargeCore","Guardian:Reroute+1"],"picked":"Guardian:Gem_Crimson","floor":35}],"player_experience":161424,"relics_obtained":[{"floor":6,"key":"Dream Catcher"},{"floor":9,"key":"Bag of Preparation"},{"floor":10,"key":"Shuriken"},{"floor":13,"key":"Calipers"},{"floor":24,"key":"Du-Vu Doll"},{"floor":26,"key":"Orichalcum"}],"event_choices":[{"damage_healed":0.0,"max_hp_gain":0.0,"max_hp_loss":0.0,"gold_gain":0.0,"event_name":"Shining Light","player_choice":"Entered Light","floor":2.0,"gold_loss":0.0,"damage_taken":16.0,"cards_upgraded":["Guardian:Strike_Guardian","Guardian:Defend_Guardian"]},{"cards_removed":["Guardian:Strike_Guardian"],"damage_healed":0.0,"max_hp_gain":0.0,"max_hp_loss":0.0,"gold_gain":0.0,"event_name":"Bonfire Elementals","player_choice":"Offered Basic","floor":3.0,"gold_loss":0.0,"damage_taken":0.0},{"cards_removed":["Guardian:Defend_Guardian"],"damage_healed":0,"gold_gain":0,"player_choice":"Card Removal","damage_taken":0,"max_hp_gain":0,"max_hp_loss":0,"event_name":"The Cleric","floor":8,"gold_loss":50},{"damage_healed":0,"gold_gain":0,"player_choice":"Ignored","damage_taken":0,"max_hp_gain":0,"max_hp_loss":0,"event_name":"Liars Game","floor":14,"gold_loss":0},{"damage_healed":0,"gold_gain":0,"player_choice":"Got Potions","damage_taken":0,"max_hp_gain":0,"max_hp_loss":0,"event_name":"Lab","floor":19,"gold_loss":0},{"damage_healed":0,"gold_gain":0,"player_choice":"2 cards matched","damage_taken":0,"max_hp_gain":0,"max_hp_loss":0,"event_name":"Match and Keep!","floor":20,"gold_loss":0,"cards_obtained":["Discovery","Guardian:Gem_Red"]},{"damage_healed":0,"gold_gain":0,"player_choice":"Gave Potion","damage_taken":0,"relics_obtained":["InkBottle"],"max_hp_gain":0,"max_hp_loss":0,"event_name":"WeMeetAgain","floor":21,"gold_loss":0},{"damage_healed":0,"gold_gain":0,"player_choice":"CARD ","damage_taken":12,"max_hp_gain":0,"max_hp_loss":0,"event_name":"Knowing Skull","floor":27,"potions_obtained":[],"gold_loss":0,"cards_obtained":["Bandage Up"]}],"is_beta":false,"boss_relics":[{"not_picked":["Astrolabe","Pandora\u0027s Box"],"picked":"Tiny House"},{"not_picked":["SacredBark","Velvet Choker"],"picked":"Sozu"}],"items_purged_floors":[22],"is_endless":false,"potions_floor_spawned":[4,13,30,31],"killed_by":"3 Darklings","ascension_level":0}}