{"host":"9ylwqx3xq4e4v98b","time":1609138274,"event":{"mods":["AchievementEnabler","BaseMod","Colored Map","DeckTracker","Minty Spire (QoL Compilation)","Permanent Neow","StSLib","SuperFastMode","Td1madao Mod","The Animator"],"gold_per_floor":[116,116,116,129,149,149,179,199,199,199,223,223,233,248,248,345,345,359,359,359,376,394,394,394,157,206,217,40,40,40],"floor_reached":29,"playtime":1165,"items_purged":["Survivor","Enlightenment"],"score":225,"play_id":"78ceaa06-80b1-4a7e-a3fa-bb19f4ce8eb2","local_time":"20201227225114","is_ascension_mode":false,"campfire_choices":[{"data":"Neutralize","floor":6,"key":"SMITH"},{"data":"Deep Breath","floor":12,"key":"SMITH"},{"data":"Dodge and Roll","floor":15,"key":"SMITH"},{"data":"After Image","floor":24,"key":"SMITH"}],"circlet_count":0,"master_deck":["Strike_G+1","Strike_G+1","Strike_G+1","Strike_G+1","Defend_G+1","Defend_G+1","Defend_G+1","Defend_G+1","Defend_G+1","Neutralize+1","Deep Breath+1","Slice","Backflip","Blade Dance","Dodge and Roll+1","Accuracy","Finisher","After Image+1","Noxious Fumes","Flying Knee+1","Blur","Dodge and Roll","Envenom","Slice","Noxious Fumes"],"relics":["Ring of the Snake"],"acts_visited":["Exordium","TheCity"],"potions_floor_usage":[8,16,16,16,29],"damage_taken":[{"damage":0,"enemies":"Small Slimes","floor":1,"turns":5},{"damage":0,"enemies":"2 Louse","floor":4,"turns":3},{"damage":0,"enemies":"Cultist","floor":5,"turns":5},{"damage":15,"enemies":"Gremlin Nob","floor":7,"turns":5},{"damage":0,"enemies":"3 Louse","floor":8,"turns":3},{"damage":0,"enemies":"Looter","floor":13,"turns":3},{"damage":3,"enemies":"Exordium Thugs","floor":14,"turns":6},{"damage":7,"enemies":"Hexaghost","floor":16,"turns":8},{"damage":13,"enemies":"Chosen","floor":18,"turns":6},{"damage":14,"enemies":"3 Byrds","floor":21,"turns":7},{"damage":14,"enemies":"Snake Plant","floor":22,"turns":6},{"damage":7,"enemies":"Centurion and Healer","floor":27,"turns":12},{"damage":31,"enemies":"3 Cultists","floor":29,"turns":6}],"seed_played":"8823054201080211933","potions_obtained":[{"floor":1,"key":"LiquidBronze"},{"floor":5,"key":"Strength Potion"},{"floor":7,"key":"Poison Potion"},{"floor":14,"key":"SteroidPotion"},{"floor":21,"key":"SmokeBomb"},{"floor":27,"key":"Strength Potion"}],"is_trial":false,"path_per_floor":["M","?","?","M","M","R","E","M","T","?","T","R","M","M","R","B",null,"M","?","?","M","M","?","R","$","T","M","$","M"],"character_chosen":"THE_SILENT","items_purchased":["Dodge and Roll","Envenom","Noxious Fumes"],"campfire_rested":0,"item_purchase_floors":[25,25,28],"current_hp_per_floor":[70,63,49,49,49,49,34,34,34,39,39,39,39,36,36,29,75,62,62,62,48,34,34,34,34,34,27,27,0,0],"gold":40,"neow_bonus":"RANDOM_COLORLESS","is_daily":false,"chose_seed":false,"campfire_upgraded":4,"win_rate":0.0,"timestamp":1609138274,"path_taken":["M","?","?","M","M","R","E","M","T","?","?","R","M","?","R","BOSS","M","?","?","?","M","?","R","?","T","M","$","M"],"items_purchased_type":["Card","Card","Card"],"build_version":"2020-12-22","purchased_purges":2,"victory":false,"max_hp_per_floor":[70,70,70,70,70,70,70,70,70,75,75,75,75,75,75,75,75,75,75,75,75,75,75,75,75,75,75,75,75,75],"card_choices":[{"not_picked":["Trip","Mind Blast"],"picked":"Deep Breath","floor":0},{"not_picked":["Bane","Dash"],"picked":"Slice","floor":1},{"not_picked":["Expertise","Dagger Throw","Flechettes"],"picked":"SKIP","floor":4},{"not_picked":["Quick Slash","Acrobatics"],"picked":"Backflip","floor":5},{"not_picked":["Reflex","Underhanded Strike"],"picked":"Blade Dance","floor":7},{"not_picked":["PiercingWail","Heel Hook"],"picked":"Dodge and Roll","floor":8},{"not_picked":["Bouncing Flask","Deflect"],"picked":"Accuracy","floor":13},{"not_picked":["Eviscerate","Accuracy"],"picked":"Finisher","floor":14},{"not_picked":["Tools of the Trade","Corpse Explosion"],"picked":"After Image","floor":16},{"not_picked":["Flechettes","Sucker Punch","Flying Knee+1"],"picked":"SKIP","floor":18},{"not_picked":["Setup","Dagger Spray+1"],"picked":"Flying Knee+1","floor":21},{"not_picked":["Deadly Poison","Escape Plan+1"],"picked":"Blur","floor":22},{"not_picked":["Acrobatics","Predator"],"picked":"Slice","floor":27}],"player_experience":177512,"relics_obtained":[],"event_choices":[{"cards_removed":["Strike_G"],"damage_healed":0,"gold_gain":0,"player_choice":"Card Removal","damage_taken":7,"max_hp_gain":0,"max_hp_loss":0,"event_name":"Golden Wing","floor":2,"gold_loss":0},{"damage_healed":0,"gold_gain":0,"player_choice":"Entered Light","damage_taken":14,"max_hp_gain":0,"max_hp_loss":0,"event_name":"Shining Light","floor":3,"gold_loss":0,"cards_upgraded":["Strike_G","Defend_G"]},{"damage_healed":0,"gold_gain":0,"player_choice":"Donut","damage_taken":0,"max_hp_gain":5,"max_hp_loss":0,"event_name":"Big Fish","floor":10,"gold_loss":0},{"damage_healed":0,"gold_gain":0,"player_choice":"Simplicity","damage_taken":0,"max_hp_gain":0,"max_hp_loss":0,"event_name":"Back to Basics","floor":19,"gold_loss":0,"cards_upgraded":["Strike_G","Strike_G","Strike_G","Defend_G","Defend_G","Defend_G","Defend_G"]},{"damage_healed":0,"gold_gain":0,"player_choice":"2 cards matched","damage_taken":0,"max_hp_gain":0,"max_hp_loss":0,"event_name":"Match and Keep!","floor":20,"gold_loss":0,"cards_obtained":["Enlightenment","Noxious Fumes"]}],"is_beta":false,"boss_relics":[{"not_picked":["Coffee Dripper","HoveringKite","Sozu"]}],"items_purged_floors":[25,28],"is_endless":false,"potions_floor_spawned":[1,5,7,14,21,27],"killed_by":"3 Cultists","ascension_level":0}}