{"host":"lix655q3qm1o3wym","time":1609134861,"event":{"mods":["Act Like it!","BaseMod","Colored Powertips","Downfall","Minty Spire (QoL Compilation)","StSLib"],"gold_per_floor":[113,131,141,8,28,28,58,58,58,58,58,58,75,106,106,206,206,224,241,241,260,273,273,289,314,339,339,366,406,419,441,441,554,554,577,577,604,604,604,604,631,645,645,645,0,0,18,18,18,18,18],"floor_reached":50,"playtime":3337,"items_purged":[],"score":521,"play_id":"68e0417b-adb6-4b52-b4c5-fbc9d28fe335","local_time":"20201227225421","is_ascension_mode":true,"campfire_choices":[{"data":"Redo","floor":6,"key":"SMITH"},{"data":"Zap","floor":8,"key":"SMITH"},{"data":"Dualcast","floor":11,"key":"SMITH"},{"data":"expansioncontent:TimeRipple","floor":15,"key":"SMITH"},{"floor":23,"key":"REST"},{"floor":32,"key":"REST"},{"floor":40,"key":"REST"},{"floor":44,"key":"REST"},{"floor":49,"key":"REST"}],"circlet_count":0,"master_deck":["Strike_B","Strike_B","Strike_B","Defend_B","Defend_B","Defend_B","Defend_B","Zap+1","Dualcast+1","Capacitor","Glacier","Leap","Redo+1","expansioncontent:TimeRipple+1","Steam Power","Sweeping Beam","BootSequence","Echo Form","Chaos","Redo+1","Machine Learning","Darkness+1","Scrape","Buffer","Hologram+1","Conserve Battery","Steam+1","Madness","Madness"],"relics":["FrozenCore","Omamori","Tiny Chest","Sundial","Thread and Needle","Philosopher\u0027s Stone","WarpedTongs","CeramicFish","Ancient Tea Set","Art of War","Mango","Juzu Bracelet","Red Mask","Bottled Flame"],"acts_visited":["Exordium","TheCity","TheBeyond"],"potions_floor_usage":[7,16,18,29,31,33,33,35],"damage_taken":[{"damage":3,"enemies":"Jaw Worm","floor":1,"turns":4},{"damage":0,"enemies":"2 Louse","floor":2,"turns":4},{"damage":1,"enemies":"Cultist","floor":3,"turns":5},{"damage":12,"enemies":"Looter","floor":5,"turns":3},{"damage":22,"enemies":"3 Sentries","floor":7,"turns":6},{"damage":9,"enemies":"Exordium Wildlife","floor":13,"turns":2},{"damage":11,"enemies":"Lagavulin","floor":14,"turns":8},{"damage":40,"enemies":"Slime Boss","floor":16,"turns":12},{"damage":7,"enemies":"Spheric Guardian","floor":18,"turns":4},{"damage":0,"enemies":"Chosen","floor":19,"turns":4},{"damage":6,"enemies":"Sentry and Sphere","floor":21,"turns":6},{"damage":28,"enemies":"Snake Plant","floor":22,"turns":5},{"damage":5,"enemies":"Snecko","floor":24,"turns":5},{"damage":6,"enemies":"Centurion and Healer","floor":28,"turns":5},{"damage":1,"enemies":"Book of Stabbing","floor":29,"turns":5},{"damage":6,"enemies":"Chosen and Byrds","floor":30,"turns":6},{"damage":10,"enemies":"Snake Plant","floor":31,"turns":5},{"damage":55,"enemies":"Collector","floor":33,"turns":9},{"damage":0,"enemies":"Orb Walker","floor":35,"turns":6},{"damage":59,"enemies":"3 Darklings","floor":37,"turns":8},{"damage":41,"enemies":"Spire Growth","floor":41,"turns":6},{"damage":8,"enemies":"Jaw Worm Horde","floor":42,"turns":6},{"damage":65,"enemies":"Donu and Deca","floor":50,"turns":9}],"seed_played":"5603055082647046092","potions_obtained":[{"floor":1,"key":"Strength Potion"},{"floor":5,"key":"CultistPotion"},{"floor":7,"key":"FairyPotion"},{"floor":13,"key":"SpeedPotion"},{"floor":18,"key":"FocusPotion"},{"floor":28,"key":"FocusPotion"},{"floor":29,"key":"DistilledChaos"},{"floor":31,"key":"Energy Potion"},{"floor":33,"key":"SkillPotion"}],"is_trial":false,"path_per_floor":["M","M","M","$","M","R","E","R","T","?","R","?","M","E","R","B",null,"M","M","?","M","M","R","M","T","T","?","M","E","M","M","R","B",null,"M","?","M","?","T","R","M","M","T","R","?","$","?","T","R","B"],"character_chosen":"DEFECT","items_purchased":["Redo","expansioncontent:TimeRipple"],"campfire_rested":5,"item_purchase_floors":[4,4],"current_hp_per_floor":[72,72,71,71,59,59,37,37,37,62,62,62,53,42,42,2,75,68,68,68,62,34,56,51,51,51,51,45,44,38,28,50,22,75,75,75,16,16,30,56,15,7,7,33,33,33,22,22,48,0,0],"gold":18,"neow_bonus":"RANDOM_COMMON_RELIC","is_daily":false,"chose_seed":false,"campfire_upgraded":4,"win_rate":0.0,"timestamp":1609134861,"path_taken":["M","M","M","$","M","R","E","R","T","?","R","?","M","E","R","BOSS","M","M","?","M","M","R","M","?","T","?","M","E","M","M","R","BOSS","M","?","M","?","?","R","M","M","T","R","?","?","?","?","R","BOSS"],"items_purchased_type":["Card","Card"],"build_version":"2020-12-22","purchased_purges":0,"victory":false,"max_hp_per_floor":[75,75,75,75,75,75,75,75,75,75,75,75,75,75,75,75,75,75,75,75,75,75,75,75,75,75,75,75,75,75,75,75,75,75,75,75,75,75,89,89,89,89,89,89,89,89,89,89,89,89,89],"card_choices":[{"not_picked":["Stack","Scrape"],"picked":"Capacitor","floor":1},{"not_picked":["Steam","Ball Lightning"],"picked":"Glacier","floor":2},{"not_picked":["Coolheaded","Scrape"],"picked":"Leap","floor":3},{"not_picked":["Steam","Stack"],"picked":"Steam Power","floor":5},{"not_picked":["Reinforced Body","Aggregate"],"picked":"Sweeping Beam","floor":7},{"not_picked":["Stack","Steam"],"picked":"BootSequence","floor":13},{"not_picked":["Gash","Sweeping Beam","Leap"],"picked":"SKIP","floor":14},{"not_picked":["Reboot","Biased Cognition"],"picked":"Echo Form","floor":16},{"not_picked":["Streamline","Capacitor","Steam+1"],"picked":"SKIP","floor":18},{"not_picked":["Go for the Eyes","Compile Driver+1"],"picked":"Chaos","floor":19},{"not_picked":["Steam","Gash"],"picked":"Redo+1","floor":21},{"not_picked":["Cold Snap","Streamline","Redo"],"picked":"SKIP","floor":22},{"not_picked":["Undo+1","Heatsinks"],"picked":"Machine Learning","floor":24},{"not_picked":["Conserve Battery+1","Force Field+1"],"picked":"Darkness+1","floor":28},{"not_picked":["Heatsinks+1","Coolheaded"],"picked":"Glacier+1","floor":29},{"not_picked":["Coolheaded","Cold Snap","Steam"],"picked":"SKIP","floor":30},{"not_picked":["Beam Cell","Streamline"],"picked":"Scrape","floor":31},{"not_picked":["Machine Learning","All For One"],"picked":"Buffer","floor":33},{"not_picked":["Compile Driver","Steam Power+1"],"picked":"Hologram+1","floor":35},{"not_picked":["Gash","Rebound+1"],"picked":"Conserve Battery","floor":37},{"not_picked":["Buffer","Beam Cell+1"],"picked":"Steam+1","floor":41},{"not_picked":["Force Field","Rebound+1","Cold Snap"],"picked":"SKIP","floor":42}],"player_experience":580856,"relics_obtained":[{"floor":7,"key":"Tiny Chest"},{"floor":9,"key":"Sundial"},{"floor":14,"key":"Thread and Needle"},{"floor":25,"key":"CeramicFish"},{"floor":26,"key":"Ancient Tea Set"},{"floor":29,"key":"Art of War"},{"floor":39,"key":"Mango"},{"floor":43,"key":"Juzu Bracelet"},{"floor":48,"key":"Bottled Flame"}],"event_choices":[{"damage_healed":25,"gold_gain":0,"player_choice":"Banana","damage_taken":0,"max_hp_gain":0,"max_hp_loss":0,"event_name":"Big Fish","floor":10,"gold_loss":0},{"cards_removed":["Strike_B"],"damage_healed":0,"gold_gain":0,"player_choice":"Forget","damage_taken":0,"max_hp_gain":0,"max_hp_loss":0,"event_name":"Living Wall","floor":12,"gold_loss":0},{"damage_healed":0,"gold_gain":0,"player_choice":"Rummage","damage_taken":0,"relics_obtained":["WarpedTongs"],"max_hp_gain":0,"max_hp_loss":0,"event_name":"Accursed Blacksmith","floor":20,"gold_loss":0,"cards_obtained":["Pain"]},{"damage_healed":0,"gold_gain":0,"player_choice":"Ignored","damage_taken":0,"max_hp_gain":0,"max_hp_loss":0,"event_name":"Vampires","floor":27,"gold_loss":0},{"cards_removed":["Glacier"],"damage_healed":0,"gold_gain":0,"player_choice":"Removed Skill","damage_taken":0,"max_hp_gain":0,"max_hp_loss":0,"event_name":"Falling","floor":36,"gold_loss":0},{"damage_healed":0,"gold_gain":0,"player_choice":"Ignored","damage_taken":0,"max_hp_gain":0,"max_hp_loss":0,"event_name":"Mysterious Sphere","floor":38,"gold_loss":0},{"damage_healed":0,"gold_gain":0,"player_choice":"Paid","damage_taken":0,"relics_obtained":["Red Mask"],"max_hp_gain":0,"max_hp_loss":0,"event_name":"Tomb of Lord Red Mask","floor":45,"gold_loss":645},{"damage_healed":0,"gold_gain":0,"player_choice":"Embrace Madness","damage_taken":11,"max_hp_gain":0,"max_hp_loss":0,"event_name":"Winding Halls","floor":47,"gold_loss":0,"cards_obtained":["Madness","Madness"]}],"is_beta":false,"boss_relics":[{"not_picked":["Inserter","Busted Crown"],"picked":"Philosopher\u0027s Stone"},{"not_picked":["Runic Dome","Runic Pyramid"],"picked":"FrozenCore"}],"items_purged_floors":[],"is_endless":false,"potions_floor_spawned":[1,5,7,13,18,28,29,31,33],"killed_by":"Donu and Deca","ascension_level":2}}