{"host":"dtz8fhk52srfoofc","time":1609119717,"event":{"mods":["2.2 Compatiblity","AchievementEnabler","Aspiration","BaseMod","Beaked The Cultist","Better Altar","Better Match","Better Note","Better Sensory Stone","Better Third Choice","BetterRewards","Colored Map","Colored Powertips","Energized Spire","Gold Saver","Gremlin Skip","Highlight Path","Infinite Spire","Minty Spire (QoL Compilation)","Permanent Neow","Quick Restart","Rare Cards Sparkle","Remove Card Discount Mod","Shop Mod","Somnambulant","Spicy Shops","StSLib","Steal the Spire","The Wild Card","Transform Curses","Unceasing Turn Reminder","everything is the same but u backflip on backflip"],"gold_per_floor":[908,908,483,408,427,452,452,470,470,485,514,514,514,437,437,534,534,550,550,564,564,583,583,583,583,607,607,607,619,619,636,636,734,734,751,404,423,493,559,559,559],"floor_reached":40,"playtime":2622,"items_purged":["Normality"],"score":563,"play_id":"75b8c27d-da38-4b2c-8726-5d82b3762518","local_time":"20201227194157","is_ascension_mode":true,"campfire_choices":[{"floor":7,"key":"REST"},{"floor":15,"key":"REST"},{"floor":23,"key":"REST"},{"data":"Defragment","floor":25,"key":"SMITH"},{"floor":28,"key":"RECALL"},{"data":"Thunder Strike","floor":32,"key":"SMITH"}],"circlet_count":0,"master_deck":["Strike_B","Strike_B","Strike_B","Strike_B","Defend_B","Defend_B","Defend_B","Defend_B","Zap+1","Dualcast","Rebound","Static Discharge","Go for the Eyes","Redo","Coolheaded+1","Electrodynamics+1","Tempest","Melter","Darkness","Coolheaded+1","Lockon","Hello World","aspiration:Polymerization+1","Self Repair","Leap+1","Thunder Strike+1","Amplify+1","Rebound+1","Consume+1","Defragment+1","Chill+1","infinitespire:Collect+1","Lockon","Storm+1","Echo Form","BootSequence+1","Hologram+1","Redo+1","Steam+1","Redo+1","Tempest+1"],"relics":["Cracked Core","aspiration:Nostalgia","theWildCard:VelvetContract","Runic Capacitor","aspiration:EmptySkull","infinitespire:Joker Card","Toxic Egg 2","infinitespire:Lucky Rock","Anchor","Mango","Orrery","energizedSpire:RedRose","infinitespire:PuzzleCube","SsserpentHead","energizedSpire:OldTV"],"acts_visited":["Exordium","TheCity","TheBeyond"],"potions_floor_usage":[6,31,33,37,37,38,38,38,40,40],"damage_taken":[{"damage":4,"enemies":"Jaw Worm","floor":1,"turns":5},{"damage":13,"enemies":"2 Louse","floor":5,"turns":3},{"damage":25,"enemies":"Lagavulin","floor":6,"turns":6},{"damage":0,"enemies":"Cultist","floor":8,"turns":3},{"damage":6,"enemies":"Looter","floor":10,"turns":2},{"damage":28,"enemies":"3 Sentries","floor":11,"turns":5},{"damage":0,"enemies":"Slime Boss","floor":16,"turns":4},{"damage":11,"enemies":"Spheric Guardian","floor":18,"turns":3},{"damage":14,"enemies":"Shell Parasite","floor":20,"turns":6},{"damage":22,"enemies":"Centurion and Healer","floor":22,"turns":6},{"damage":1,"enemies":"Cultist and Chosen","floor":29,"turns":4},{"damage":9,"enemies":"Snake Plant","floor":31,"turns":3},{"damage":74,"enemies":"Champ","floor":33,"turns":7},{"damage":8,"enemies":"Orb Walker","floor":35,"turns":3},{"damage":20,"enemies":"3 Darklings","floor":37,"turns":4},{"damage":38,"enemies":"Sphere and 2 Shapes","floor":38,"turns":4},{"damage":12,"enemies":"Jaw Worm Horde","floor":39,"turns":4},{"damage":49,"enemies":"Giant Head","floor":40,"turns":5}],"seed_played":"-6579270181137257972","potions_obtained":[{"floor":5,"key":"Fruit Juice"},{"floor":6,"key":"Block Potion"},{"floor":10,"key":"EssenceOfSteel"},{"floor":18,"key":"DuplicationPotion"},{"floor":21,"key":"EntropicBrew"},{"floor":31,"key":"Regen Potion"},{"floor":37,"key":"Strength Potion"}],"is_trial":false,"path_per_floor":["M","?","$","?","M","E","R","M","T","M","E","?","T","$","R","B",null,"M","?","M","?","M","R","?","R","T","AVR","R","M","?","M","R","B",null,"M","$","M","M","M","E"],"character_chosen":"DEFECT","items_purchased":["Runic Capacitor","aspiration:EmptySkull","Static Discharge","Go for the Eyes","Redo","Orrery","Hologram+1","Redo+1","Fruit Juice"],"campfire_rested":3,"item_purchase_floors":[3,3,3,3,3,14,36,36,36],"current_hp_per_floor":[71,71,71,71,58,38,62,62,62,56,28,28,42,42,70,70,94,83,83,83,83,61,89,94,94,94,94,94,94,94,85,85,11,94,93,93,83,57,45,0,0],"gold":559,"neow_bonus":"NOSTALGIA","is_daily":false,"chose_seed":false,"campfire_upgraded":2,"win_rate":0.0,"timestamp":1609119717,"path_taken":["M","?","$","?","M","E","R","M","T","M","E","?","?","$","R","BOSS","M","?","M","?","?","R","?","R","T","AVR","R","M","?","M","R","BOSS","M","$","M","?","?","E"],"items_purchased_type":["Relic","Relic","Card","Card","Card","Relic","Card","Card","Potion"],"build_version":"2020-12-22","purchased_purges":1,"victory":false,"max_hp_per_floor":[75,75,75,75,75,80,80,80,80,80,80,80,94,94,94,94,94,94,94,94,94,94,94,94,94,94,94,94,94,94,94,94,94,94,94,94,104,104,104,104,104],"card_choices":[{"not_picked":["Go for the Eyes","Glacier"],"picked":"Rebound","floor":1},{"not_picked":["Barrage+1","Go for the Eyes+1"],"picked":"Coolheaded+1","floor":4},{"not_picked":["Rainbow+1","Meteor Strike+1"],"picked":"Electrodynamics+1","floor":4},{"not_picked":["Redo","Gash"],"picked":"Tempest","floor":5},{"not_picked":["Cold Snap","Coolheaded"],"picked":"Melter","floor":6},{"not_picked":["aspiration:Polymerization","Coolheaded"],"picked":"Darkness","floor":8},{"not_picked":["Beam Cell","Rip and Tear"],"picked":"Coolheaded+1","floor":10},{"not_picked":["Cold Snap","Genetic Algorithm+1"],"picked":"Lockon","floor":11},{"not_picked":["Reinforced Body+1","Melter"],"picked":"Hello World","floor":14},{"not_picked":["Ball Lightning","Self Repair"],"picked":"aspiration:Polymerization+1","floor":14},{"not_picked":["Ball Lightning","Rebound"],"picked":"Self Repair","floor":14},{"not_picked":["Turbo+1","All For One"],"picked":"Leap+1","floor":14},{"not_picked":["Turbo+1","Compile Driver"],"picked":"Thunder Strike","floor":14},{"not_picked":["Fission+1","Meteor Strike"],"picked":"Amplify+1","floor":16},{"not_picked":["Leap+1","Genetic Algorithm+1"],"picked":"Rebound+1","floor":18},{"not_picked":["Storm","Fusion+1"],"picked":"Defragment","floor":20},{"not_picked":["Compile Driver","Coolheaded+1"],"picked":"Chill+1","floor":22},{"not_picked":["Compile Driver","Go for the Eyes"],"picked":"Lockon","floor":29},{"not_picked":["Go for the Eyes","Reinforced Body+1"],"picked":"Storm+1","floor":31},{"not_picked":["Fission+1","All For One"],"picked":"Echo Form","floor":33},{"not_picked":["Ball Lightning","Compile Driver+1"],"picked":"BootSequence+1","floor":35},{"not_picked":["Compile Driver","Streamline"],"picked":"Steam+1","floor":37},{"not_picked":["Barrage","Scrape+1"],"picked":"Redo+1","floor":38},{"not_picked":["Self Repair+1","Sweeping Beam"],"picked":"Tempest+1","floor":39}],"player_experience":178319,"relics_obtained":[{"floor":6,"key":"infinitespire:Joker Card"},{"floor":9,"key":"Toxic Egg 2"},{"floor":11,"key":"infinitespire:Lucky Rock"},{"floor":12,"key":"Anchor"},{"floor":13,"key":"Mango"}],"event_choices":[{"damage_healed":0,"gold_gain":0,"player_choice":"Grow","damage_taken":0,"max_hp_gain":0,"max_hp_loss":0,"event_name":"Living Wall","floor":2,"gold_loss":0,"cards_upgraded":["Zap"]},{"damage_healed":0,"gold_gain":0,"player_choice":"2","damage_taken":0,"max_hp_gain":0,"max_hp_loss":0,"event_name":"betterMatch:BetterMatch","floor":4,"gold_loss":0,"cards_obtained":["betterMatch:CommonCard","betterMatch:RareCard"]},{"damage_healed":0,"gold_gain":0,"player_choice":"Read","damage_taken":0,"max_hp_gain":0,"max_hp_loss":0,"event_name":"The Library","floor":19,"gold_loss":0,"cards_obtained":["Consume"]},{"damage_healed":0,"gold_gain":0,"player_choice":"Got Potions","damage_taken":0,"max_hp_gain":0,"max_hp_loss":0,"event_name":"Lab","floor":21,"gold_loss":0},{"damage_healed":0,"gold_gain":0,"player_choice":"Trade","damage_taken":0,"relics_obtained":["SsserpentHead"],"max_hp_gain":0,"max_hp_loss":0,"event_name":"FaceTrader","floor":30,"gold_loss":0}],"is_beta":false,"boss_relics":[{"not_picked":["Philosopher\u0027s Stone","Nuclear Battery"],"picked":"energizedSpire:RedRose"},{"not_picked":["Runic Pyramid","Runic Dome"],"picked":"energizedSpire:OldTV"}],"items_purged_floors":[3],"is_endless":false,"potions_floor_spawned":[5,6,10,18,31,37,38],"killed_by":"Giant Head","ascension_level":3}}