{"host":"9fh35csyvbzgxvf9","time":1609125386,"event":{"mods":["BaseMod","Block Reminder","Colored Map","DeckTracker","Minty Spire (QoL Compilation)"],"gold_per_floor":[116,136,156,156,156,188,188,199,271,304,323,341,341,36,36,162,162,162,162,198,198,217,217,217,233,258,306,327,327,340,374,374,374,374],"floor_reached":33,"playtime":3274,"items_purged":[],"score":302,"play_id":"58c1a17b-0ea4-405e-a4c4-d1d3d791f4f0","local_time":"20201227221626","is_ascension_mode":false,"campfire_choices":[{"data":"Distraction","floor":7,"key":"SMITH"},{"floor":15,"key":"REST"},{"floor":23,"key":"REST"},{"data":"Venomology","floor":29,"key":"SMITH"},{"floor":32,"key":"REST"}],"circlet_count":0,"master_deck":["Strike_G","Strike_G","Strike_G","Strike_G","Defend_G","Defend_G","Defend_G","Defend_G","Defend_G","Survivor+1","Neutralize+1","Distraction+1","Footwork+1","Blade Dance","Escape Plan","Poisoned Stab","Deflect","Venomology+1","Dodge and Roll","Dodge and Roll","Cloak And Dagger","Adrenaline","PiercingWail","Dodge and Roll","Slice"],"relics":["Ring of the Snake","Mango","Sundial","MealTicket","Golden Idol","Meat on the Bone","Busted Crown","Red Mask","Lantern","Strawberry","Dream Catcher"],"acts_visited":["Exordium","TheCity"],"potions_floor_usage":[6,10,16,16,16,18,20,25,25,28,31,31,33,33],"damage_taken":[{"damage":0,"enemies":"Small Slimes","floor":1,"turns":5},{"damage":3,"enemies":"2 Louse","floor":2,"turns":4},{"damage":0,"enemies":"Jaw Worm","floor":3,"turns":6},{"damage":3,"enemies":"Lagavulin","floor":6,"turns":8},{"damage":0,"enemies":"2 Fungi Beasts","floor":8,"turns":4},{"damage":33,"enemies":"3 Sentries","floor":10,"turns":10},{"damage":2,"enemies":"Gremlin Gang","floor":11,"turns":6},{"damage":1,"enemies":"Exordium Wildlife","floor":12,"turns":8},{"damage":12,"enemies":"The Guardian","floor":16,"turns":19},{"damage":0,"enemies":"Spheric Guardian","floor":18,"turns":1},{"damage":59,"enemies":"Masked Bandits","floor":20,"turns":9},{"damage":7,"enemies":"3 Byrds","floor":22,"turns":6},{"damage":29,"enemies":"Cultist and Chosen","floor":25,"turns":14},{"damage":4,"enemies":"Snake Plant","floor":28,"turns":8},{"damage":17,"enemies":"Snecko","floor":30,"turns":9},{"damage":14,"enemies":"Gremlin Leader","floor":31,"turns":7},{"damage":82,"enemies":"Champ","floor":33,"turns":21}],"seed_played":"2997004621598213613","potions_obtained":[{"floor":1,"key":"Poison Potion"},{"floor":2,"key":"Strength Potion"},{"floor":12,"key":"SmokeBomb"},{"floor":28,"key":"Dexterity Potion"}],"is_trial":false,"path_per_floor":["M","M","M","?","?","E","R","M","T","E","M","M","?","$","R","B",null,"M","?","?","?","M","R","$","M","T","T","M","R","M","E","R","B"],"character_chosen":"THE_SILENT","items_purchased":["Meat on the Bone","Cloak And Dagger"],"campfire_rested":3,"item_purchase_floors":[14,14],"current_hp_per_floor":[70,67,67,53,58,69,69,69,69,36,34,33,33,48,72,60,82,82,82,35,35,40,64,79,50,50,57,53,53,48,49,75,0,0],"gold":374,"neow_bonus":"TRANSFORM_CARD","is_daily":false,"chose_seed":false,"campfire_upgraded":2,"win_rate":0.0,"timestamp":1609125386,"path_taken":["M","M","M","?","?","E","R","M","T","E","M","M","?","$","R","BOSS","M","?","?","?","?","R","$","M","T","?","M","R","M","E","R","BOSS"],"items_purchased_type":["Relic","Card"],"build_version":"2020-12-22","purchased_purges":0,"victory":false,"max_hp_per_floor":[70,70,70,70,75,89,89,89,89,89,89,89,82,82,82,82,82,82,82,82,82,82,82,82,82,82,89,89,89,89,89,89,89,89],"card_choices":[{"not_picked":["Riddle With Holes","Crippling Poison"],"picked":"Footwork","floor":1},{"not_picked":["Slice","Deflect"],"picked":"Blade Dance","floor":2},{"not_picked":["Poisoned Stab","Quick Slash"],"picked":"Escape Plan","floor":3},{"not_picked":["Terror","Well Laid Plans"],"picked":"Poisoned Stab","floor":6},{"not_picked":["Prepared","Setup"],"picked":"Deflect","floor":8},{"not_picked":["Eviscerate","Slice"],"picked":"Venomology","floor":10},{"not_picked":["Eviscerate","Prepared"],"picked":"Dodge and Roll","floor":11},{"not_picked":["Setup","Sucker Punch"],"picked":"Dodge and Roll","floor":12},{"not_picked":["Die Die Die","Unload"],"picked":"Adrenaline","floor":16},{"not_picked":[],"picked":"PiercingWail","floor":20},{"not_picked":["PiercingWail+1"],"picked":"SKIP","floor":22},{"not_picked":[],"picked":"Dodge and Roll","floor":25},{"not_picked":["Dodge and Roll"],"picked":"SKIP","floor":28},{"not_picked":[],"picked":"Slice","floor":30},{"not_picked":["Concentrate"],"picked":"SKIP","floor":31}],"player_experience":260394,"relics_obtained":[{"floor":6,"key":"Mango"},{"floor":9,"key":"Sundial"},{"floor":10,"key":"MealTicket"},{"floor":20,"key":"Red Mask"},{"floor":26,"key":"Lantern"},{"floor":27,"key":"Strawberry"},{"floor":31,"key":"Dream Catcher"}],"event_choices":[{"damage_healed":0,"gold_gain":0,"player_choice":"Entered Light","damage_taken":14,"max_hp_gain":0,"max_hp_loss":0,"event_name":"Shining Light","floor":4,"gold_loss":0,"cards_upgraded":["Survivor","Neutralize"]},{"damage_healed":0,"gold_gain":0,"player_choice":"Donut","damage_taken":0,"max_hp_gain":5,"max_hp_loss":0,"event_name":"Big Fish","floor":5,"gold_loss":0},{"damage_healed":0,"gold_gain":0,"player_choice":"Lose Max HP","damage_taken":0,"relics_obtained":["Golden Idol"],"max_hp_gain":0,"max_hp_loss":7,"event_name":"Golden Idol","floor":13,"gold_loss":0},{"damage_healed":0,"gold_gain":0,"player_choice":"Ignored","damage_taken":0,"max_hp_gain":0,"max_hp_loss":0,"event_name":"Ghosts","floor":19,"gold_loss":0},{"damage_healed":0,"gold_gain":0,"player_choice":"Fought Bandits","damage_taken":0,"max_hp_gain":0,"max_hp_loss":0,"event_name":"Masked Bandits","floor":20,"gold_loss":0},{"damage_healed":0,"gold_gain":0,"player_choice":"Forge","damage_taken":0,"max_hp_gain":0,"max_hp_loss":0,"event_name":"Accursed Blacksmith","floor":21,"gold_loss":0,"cards_upgraded":["Footwork"]}],"is_beta":false,"boss_relics":[{"not_picked":["Tiny House","Philosopher\u0027s Stone"],"picked":"Busted Crown"}],"items_purged_floors":[],"is_endless":false,"potions_floor_spawned":[1,2,12,18,28],"killed_by":"Champ","ascension_level":0}}