{"host":"df9o10zwd5ba1nc2","time":1609187507,"event":{"mods":["AchievementEnabler","Aspiration","Bard","BaseMod","Beaked The Cultist","Better Altar","Better Match","Better Note","Better Sensory Stone","Better Skull","Better Third Choice","BetterRewards","CCEM","Clawfect","Colored Map","Conspire","Downfall","GifTheSpireLib","Halation","Hermit","Highlight Path","Hubris","Hunter ??","Infinite Spire","Jedi Mod","Jorbs\u0027s Wanderer Trilogy","Mad Scientist","Minty Spire (QoL Compilation)","Permanent Neow","Replay The Spire","Shade Mod","Shop Mod","Spicy Shops","StSLib","Stuff the Spire","The Administrix","The Animator","The Blackbeard","The Bug Knight","The Construct","The Cursed","The Disciple","The Gatherer","The Hierophant","The IronCluck","The Mystic","The Necromancer","The Problem Sleuth","The Runesmith","The Servant 0.9.4","The Spell Scribe","The Witch","Unceasing Turn Reminder","UnlockEverythingMod","slay the spire mod where everything is the same but ironclad has a cowboy hat"],"gold_per_floor":[99,111,126,126,136,154,154,187,200,219,254,264,264,296,309,309,309,309],"floor_reached":16,"playtime":1528,"items_purged":[],"score":132,"play_id":"85625229-103d-4741-be24-2f8260306e09","local_time":"20201228153147","is_ascension_mode":true,"campfire_choices":[{"floor":1,"key":"DIG"},{"floor":13,"key":"REST"}],"circlet_count":0,"master_deck":["Guardian:Strike_Guardian","Guardian:Strike_Guardian","Guardian:Strike_Guardian","Guardian:Defend_Guardian","Guardian:Defend_Guardian","Guardian:Defend_Guardian","Guardian:Defend_Guardian","Guardian:CurlUp","Guardian:TwinSlam","Guardian:PrismaticBarrier","Guardian:DonusPower","Crow Ritual","Guardian:EvasiveProtocol","Guardian:Recover","Guardian:DonusPower","Guardian:GatlingBeam","Guardian:Suspension","Guardian:ShieldCharger","Guardian:TemporalStrike","Guardian:PiercingHide","Guardian:Orbwalk"],"relics":["Guardian:ModeShifter","Tiny Chest","aspiration:ChemicalBlood","Happy Flower","Juzu Bracelet"],"acts_visited":["Exordium"],"potions_floor_usage":[8,9,11,11,14,14,16],"damage_taken":[{"damage":1,"enemies":"conspire:RoseBush","floor":2,"turns":4},{"damage":1,"enemies":"2 Louse","floor":3,"turns":4},{"damage":9,"enemies":"Small Slimes","floor":5,"turns":5},{"damage":11,"enemies":"Exordium Wildlife","floor":6,"turns":5},{"damage":13,"enemies":"Replay:BlueRogue","floor":8,"turns":6},{"damage":13,"enemies":"Gremlin Gang","floor":9,"turns":2},{"damage":13,"enemies":"3 Louse","floor":10,"turns":4},{"damage":7,"enemies":"HollowMod:MossKnight","floor":11,"turns":9},{"damage":2,"enemies":"Blue Slaver","floor":12,"turns":4},{"damage":11,"enemies":"3 Sentries","floor":14,"turns":7},{"damage":6,"enemies":"Exordium Thugs","floor":15,"turns":6},{"damage":21,"enemies":"downfall:Ironclad","floor":16,"turns":5}],"seed_played":"5756441510261890265","potions_obtained":[{"floor":6,"key":"hexamod:EctoCoolerPotion"},{"floor":8,"key":"Explosive Potion"},{"floor":9,"key":"PowerPotion"},{"floor":11,"key":"Adrenaline Potion"},{"floor":14,"key":"Adrenaline Potion"}],"is_trial":false,"path_per_floor":["R_BF","M","M","?","M","M","T","E","M","M","E","M","R","E","M","B"],"character_chosen":"GUARDIAN","items_purchased":[],"campfire_rested":1,"item_purchase_floors":[],"current_hp_per_floor":[80,79,78,78,69,58,58,45,32,19,12,10,34,23,17,0,0,0],"gold":309,"neow_bonus":"TRANSFORM_CARD","is_daily":false,"chose_seed":false,"campfire_upgraded":0,"win_rate":0.0,"timestamp":1609187507,"path_taken":["R_BF","M","M","?","M","M","T","E","M","M","E","M","R","E","M","BOSS"],"items_purchased_type":[],"build_version":"2020-12-22","purchased_purges":0,"victory":false,"max_hp_per_floor":[80,80,80,80,80,80,80,80,80,80,80,80,80,80,80,80,80,80],"card_choices":[{"not_picked":["Guardian:ShieldCharger","Guardian:Harden"],"picked":"Guardian:Gem_Red","floor":2},{"not_picked":["Guardian:PrimingBeam","Guardian:CrystalBeam"],"picked":"Guardian:DonusPower","floor":3},{"not_picked":["The Bomb","Dramatic Entrance"],"picked":"Crow Ritual","floor":4},{"not_picked":["Guardian:WalkerClaw","Guardian:Gem_Red"],"picked":"Guardian:EvasiveProtocol","floor":5},{"not_picked":["Guardian:Gem_Red","Guardian:Gem_Lightblue"],"picked":"Guardian:Recover","floor":6},{"not_picked":["Guardian:Gem_Red","Guardian:Gem_Lightblue"],"picked":"Guardian:DonusPower","floor":8},{"not_picked":["Guardian:RefractedBeam","Guardian:Gem_Cyan"],"picked":"Guardian:GatlingBeam","floor":9},{"not_picked":["Guardian:Reroute","Guardian:ShieldCharger"],"picked":"Guardian:Suspension","floor":10},{"not_picked":["Guardian:Gem_Cyan","Guardian:ExploitGems"],"picked":"Guardian:ShieldCharger","floor":11},{"not_picked":["Guardian:Planning","Guardian:Gem_Green"],"picked":"Guardian:TemporalStrike","floor":12},{"not_picked":["Guardian:Reroute","Guardian:CrystalBeam"],"picked":"Guardian:PiercingHide","floor":14},{"not_picked":["Guardian:Planning","Guardian:PrimingBeam"],"picked":"Guardian:Orbwalk","floor":15}],"player_experience":65991,"relics_obtained":[{"floor":1,"key":"Tiny Chest"},{"floor":8,"key":"aspiration:ChemicalBlood"},{"floor":11,"key":"Happy Flower"},{"floor":14,"key":"Juzu Bracelet"}],"event_choices":[{"damage_healed":0,"gold_gain":1,"player_choice":"1","damage_taken":0,"max_hp_gain":0,"max_hp_loss":0,"event_name":"betterStone:BetterStone","floor":4,"gold_loss":0}],"is_beta":false,"boss_relics":[],"items_purged_floors":[],"is_endless":false,"potions_floor_spawned":[6,8,9,11,14],"killed_by":"downfall:Ironclad","ascension_level":1}}