{"host":"sum4dy402bbv9y4o","time":1609187130,"event":{"mods":["Aspiration","BaseMod","Conspire","Highlight Path","Minty Spire (QoL Compilation)","StSLib"],"gold_per_floor":[13,27,27,27,45,77,77,77,77,88,122,122,122,137,137,208,208,227,227,70,70,85,85,116,116,139,148,173,197,221,15,15,15,15],"floor_reached":33,"playtime":1075,"items_purged":[],"score":550,"play_id":"a61558ce-fbd6-49a6-b130-b142d355f62d","local_time":"20201228232530","is_ascension_mode":true,"campfire_choices":[{"data":"Eruption","floor":7,"key":"SMITH"},{"data":"1","floor":12,"key":"LIFT"},{"data":"2","floor":15,"key":"LIFT"},{"data":"3","floor":23,"key":"LIFT"},{"floor":25,"key":"REST"},{"floor":27,"key":"REST"},{"data":"TalkToTheHand","floor":32,"key":"SMITH"}],"circlet_count":0,"master_deck":["AscendersBane","Strike_P","Strike_P","Defend_P","Defend_P+1","Defend_P","Eruption+1","Vigilance","Evaluate","BowlingBash","Finisher","Dagger Spray","Cloak And Dagger+1","EmptyFist","Wallop","EmptyBody","InnerPeace","ClearTheMind","Brilliance","Halt","TalkToTheHand+1","SashWhip","Crescendo+1","Halt","FollowUp","ReachHeaven+1","LikeWater"],"relics":["PureWater","aspiration:AnachronicSnailShell","Dream Catcher","conspire:DeflatedDodgeball","Girya","Black Star","Regal Pillow","Happy Flower","Ancient Tea Set","CeramicFish","War Paint"],"acts_visited":["Exordium","TheCity"],"potions_floor_usage":[16,24],"damage_taken":[{"damage":0,"enemies":"2 Louse","floor":1,"turns":3},{"damage":2,"enemies":"Small Slimes","floor":2,"turns":4},{"damage":1,"enemies":"Cultist","floor":5,"turns":3},{"damage":15,"enemies":"Gremlin Nob","floor":6,"turns":4},{"damage":2,"enemies":"Lots of Slimes","floor":10,"turns":3},{"damage":6,"enemies":"3 Sentries","floor":11,"turns":3},{"damage":0,"enemies":"Blue Slaver","floor":14,"turns":4},{"damage":10,"enemies":"The Guardian","floor":16,"turns":10},{"damage":21,"enemies":"Shell Parasite","floor":18,"turns":6},{"damage":0,"enemies":"2 Thieves","floor":22,"turns":3},{"damage":42,"enemies":"Book of Stabbing","floor":24,"turns":6},{"damage":12,"enemies":"Snake Plant","floor":28,"turns":3},{"damage":1,"enemies":"Centurion and Healer","floor":29,"turns":6},{"damage":2,"enemies":"Cultist and Chosen","floor":30,"turns":5},{"damage":58,"enemies":"Collector","floor":33,"turns":7}],"seed_played":"-7462878519397092297","potions_obtained":[{"floor":5,"key":"FairyPotion"},{"floor":6,"key":"LiquidBronze"},{"floor":14,"key":"FearPotion"},{"floor":18,"key":"LiquidMemories"},{"floor":28,"key":"GamblersBrew"}],"is_trial":false,"path_per_floor":["M","M","?","$","M","E","R","?","T","M","E","R","?","M","R","B",null,"M","?","$","?","M","R","E","R","T","R","M","M","M","$","R","B"],"character_chosen":"WATCHER","items_purchased":["Regal Pillow","LikeWater","War Paint"],"campfire_rested":2,"item_purchase_floors":[20,31,31],"current_hp_per_floor":[61,59,59,59,58,43,43,43,43,41,35,35,31,31,31,21,56,35,35,35,29,29,29,8,43,43,68,56,55,53,53,53,0,0],"gold":15,"neow_bonus":"ONE_RARE_RELIC","is_daily":false,"chose_seed":false,"campfire_upgraded":2,"win_rate":0.0,"timestamp":1609187130,"path_taken":["M","M","?","$","M","E","R","?","T","M","E","R","?","M","R","BOSS","M","?","$","?","M","R","E","R","T","R","M","?","M","?","R","BOSS"],"items_purchased_type":["Relic","Card","Relic"],"build_version":"2020-12-22","purchased_purges":0,"victory":false,"max_hp_per_floor":[68,68,68,68,68,68,68,68,68,68,68,68,68,68,68,68,68,68,68,68,68,68,68,68,68,68,68,68,68,68,68,68,68,68],"card_choices":[{"not_picked":["PathToVictory","Study"],"picked":"Evaluate","floor":1},{"not_picked":["Study","LikeWater"],"picked":"BowlingBash","floor":2},{"not_picked":["ClearTheMind","FlyingSleeves"],"picked":"EmptyFist","floor":5},{"not_picked":["Fasting2","SandsOfTime"],"picked":"Wallop","floor":6},{"not_picked":["Evaluate","Study"],"picked":"EmptyBody","floor":10},{"not_picked":["SpiritShield","CrushJoints"],"picked":"InnerPeace","floor":11},{"not_picked":["FlyingSleeves","EmptyFist"],"picked":"ClearTheMind","floor":14},{"not_picked":["DevaForm","Judgement"],"picked":"Brilliance","floor":16},{"not_picked":["ThirdEye","WheelKick"],"picked":"Halt","floor":18},{"not_picked":["EmptyMind","FearNoEvil"],"picked":"TalkToTheHand","floor":22},{"not_picked":["JustLucky","Evaluate","BowlingBash"],"picked":"SKIP","floor":24},{"not_picked":["Crescendo","ConjureBlade"],"picked":"SashWhip","floor":25},{"not_picked":["CutThroughFate","Meditate"],"picked":"Crescendo+1","floor":27},{"not_picked":["Protect","Fasting2"],"picked":"Halt","floor":28},{"not_picked":["Wireheading","PathToVictory"],"picked":"FollowUp","floor":29},{"not_picked":["ForeignInfluence","EmptyFist"],"picked":"ReachHeaven+1","floor":30}],"player_experience":2857892,"relics_obtained":[{"floor":6,"key":"Dream Catcher"},{"floor":9,"key":"conspire:DeflatedDodgeball"},{"floor":11,"key":"Girya"},{"floor":24,"key":"Happy Flower"},{"floor":24,"key":"Ancient Tea Set"},{"floor":26,"key":"CeramicFish"}],"event_choices":[{"damage_healed":0,"gold_gain":0,"player_choice":"Searched \u00270\u0027 times","damage_taken":0,"max_hp_gain":0,"max_hp_loss":0,"event_name":"Dead Adventurer","floor":8,"gold_loss":0},{"damage_healed":0,"gold_gain":0,"player_choice":"Leave","damage_taken":0,"max_hp_gain":0,"max_hp_loss":0,"event_name":"conspire:Investor","floor":13,"gold_loss":0},{"damage_healed":0,"gold_gain":0,"player_choice":"Ignored","damage_taken":0,"max_hp_gain":0,"max_hp_loss":0,"event_name":"Vampires","floor":19,"gold_loss":0},{"damage_healed":0,"gold_gain":0,"player_choice":"","damage_taken":6,"max_hp_gain":0,"max_hp_loss":0,"event_name":"Knowing Skull","floor":21,"potions_obtained":[],"gold_loss":0,"cards_obtained":[]}],"is_beta":false,"boss_relics":[{"not_picked":["Fusion Hammer","Cursed Key"],"picked":"Black Star"}],"items_purged_floors":[],"is_endless":false,"potions_floor_spawned":[5,6,14,18,28],"killed_by":"Collector","ascension_level":20}}