{"host":"mi0eibewekhugwl1","time":1609175426,"event":{"mods":["AchievementEnabler","BaseMod","Colored Map","Colored Powertips","DeckTracker","Keyboard Shortcuts","Minty Spire (QoL Compilation)","Quick Restart","Rare Cards Sparkle","Relic Stats","StSLib","SuperFastMode","everything is the same but u backflip on backflip"],"gold_per_floor":[113,132,132,142,142,142,142,142,219,219,219,237,252,284,284,284,284],"floor_reached":16,"playtime":216,"items_purged":[],"score":200,"play_id":"12c9c7ed-819c-4d49-ae81-a1c65a3beb92","local_time":"20201229021026","is_ascension_mode":true,"campfire_choices":[{"data":"Chaos","floor":6.0,"key":"SMITH"},{"floor":10.0,"key":"REST"},{"data":"Loop","floor":15.0,"key":"SMITH"}],"circlet_count":0,"master_deck":["AscendersBane","Strike_B","Strike_B","Strike_B","Strike_B","Defend_B","Defend_B","Defend_B","Defend_B","Zap+1","Dualcast","Electrodynamics","Chaos+1","Ball Lightning","Coolheaded","Turbo","Loop+1","Genetic Algorithm"],"relics":["Cracked Core","Eternal Feather","Mummified Hand","Shuriken","Nunchaku"],"acts_visited":["Exordium"],"potions_floor_usage":[16],"damage_taken":[{"damage":1.0,"enemies":"2 Louse","floor":1.0,"turns":3.0},{"damage":0.0,"enemies":"Cultist","floor":2.0,"turns":3.0},{"damage":14.0,"enemies":"Small Slimes","floor":4.0,"turns":2.0},{"damage":0.0,"enemies":"2 Fungi Beasts","floor":12.0,"turns":1.0},{"damage":8.0,"enemies":"Large Slime","floor":13.0,"turns":4.0},{"damage":23.0,"enemies":"Lagavulin","floor":14.0,"turns":5.0},{"damage":46,"enemies":"Hexaghost","floor":16,"turns":9}],"seed_played":"5019352557993947809","potions_obtained":[{"floor":2.0,"key":"Regen Potion"},{"floor":4.0,"key":"SkillPotion"}],"is_trial":false,"path_per_floor":["M","M","?","M","?","R","?","?","T","R","T","M","M","E","R","B"],"character_chosen":"DEFECT","items_purchased":[],"campfire_rested":1,"item_purchase_floors":[],"current_hp_per_floor":[63,63,63,49,54,54,19,19,19,50,50,50,42,19,28,0,0],"gold":284,"neow_bonus":"ONE_RANDOM_RARE_CARD","is_daily":false,"chose_seed":false,"campfire_upgraded":2,"win_rate":0.0,"timestamp":1609175426,"path_taken":["M","M","?","?","?","R","?","?","T","R","?","M","M","E","R","BOSS"],"items_purchased_type":[],"build_version":"2020-12-22","purchased_purges":0,"victory":false,"max_hp_per_floor":[71,71,71,71,76,76,76,76,76,76,76,76,76,76,76,76,76],"relic_stats":{"Nunchaku":[1],"counters":[7,27],"Mummified Hand":[6],"Shuriken":[2],"Eternal Feather":18,"obtain_stats":[{"Nunchaku":14,"Mummified Hand":9,"Shuriken":11,"Eternal Feather":7,"Cracked Core":0},{"Nunchaku":6,"Mummified Hand":3,"Shuriken":3,"Eternal Feather":3,"Cracked Core":0},{"Nunchaku":18,"Mummified Hand":8,"Shuriken":8,"Eternal Feather":8,"Cracked Core":0}]},"card_choices":[{"not_picked":["Hologram","Sweeping Beam"],"picked":"Chaos","floor":1.0},{"not_picked":["Auto Shields","Gash"],"picked":"Ball Lightning","floor":2.0},{"not_picked":["Steam","Doom and Gloom"],"picked":"Coolheaded","floor":4.0},{"not_picked":["Gash","Reprogram"],"picked":"Turbo","floor":12.0},{"not_picked":["BootSequence","Barrage"],"picked":"Loop","floor":13.0},{"not_picked":["Aggregate","Sweeping Beam"],"picked":"Genetic Algorithm","floor":14.0}],"player_experience":1714230,"relics_obtained":[{"floor":9.0,"key":"Mummified Hand"},{"floor":11.0,"key":"Shuriken"},{"floor":14.0,"key":"Nunchaku"}],"event_choices":[{"damage_healed":0.0,"max_hp_gain":0.0,"max_hp_loss":0.0,"gold_gain":0.0,"event_name":"Accursed Blacksmith","player_choice":"Forge","floor":3.0,"gold_loss":0.0,"damage_taken":0.0,"cards_upgraded":["Zap"]},{"damage_healed":0.0,"max_hp_gain":5.0,"max_hp_loss":0.0,"gold_gain":0.0,"event_name":"Big Fish","player_choice":"Donut","floor":5.0,"gold_loss":0.0,"damage_taken":0.0},{"damage_healed":0.0,"max_hp_gain":0.0,"max_hp_loss":0.0,"gold_gain":0.0,"event_name":"Scrap Ooze","player_choice":"Success","floor":7.0,"gold_loss":0.0,"damage_taken":35.0,"relics_obtained":["Eternal Feather"]},{"damage_healed":0.0,"max_hp_gain":0.0,"max_hp_loss":0.0,"gold_gain":0.0,"event_name":"Dead Adventurer","player_choice":"Searched \u00270\u0027 times","floor":8.0,"gold_loss":0.0,"damage_taken":0.0}],"is_beta":false,"boss_relics":[],"items_purged_floors":[],"is_endless":false,"potions_floor_spawned":[2,4],"killed_by":"Hexaghost","ascension_level":20}}