{"host":"ywrl54yaurj31tya","time":1609117249,"event":{"mods":["AchievementEnabler","BaseMod","Colored Map","Keyboard Shortcuts","Minty Spire (QoL Compilation)","Quick Restart","Rare Cards Sparkle","StSLib","SuperFastMode","everything is the same but u backflip on backflip"],"gold_per_floor":[113,124,143,154,169,169,197,197,222,247,247,272,290,310,310,310,310],"floor_reached":16,"playtime":469,"items_purged":[],"score":248,"play_id":"23c2ee07-094e-4900-bb95-01bf552ce651","local_time":"20201228100049","is_ascension_mode":true,"campfire_choices":[{"data":"Dash","floor":6,"key":"SMITH"},{"data":"Noxious Fumes","floor":8,"key":"SMITH"},{"floor":11,"key":"REST"},{"floor":15,"key":"REST"}],"circlet_count":0,"master_deck":["AscendersBane","Strike_G","Strike_G","Strike_G","Strike_G","Strike_G","Defend_G","Defend_G","Defend_G","Defend_G","Survivor","Neutralize","Infinite Blades","Backstab","Dash+1","Poisoned Stab","Acrobatics","Venomology","Noxious Fumes+1","Crippling Poison","Reflex"],"relics":["Ring of the Snake","Blood Vial","PreservedInsect","Akabeko","Boot"],"acts_visited":["Exordium"],"potions_floor_usage":[7,7,7,12,16,16],"damage_taken":[{"damage":1,"enemies":"Cultist","floor":1,"turns":4},{"damage":0,"enemies":"Jaw Worm","floor":2,"turns":4},{"damage":1,"enemies":"Small Slimes","floor":3,"turns":3},{"damage":0,"enemies":"2 Fungi Beasts","floor":4,"turns":3},{"damage":1,"enemies":"Looter","floor":5,"turns":3},{"damage":7,"enemies":"3 Sentries","floor":7,"turns":10},{"damage":32,"enemies":"Gremlin Nob","floor":10,"turns":4},{"damage":25,"enemies":"Lagavulin","floor":12,"turns":5},{"damage":0,"enemies":"Blue Slaver","floor":13,"turns":3},{"damage":0,"enemies":"2 Fungi Beasts","floor":14,"turns":3},{"damage":44,"enemies":"Slime Boss","floor":16,"turns":9}],"seed_played":"-8204548767611685021","potions_obtained":[{"floor":1,"key":"DistilledChaos"},{"floor":2,"key":"Weak Potion"},{"floor":4,"key":"LiquidMemories"},{"floor":7,"key":"LiquidBronze"}],"is_trial":false,"path_per_floor":["M","M","M","M","M","R","E","R","T","E","R","E","M","M","R","B"],"character_chosen":"THE_SILENT","items_purchased":[],"campfire_rested":2,"item_purchase_floors":[],"current_hp_per_floor":[58,58,57,57,56,56,49,49,49,19,38,15,17,19,38,0,0],"gold":310,"neow_bonus":"TRANSFORM_CARD","is_daily":false,"chose_seed":false,"campfire_upgraded":2,"win_rate":0.0,"timestamp":1609117249,"path_taken":["M","M","M","M","?","R","E","R","T","E","R","E","M","M","R","BOSS"],"items_purchased_type":[],"build_version":"2020-12-22","purchased_purges":0,"victory":false,"max_hp_per_floor":[66,66,66,66,66,66,66,66,66,66,66,66,66,66,66,66,66],"card_choices":[{"not_picked":["Calculated Gamble","Finisher"],"picked":"Backstab","floor":1},{"not_picked":["Sucker Punch","Blade Dance"],"picked":"Dash","floor":2},{"not_picked":["Concentrate","Outmaneuver"],"picked":"Poisoned Stab","floor":3},{"not_picked":["Backflip","Dodge and Roll"],"picked":"Acrobatics","floor":4},{"not_picked":["Slice","Acrobatics"],"picked":"Venomology","floor":5},{"not_picked":["Cloak And Dagger","Dodge and Roll"],"picked":"Noxious Fumes","floor":7},{"not_picked":["Dagger Spray","Poisoned Stab"],"picked":"Crippling Poison","floor":10},{"not_picked":["Quick Slash","Eviscerate"],"picked":"Reflex","floor":12},{"not_picked":["Acrobatics","Poisoned Stab","Setup"],"picked":"SKIP","floor":13},{"not_picked":["Eviscerate","Reflex","Outmaneuver"],"picked":"SKIP","floor":14}],"player_experience":579801,"relics_obtained":[{"floor":7,"key":"Blood Vial"},{"floor":9,"key":"PreservedInsect"},{"floor":10,"key":"Akabeko"},{"floor":12,"key":"Boot"}],"event_choices":[],"is_beta":false,"boss_relics":[],"items_purged_floors":[],"is_endless":false,"potions_floor_spawned":[1,2,4,7,14],"killed_by":"Slime Boss","ascension_level":20}}