{"host":"dhyczjm99amxd3qx","time":1609170508,"event":{"mods":["BaseMod","Colored Map","Googly Eyes","Highlight Path","Minty Spire (QoL Compilation)","Quick Restart","StSLib"],"gold_per_floor":[362,312,15,25,42,67,67,92,92,102,102,102,145,168,168,294,294,285,285,285,318,337,362,362,392,466,493,519,538,555,555,555,657,657,677,689,702,702,718,748,29,29,29],"floor_reached":42,"playtime":3491,"items_purged":["Defend_G","Strike_G"],"score":661,"play_id":"e5fa19c9-f81c-4554-bf66-8cb91afde195","local_time":"20201228104828","is_ascension_mode":true,"campfire_choices":[{"floor":7.0,"key":"RECALL"},{"data":"Infinite Blades","floor":11.0,"key":"SMITH"},{"data":"Leg Sweep","floor":15.0,"key":"SMITH"},{"data":"Dodge and Roll","floor":24.0,"key":"SMITH"},{"data":"Distraction","floor":32.0,"key":"SMITH"}],"circlet_count":0,"master_deck":["Strike_G","Strike_G","Strike_G","Defend_G","Defend_G","Defend_G","Defend_G","Survivor","Neutralize","Backstab","Infinite Blades+1","Leg Sweep+1","Distraction+1","Cloak And Dagger+1","Blur+1","Accuracy","Corpse Explosion","Dodge and Roll+1","Deflect","Adrenaline","Wraith Form v2"],"relics":["Ring of the Serpent","HandDrill","Oddly Smooth Stone","Thread and Needle","Bottled Lightning","Bloody Idol","Omamori","Busted Crown","Bag of Marbles","Red Mask","Strawberry","Boot","War Paint","Happy Flower","Singing Bowl","HornCleat","Vajra"],"acts_visited":["Exordium","TheCity","TheBeyond"],"potions_floor_usage":[42],"damage_taken":[{"damage":0.0,"enemies":"Jaw Worm","floor":1.0,"turns":6.0},{"damage":0.0,"enemies":"2 Louse","floor":4.0,"turns":3.0},{"damage":0.0,"enemies":"Small Slimes","floor":5.0,"turns":3.0},{"damage":6.0,"enemies":"Gremlin Nob","floor":6.0,"turns":3.0},{"damage":5.0,"enemies":"Lagavulin","floor":8.0,"turns":8.0},{"damage":2.0,"enemies":"Blue Slaver","floor":10.0,"turns":5.0},{"damage":0.0,"enemies":"3 Sentries","floor":13.0,"turns":13.0},{"damage":0.0,"enemies":"Looter","floor":14.0,"turns":3.0},{"damage":20.0,"enemies":"Hexaghost","floor":16.0,"turns":16.0},{"damage":0.0,"enemies":"2 Thieves","floor":18.0,"turns":4.0},{"damage":6.0,"enemies":"Masked Bandits","floor":21.0,"turns":3.0},{"damage":0.0,"enemies":"Chosen","floor":22.0,"turns":5.0},{"damage":53.0,"enemies":"Gremlin Leader","floor":23.0,"turns":7.0},{"damage":3.0,"enemies":"Book of Stabbing","floor":25.0,"turns":6.0},{"damage":1.0,"enemies":"Slavers","floor":27.0,"turns":3.0},{"damage":0.0,"enemies":"Snecko","floor":29.0,"turns":6.0},{"damage":4.0,"enemies":"Snake Plant","floor":30.0,"turns":4.0},{"damage":0.0,"enemies":"Automaton","floor":33.0,"turns":12.0},{"damage":0.0,"enemies":"3 Darklings","floor":35.0,"turns":4.0},{"damage":0.0,"enemies":"Orb Walker","floor":36.0,"turns":5.0},{"damage":0.0,"enemies":"3 Darklings","floor":37.0,"turns":4.0},{"damage":0.0,"enemies":"Transient","floor":39.0,"turns":5.0},{"damage":10.0,"enemies":"Nemesis","floor":40.0,"turns":9.0},{"damage":105,"enemies":"Giant Head","floor":42,"turns":9}],"seed_played":"7272970096364229357","potions_obtained":[{"floor":1.0,"key":"Fire Potion"},{"floor":6.0,"key":"FairyPotion"},{"floor":8.0,"key":"Fire Potion"},{"floor":13.0,"key":"Explosive Potion"},{"floor":21.0,"key":"Poison Potion"},{"floor":22.0,"key":"Fruit Juice"},{"floor":25.0,"key":"Poison Potion"},{"floor":30.0,"key":"Explosive Potion"},{"floor":36.0,"key":"Swift Potion"},{"floor":37.0,"key":"ColorlessPotion"},{"floor":39.0,"key":"SkillPotion"}],"is_trial":false,"path_per_floor":["M","?","$","M","M","E","R","E","T","M","R","?","E","M","R","B",null,"M","?","?","?","M","E","R","E","T","E","T","M","M","?","R","B",null,"M","M","M","?","M","E","$","E"],"character_chosen":"THE_SILENT","items_purchased":["Infinite Blades","HandDrill","Adrenaline","HornCleat","Vajra","Wraith Form v2"],"campfire_rested":0,"item_purchase_floors":[3,3,41,41,41,41],"current_hp_per_floor":[49,49,49,49,49,43,43,38,38,36,36,36,36,36,36,16,65,65,65,65,64,70,29,29,31,36,40,45,50,51,51,51,56,77,77,77,77,73,73,70,70,0,0],"gold":29,"neow_bonus":"TWO_FIFTY_GOLD","is_daily":false,"chose_seed":false,"campfire_upgraded":4,"win_rate":0.0,"timestamp":1609170508,"path_taken":["M","?","$","M","M","E","R","E","T","M","R","?","E","M","R","BOSS","M","?","?","?","M","E","R","E","T","E","?","M","?","?","R","BOSS","M","M","M","?","M","E","$","E"],"items_purchased_type":["Card","Relic","Card","Relic","Relic","Card"],"build_version":"2020-12-22","purchased_purges":2,"victory":false,"max_hp_per_floor":[70,70,70,70,70,70,70,70,70,70,70,65,65,65,65,65,65,65,65,65,65,70,77,77,77,77,77,77,77,77,77,77,77,77,77,77,77,73,73,75,75,75,75],"card_choices":[{"not_picked":["Eviscerate","Terror"],"picked":"Backstab","floor":1.0},{"not_picked":["Outmaneuver","Deadly Poison"],"picked":"Leg Sweep","floor":4.0},{"not_picked":["Blade Dance","Calculated Gamble"],"picked":"Distraction","floor":5.0},{"not_picked":["Footwork","Poisoned Stab"],"picked":"Cloak And Dagger","floor":6.0},{"not_picked":["Catalyst","Escape Plan","Quick Slash"],"picked":"SKIP","floor":8.0},{"not_picked":["Calculated Gamble","Skewer"],"picked":"Blur","floor":10.0},{"not_picked":["Eviscerate","Acrobatics"],"picked":"Accuracy","floor":13.0},{"not_picked":["Quick Slash","Tactician","Prepared"],"picked":"SKIP","floor":14.0},{"not_picked":["Doppelganger","Wraith Form v2"],"picked":"Corpse Explosion","floor":16.0},{"not_picked":["Dagger Spray+1"],"picked":"SKIP","floor":18.0},{"not_picked":[],"picked":"Dodge and Roll","floor":21.0},{"not_picked":["Crippling Poison"],"picked":"SKIP","floor":22.0},{"not_picked":["Riddle With Holes"],"picked":"SKIP","floor":23.0},{"not_picked":["Corpse Explosion"],"picked":"SKIP","floor":25.0},{"not_picked":["Skewer+1"],"picked":"SKIP","floor":27.0},{"not_picked":["Dagger Throw"],"picked":"SKIP","floor":29.0},{"not_picked":["Dagger Spray"],"picked":"SKIP","floor":30.0},{"not_picked":[],"picked":"Deflect","floor":35.0},{"not_picked":["Sucker Punch+1"],"picked":"SKIP","floor":36.0},{"not_picked":["Dagger Throw+1"],"picked":"SKIP","floor":37.0},{"not_picked":["Bane+1"],"picked":"SKIP","floor":39.0},{"not_picked":["Sucker Punch+1"],"picked":"Singing Bowl","floor":40.0}],"player_experience":135421,"relics_obtained":[{"floor":6.0,"key":"Oddly Smooth Stone"},{"floor":8.0,"key":"Thread and Needle"},{"floor":9.0,"key":"Bottled Lightning"},{"floor":13.0,"key":"Omamori"},{"floor":21.0,"key":"Red Mask"},{"floor":23.0,"key":"Strawberry"},{"floor":25.0,"key":"Boot"},{"floor":27.0,"key":"War Paint"},{"floor":28.0,"key":"Happy Flower"},{"floor":40.0,"key":"Singing Bowl"}],"event_choices":[{"cards_removed":["Strike_G"],"damage_healed":0.0,"max_hp_gain":0.0,"max_hp_loss":0.0,"gold_gain":0.0,"event_name":"The Cleric","player_choice":"Card Removal","floor":2.0,"gold_loss":50.0,"damage_taken":0.0},{"damage_healed":0.0,"max_hp_gain":0.0,"max_hp_loss":5.0,"gold_gain":0.0,"event_name":"Golden Idol","player_choice":"Lose Max HP","floor":12.0,"gold_loss":0.0,"damage_taken":0.0,"relics_obtained":["Golden Idol"]},{"damage_healed":0.0,"max_hp_gain":0.0,"max_hp_loss":0.0,"gold_gain":0.0,"event_name":"Forgotten Altar","player_choice":"Gave Idol","floor":19.0,"relics_lost":["Golden Idol"],"gold_loss":0.0,"damage_taken":0.0,"relics_obtained":["Bloody Idol"]},{"damage_healed":0.0,"max_hp_gain":0.0,"max_hp_loss":0.0,"gold_gain":0.0,"event_name":"The Mausoleum","player_choice":"Opened","floor":20.0,"gold_loss":0.0,"damage_taken":0.0,"relics_obtained":["Bag of Marbles"]},{"damage_healed":0.0,"max_hp_gain":0.0,"max_hp_loss":0.0,"gold_gain":0.0,"event_name":"Masked Bandits","player_choice":"Fought Bandits","floor":21.0,"gold_loss":0.0,"damage_taken":0.0},{"damage_healed":0.0,"max_hp_gain":0.0,"max_hp_loss":0.0,"gold_gain":0.0,"event_name":"Ghosts","player_choice":"Ignored","floor":31.0,"gold_loss":0.0,"damage_taken":0.0},{"damage_healed":0.0,"max_hp_gain":0.0,"max_hp_loss":4.0,"gold_gain":0.0,"event_name":"Winding Halls","player_choice":"Max HP","floor":38.0,"gold_loss":0.0,"damage_taken":0.0}],"is_beta":false,"boss_relics":[{"not_picked":["Runic Pyramid","Fusion Hammer"],"picked":"Busted Crown"},{"not_picked":["HoveringKite","Black Star"],"picked":"Ring of the Serpent"}],"items_purged_floors":[3,41],"is_endless":false,"potions_floor_spawned":[1,6,8,13,21,22,25,30,36,37,39],"killed_by":"Giant Head","ascension_level":1}}