{"host":"5cnm2qapaqj5mmu7","time":1609176133,"event":{"mods":["BaseMod","Bestiary","Colored Map","Minty Spire (QoL Compilation)","StSLib"],"gold_per_floor":[115,125,142,160,219,252,252,279,279,279,306,406,406,185,185,280,280,295,313,313,69,82,82,82,82,82,82,114,131,146,21,21,117,117,131,131,142,142,117,117,151,164,164,164,176,205,205,25,25,25],"floor_reached":51,"playtime":2566,"items_purged":["Strike_R","Strike_R","Defend_R"],"score":1002,"play_id":"9f24fde3-0473-4344-b461-4464c03c1863","local_time":"20201228182213","is_ascension_mode":true,"campfire_choices":[{"floor":7.0,"key":"REST"},{"data":"Limit Break","floor":13.0,"key":"SMITH"},{"data":"Bludgeon","floor":15.0,"key":"SMITH"},{"data":"Bash","floor":23.0,"key":"SMITH"},{"data":"Heavy Blade","floor":25.0,"key":"SMITH"},{"floor":27.0,"key":"REST"},{"floor":32.0,"key":"REST"},{"data":"True Grit","floor":40.0,"key":"SMITH"},{"floor":44,"key":"REST"},{"floor":47,"key":"REST"},{"floor":49,"key":"REST"}],"circlet_count":0,"master_deck":["Strike_R","Strike_R","Strike_R","Defend_R+1","Defend_R","Bash+1","Bludgeon+1","Spot Weakness","Heavy Blade+1","Intimidate+1","Pommel Strike+1","Limit Break+1","Flex","Offering","Well Laid Plans+1","Riddle With Holes+1","Feed+1","Blind","Rebound+1","True Grit+1","Turbo+1","Panache","Evolve"],"relics":["Black Blood","FossilizedHelix","Pear","Molten Egg 2","War Paint","PreservedInsect","Letter Opener","PrismaticShard","Bottled Flame","Omamori","Mark of Pain","Mummified Hand","Champion Belt","Self Forming Clay"],"acts_visited":["Exordium","TheCity","TheBeyond"],"potions_floor_usage":[42,42,46,50,50],"damage_taken":[{"damage":12.0,"enemies":"Jaw Worm","floor":1.0,"turns":2.0},{"damage":15.0,"enemies":"Small Slimes","floor":2.0,"turns":4.0},{"damage":1.0,"enemies":"Cultist","floor":3.0,"turns":3.0},{"damage":29.0,"enemies":"Lots of Slimes","floor":4.0,"turns":5.0},{"damage":32.0,"enemies":"Gremlin Nob","floor":6.0,"turns":4.0},{"damage":0.0,"enemies":"Lagavulin","floor":8.0,"turns":4.0},{"damage":8.0,"enemies":"Gremlin Nob","floor":11.0,"turns":4.0},{"damage":25.0,"enemies":"Slime Boss","floor":16.0,"turns":13.0},{"damage":25.0,"enemies":"Shell Parasite","floor":18.0,"turns":4.0},{"damage":30.0,"enemies":"2 Thieves","floor":19.0,"turns":4.0},{"damage":18.0,"enemies":"Centurion and Healer","floor":22.0,"turns":4.0},{"damage":40.0,"enemies":"Gremlin Leader","floor":28.0,"turns":4.0},{"damage":21.0,"enemies":"Cultist and Chosen","floor":29.0,"turns":4.0},{"damage":18.0,"enemies":"Snake Plant","floor":30.0,"turns":2.0},{"damage":30.0,"enemies":"Champ","floor":33.0,"turns":7.0},{"damage":47.0,"enemies":"3 Darklings","floor":35.0,"turns":5.0},{"damage":6.0,"enemies":"3 Shapes","floor":37.0,"turns":4.0},{"damage":28.0,"enemies":"Giant Head","floor":41.0,"turns":6.0},{"damage":37,"enemies":"Writhing Mass","floor":42,"turns":5},{"damage":20,"enemies":"Spire Growth","floor":45,"turns":5},{"damage":87,"enemies":"Reptomancer","floor":46,"turns":5},{"damage":72,"enemies":"Donu and Deca","floor":50,"turns":6}],"seed_played":"7374118820706310884","potions_obtained":[{"floor":1.0,"key":"BlessingOfTheForge"},{"floor":3.0,"key":"FairyPotion"},{"floor":11.0,"key":"Ancient Potion"},{"floor":16.0,"key":"Block Potion"},{"floor":19.0,"key":"Weak Potion"},{"floor":41.0,"key":"PowerPotion"},{"floor":45,"key":"Block Potion"}],"is_trial":false,"path_per_floor":["M","M","M","M","?","E","R","E","T","?","E","?","R","$","R","B",null,"M","M","T","$","M","R","$","R","T","R","E","M","M","$","R","B",null,"M","?","M","?","$","R","E","M","T","R","M","E","R","$","R","B",null],"character_chosen":"IRONCLAD","items_purchased":["PreservedInsect","PrismaticShard","True Grit","Evolve","LiquidMemories","DuplicationPotion"],"campfire_rested":6,"item_purchase_floors":[14,21,39,48,48,48],"current_hp_per_floor":[66,57,62,39,39,13,34,50,50,34,32,32,32,32,32,13,82,69,51,51,51,45,45,45,45,45,69,41,32,26,26,50,32,82,47,47,57,57,57,57,45,20,20,47,43,18,46,46,74,14],"gold":25,"neow_bonus":"THREE_RARE_CARDS","is_daily":false,"chose_seed":false,"campfire_upgraded":5,"win_rate":0.0,"timestamp":1609176133,"path_taken":["M","M","M","M","?","E","R","E","T","?","E","?","R","$","R","BOSS","M","M","?","$","M","R","$","R","T","R","E","M","?","?","R","BOSS","M","?","M","?","$","R","E","M","T","R","M","E","R","$","R","BOSS"],"items_purchased_type":["Relic","Relic","Card","Card","Potion","Potion"],"build_version":"2020-12-22","purchased_purges":3,"victory":true,"max_hp_per_floor":[72,72,72,72,72,72,72,82,82,82,82,82,82,82,82,82,82,82,82,82,82,82,82,82,82,82,82,82,82,82,82,82,82,82,82,82,86,86,86,86,90,90,90,90,94,94,94,94,94,94],"card_choices":[{"not_picked":["Reaper","Limit Break"],"picked":"Bludgeon","floor":0.0},{"not_picked":["Disarm","Sword Boomerang"],"picked":"Spot Weakness","floor":1.0},{"not_picked":["Shrug It Off","Clash"],"picked":"Heavy Blade","floor":2.0},{"not_picked":["Clash","Rupture"],"picked":"Intimidate","floor":3.0},{"not_picked":["Perfected Strike","Rupture","Searing Blow"],"picked":"SKIP","floor":4.0},{"not_picked":["Armaments","Spot Weakness"],"picked":"Pommel Strike","floor":6.0},{"not_picked":["Clothesline","Flex"],"picked":"Limit Break","floor":8.0},{"not_picked":["Perfected Strike+1","Dark Embrace"],"picked":"Flex","floor":11.0},{"not_picked":["Impervious","Bludgeon+1"],"picked":"Offering","floor":16.0},{"not_picked":["Body Slam+1","Sentinel","Twin Strike+1"],"picked":"SKIP","floor":18.0},{"not_picked":["Intimidate","Havoc","Warcry"],"picked":"SKIP","floor":19.0},{"not_picked":["Gash+1","ForeignInfluence"],"picked":"Well Laid Plans+1","floor":22.0},{"not_picked":["Blade Dance+1","Armaments"],"picked":"Riddle With Holes+1","floor":28.0},{"not_picked":["Havoc+1","ThirdEye","Shrug It Off"],"picked":"SKIP","floor":29.0},{"not_picked":["Wild Strike+1","Coolheaded+1","Clothesline+1"],"picked":"SKIP","floor":30.0},{"not_picked":["Wraith Form v2","Corruption"],"picked":"Feed+1","floor":33.0},{"not_picked":["Sentinel+1","Rupture","Discovery"],"picked":"SKIP","floor":35.0},{"not_picked":["Thinking Ahead","Bandage Up"],"picked":"Blind","floor":36.0},{"not_picked":["CutThroughFate+1","Rip and Tear+1"],"picked":"Rebound+1","floor":37.0},{"not_picked":["Rip and Tear+1","Reinforced Body","Quick Slash+1"],"picked":"SKIP","floor":41.0},{"not_picked":["Twin Strike+1","Cleave+1","Warcry+1"],"picked":"SKIP","floor":42},{"not_picked":["Quick Slash+1","Chrysalis"],"picked":"Turbo+1","floor":45},{"not_picked":["Prepared+1","Dagger Spray+1"],"picked":"Panache","floor":46}],"player_experience":535785,"relics_obtained":[{"floor":6.0,"key":"FossilizedHelix"},{"floor":8.0,"key":"Pear"},{"floor":9.0,"key":"Molten Egg 2"},{"floor":11.0,"key":"War Paint"},{"floor":20.0,"key":"Letter Opener"},{"floor":26.0,"key":"Bottled Flame"},{"floor":28.0,"key":"Omamori"},{"floor":41.0,"key":"Mummified Hand"},{"floor":43,"key":"Champion Belt"},{"floor":46,"key":"Self Forming Clay"}],"event_choices":[{"damage_healed":0.0,"max_hp_gain":0.0,"max_hp_loss":0.0,"gold_gain":59.0,"event_name":"Golden Wing","player_choice":"Gained Gold","floor":5.0,"gold_loss":0.0,"damage_taken":0.0},{"damage_healed":0.0,"max_hp_gain":0.0,"max_hp_loss":0.0,"gold_gain":0.0,"event_name":"Shining Light","player_choice":"Entered Light","floor":10.0,"gold_loss":0.0,"damage_taken":16.0,"cards_upgraded":["Pommel Strike","Defend_R"]},{"damage_healed":0.0,"max_hp_gain":0.0,"max_hp_loss":0.0,"gold_gain":100.0,"event_name":"Golden Shrine","player_choice":"Pray","floor":12.0,"gold_loss":0.0,"damage_taken":0.0},{"damage_healed":0.0,"max_hp_gain":0.0,"max_hp_loss":0.0,"gold_gain":0.0,"event_name":"SensoryStone","player_choice":"Memory 1","floor":36.0,"gold_loss":0.0,"damage_taken":0.0},{"cards_removed":["Defend_R"],"damage_healed":0.0,"max_hp_gain":0.0,"max_hp_loss":0.0,"gold_gain":0.0,"event_name":"Falling","player_choice":"Removed Skill","floor":38.0,"gold_loss":0.0,"damage_taken":0.0}],"is_beta":false,"boss_relics":[{"not_picked":["Tiny House","Coffee Dripper"],"picked":"Black Blood"},{"not_picked":["Pandora\u0027s Box","SlaversCollar"],"picked":"Mark of Pain"}],"items_purged_floors":[14,21,31],"is_endless":false,"potions_floor_spawned":[1,3,11,16,19,22,28,41,45],"ascension_level":3}}