{"host":"7vidw0fny0glz923","time":1609156286,"event":{"mods":["ATMod(°¢èªMod)","Act Like it!","BaseMod","Challenge The Spire","Downfall","Friendly Minions","HololiveMod","KinomotoSakuraMod(Ä¾Ö®±¾Ó£)","Kiyohime£¨Çå¼§£©","KomeijiMod","Lobotomy","LobotomyExtend","Marisa£¨ìFÓê¡¡Ä§ÀíÉ³£©","Minty Spire (QoL Compilation)","MostiFishMod","Pale of the Ancients","READ ME - Guardian Mod","Reimu£¨²©ÀöÁéÃÎ£©","Remilia£¨ÀÙÃ×ÀòÑÇ£©","Replay The Spire","RumiaBox-Â¶Ã×æ«µÄÉñÃØºÐ×Ó","Shop Mod","StSLib","TestMod","The Cursed","The Hierophant","The Jungle","The Poker Player","The Servant 0.9.4","Yakumo Yukari mod","Youmu£¨»êÆÇÑýÃÎ£©","[µØ¾«Ê×ÁìÅÀËþ]The Maniac","¡¾ÒÅÎï¿¨ÅÆ¡¿REMEMod"],"gold_per_floor":[119,119,133,151,151,180,180,206,231,246,246,263,278,278,278,374,374,398,96,96,96,112,147,347,368,394,417,417,438,459,142,142,142,142],"floor_reached":33,"playtime":1044,"items_purged":["Strike_P"],"score":793,"play_id":"47c5c928-4ad4-465a-a18a-496e90eb46c2","local_time":"20201228115126","is_ascension_mode":true,"campfire_choices":[{"data":"Eruption","floor":7,"key":"SMITH"},{"floor":11,"key":"REST"},{"floor":15,"key":"REST"},{"data":"AT_ChampionKick","floor":28,"key":"SMITH"},{"data":"REME_FirmDetermination","floor":32,"key":"SMITH"}],"circlet_count":0,"master_deck":["AscendersBane","AT_MachinaRedman+1","ParadiseLost","testmod-HandmadeProducts","BowlingBash","WindmillStrike","Adaptation","Evaluate","CutThroughFate","BattleHymn","AT_ChampionKick+1","Tantrum","expansioncontent:DashGenerateEvil+1","REME_FirmDetermination+1","MostiFishMod:OutWit+1","Devotion+1","MostiFishMod:Adaptation","MostiFishMod:Unraveling","MostiFishMod:ScryFuture"],"relics":["PureWater","testmod-TestBox","DaveBox","REME_ComplimentaryCards","AT_ATBox","EGODaCapo","RabbitCall","SynthV:TestCard","LetterFromLob","testmod-Antiphasic","MealTicket","Gremlin Food","Golden Idol","Empty Cage","ReplayTheSpireMod:ShopPack","Mango","SumBook"],"acts_visited":["Exordium","TheCity"],"potions_floor_usage":[18,27,33,33],"damage_taken":[{"damage":1,"enemies":"2 Louse","floor":1,"turns":3},{"damage":0,"enemies":"Small Slimes","floor":3,"turns":2},{"damage":0,"enemies":"Cultist","floor":4,"turns":3},{"damage":4,"enemies":"3 Sentries","floor":6,"turns":3},{"damage":0,"enemies":"Lagavulin","floor":8,"turns":2},{"damage":10,"enemies":"Blue Slaver","floor":10,"turns":2},{"damage":2,"enemies":"3 Louse","floor":12,"turns":3},{"damage":0,"enemies":"Red Slaver","floor":13,"turns":1},{"damage":0,"enemies":"Slime Boss","floor":16,"turns":3},{"damage":0,"enemies":"Spheric Guardian","floor":18,"turns":2},{"damage":20,"enemies":"2 Thieves","floor":22,"turns":3},{"damage":0,"enemies":"Gremlin Leader","floor":23,"turns":5},{"damage":0,"enemies":"Snake Plant","floor":25,"turns":2},{"damage":9,"enemies":"Shelled Parasite and Fungi","floor":27,"turns":3},{"damage":0,"enemies":"Cultist and Chosen","floor":29,"turns":2},{"damage":0,"enemies":"Centurion and Healer","floor":30,"turns":1},{"damage":79,"enemies":"Automaton","floor":33,"turns":6}],"seed_played":"2288090307029701462","potions_obtained":[{"floor":8,"key":"Energy Potion"},{"floor":10,"key":"Strength Potion"},{"floor":18,"key":"ExcitationPotion"},{"floor":23,"key":"Adrenaline Potion"}],"is_trial":false,"path_per_floor":["M","?","M","M","?","E","R","E","T","M","R","M","M","?","R","B",null,"M","$","?","?","M","E","?","M","T","M","R","M","M","$","R","B"],"character_chosen":"WATCHER","items_purchased":["Tantrum","ReplayTheSpireMod:ShopPack","Energy Potion","SumBook"],"campfire_rested":2,"item_purchase_floors":[19,19,31,31],"current_hp_per_floor":[60,53,53,53,53,49,49,49,49,39,59,57,57,34,54,54,65,65,68,68,68,53,67,67,67,67,58,58,58,58,73,73,0,0],"gold":142,"neow_bonus":"","is_daily":false,"chose_seed":false,"campfire_upgraded":3,"win_rate":0.0,"timestamp":1609156286,"path_taken":["M","?","M","M","?","E","R","E","T","M","R","?","M","?","R","BOSS","M","$","?","?","?","E","?","M","T","M","R","M","?","$","R","BOSS"],"items_purchased_type":["Card","Relic","Potion","Relic"],"build_version":"2020-12-22","purchased_purges":1,"victory":false,"max_hp_per_floor":[68,68,68,68,68,68,68,68,68,68,68,68,68,68,68,68,68,68,68,68,68,73,87,87,87,87,87,87,87,87,87,87,92,92],"card_choices":[{"not_picked":["Replay:Hum","Consecrate","ClearTheMind"],"picked":"SKIP","floor":1},{"not_picked":["SashWhip","FlurryOfBlows","AT_DivineConfetti","Swivel","Weave"],"picked":"SKIP","floor":3},{"not_picked":["CarveReality","EmptyBody","MostiFishMod:LegendTransform","SashWhip"],"picked":"BowlingBash","floor":4},{"not_picked":["Nirvana","WaveOfTheHand","MostiFishMod:StarLaLaLa","Replay:ManipulateFuture"],"picked":"Adaptation","floor":6},{"not_picked":["Consecrate","ThirdEye","ClearTheMind","AT_IrregularMenstruation","InnerPeace"],"picked":"SKIP","floor":8},{"not_picked":["SashWhip","Replay:DivineShield","ThirdEye","CrushJoints"],"picked":"Evaluate","floor":10},{"not_picked":["EmptyBody","Replay:ManipulateFuture","Prostrate","FlurryOfBlows"],"picked":"CutThroughFate","floor":12},{"not_picked":["TalkToTheHand","Ragnarok","REME_Repentance","Halt"],"picked":"BattleHymn","floor":13},{"not_picked":["Omniscience","Replay:AllIn","Vault","MostiFishMod:OutWit"],"picked":"AT_ChampionKick","floor":16},{"not_picked":["REME_Repentance","MentalFortress","Vengeance","JustLucky","BowlingBash"],"picked":"SKIP","floor":18},{"not_picked":["expansioncontent:DecasProtection","expansioncontent:Flail","expansioncontent:BronzeBeam","Replay:SS_forest_2"],"picked":"expansioncontent:DashGenerateEvil","floor":19},{"not_picked":["expansioncontent:TimeRipple","expansioncontent:GoopSpray","expansioncontent:DonusPower","expansioncontent:Chronoboost"],"picked":"REME_FirmDetermination","floor":19},{"not_picked":["FearNoEvil","JustLucky","Collect","Replay:BluntJabs","Replay:Battleflow"],"picked":"SKIP","floor":22},{"not_picked":["Replay:BluntJabs","WreathOfFlame+1","Nirvana+1","CarveReality","FlurryOfBlows"],"picked":"SKIP","floor":23},{"not_picked":["Replay:AtTheReady","PathToVictory","Tantrum","WindmillStrike","MostiFishMod:Clarity"],"picked":"SKIP","floor":25},{"not_picked":["BowlingBash","PathToVictory","Wish","Replay:AtTheReady","CutThroughFate"],"picked":"SKIP","floor":27},{"not_picked":["CarveReality","BowlingBash","CrushJoints","Evaluate","FollowUp"],"picked":"SKIP","floor":29},{"not_picked":["CutThroughFate","Replay:ManipulateFuture","Wish","Collect","EmptyFist"],"picked":"SKIP","floor":30}],"player_experience":901790,"relics_obtained":[{"floor":1,"key":"SynthV:TestCard"},{"floor":1,"key":"LetterFromLob"},{"floor":6,"key":"testmod-Antiphasic"},{"floor":8,"key":"MealTicket"},{"floor":9,"key":"Gremlin Food"},{"floor":23,"key":"Mango"}],"event_choices":[{"cards_removed":["Strike_P"],"damage_healed":0,"gold_gain":0,"player_choice":"Card Removal","damage_taken":7,"max_hp_gain":0,"max_hp_loss":0,"event_name":"Golden Wing","floor":2,"gold_loss":0},{"damage_healed":0,"gold_gain":0,"cards_transformed":["Defend_P"],"player_choice":"Transformed","damage_taken":0,"max_hp_gain":0,"max_hp_loss":0,"event_name":"Transmorgrifier","floor":5,"gold_loss":0,"cards_obtained":["WindmillStrike"]},{"damage_healed":0,"gold_gain":0,"player_choice":"Take Damage","damage_taken":23,"relics_obtained":["Golden Idol"],"max_hp_gain":0,"max_hp_loss":0,"event_name":"Golden Idol","floor":14,"gold_loss":0},{"damage_healed":0,"gold_gain":0,"player_choice":"Forge","damage_taken":0,"max_hp_gain":0,"max_hp_loss":0,"event_name":"Accursed Blacksmith","floor":21,"gold_loss":0,"cards_upgraded":["expansioncontent:DashGenerateEvil"]},{"damage_healed":0,"gold_gain":250,"player_choice":"Bet on Owner","damage_taken":0,"max_hp_gain":0,"max_hp_loss":0,"event_name":"The Joust","floor":24,"gold_loss":50}],"is_beta":false,"boss_relics":[{"not_picked":["testmod-HarvestTotem","testmod-CardMagician"],"picked":"Empty Cage"}],"items_purged_floors":[19],"is_endless":false,"potions_floor_spawned":[8,10,13,16,18,22,23],"killed_by":"Automaton","ascension_level":18}}