{"host":"eemx8njkng76fu5x","time":1609156018,"event":{"mods":["2.2 Compatiblity","BaseMod","Downfall","Minty Spire (QoL Compilation)","Permanent Neow","StSLib","Unceasing Turn Reminder","Unknown Chances"],"gold_per_floor":[0,13,29,29,49,83,83,93,124,142,167,17,34,62,72,170,170,95,115,131,131,149,149,226,238,268,268,288,301,301,143,162,265,265,265,284,284,301,301,279,279,314,324,7,25,25,25,60,77,77,77,106,56,56,56],"floor_reached":56,"playtime":2994,"items_purged":["Slimebound:LeechLife","Slimebound:Strike_Slimebound","Slimebound:CorrosiveSpit","Slimebound:Equalize+1"],"score":1609,"play_id":"5c78fde9-befe-4a31-a7d1-a77346b0db79","local_time":"20201228194658","is_ascension_mode":true,"campfire_choices":[{"data":"Slimebound:Split","floor":1,"key":"SMITH"},{"floor":12,"key":"RECALL"},{"data":"Slimebound:Grow","floor":18,"key":"SMITH"},{"data":"Slimebound:Nibble","floor":23,"key":"SMITH"},{"data":"Slimebound:RollThrough","floor":27,"key":"SMITH"},{"data":"Slimebound:GrowthPunch","floor":30,"key":"SMITH"},{"data":"Slimebound:ComboTackle","floor":35,"key":"SMITH"},{"data":"Slimebound:Recycling","floor":46,"key":"SMITH"},{"data":"Sadistic Nature","floor":54,"key":"SMITH"}],"circlet_count":0,"master_deck":["Slimebound:Defend_Slimebound","Slimebound:Defend_Slimebound","Slimebound:Defend_Slimebound","Slimebound:Defend_Slimebound","Slimebound:Split+1","Slimebound:RollThrough+1","Slimebound:SamplingLick","Slimebound:Nibble+1","Slimebound:ComboTackle+1","Slimebound:SamplingLick","Slimebound:GrowthPunch+1","Slimebound:RejuvenatingLick+1","Slimebound:Grow+1","Slimebound:GoopSpray+1","Slimebound:SamplingLick+1","Slimebound:HungryTackle","Slimebound:Recollect+1","Slimebound:HauntingLick+1","Slimebound:CheckThePlaybook+1","Slimebound:FinishingTackle+1","Slimebound:SlimeSpikes+1","Slimebound:DisruptingSlam","Sadistic Nature+1","Slimebound:Recycling+1","Slimebound:HungryTackle+1","Slimebound:MegaLick+1","Slimebound:OozeBath+1"],"relics":["Slimebound:AbsorbEndCombatUpgraded","Lizard Tail","Mercury Hourglass","Pear","Toxic Egg 2","downfall:HeartBlessingGreen","downfall:HeartBlessingBlue","Gremlin Horn","Busted Crown","downfall:HeartBlessingRed","Eternal Feather","InkBottle","Smiling Mask","Peace Pipe","Membership Card","Happy Flower","Darkstone Periapt","Sundial"],"acts_visited":["Exordium","TheCity","TheBeyond","TheEnding"],"potions_floor_usage":[6,16,16,22,29,55,55,55],"damage_taken":[{"damage":8,"enemies":"Small Slimes","floor":2,"turns":4},{"damage":8,"enemies":"Cultist","floor":3,"turns":4},{"damage":8,"enemies":"2 Louse","floor":5,"turns":3},{"damage":24,"enemies":"Gremlin Nob","floor":6,"turns":3},{"damage":11,"enemies":"2 Fungi Beasts","floor":8,"turns":3},{"damage":21,"enemies":"3 Sentries","floor":9,"turns":5},{"damage":7,"enemies":"Large Slime","floor":10,"turns":3},{"damage":20,"enemies":"Gremlin Nob","floor":11,"turns":3},{"damage":7,"enemies":"Red Slaver","floor":13,"turns":3},{"damage":20,"enemies":"3 Sentries","floor":14,"turns":5},{"damage":13,"enemies":"Lots of Slimes","floor":15,"turns":2},{"damage":69,"enemies":"downfall:Defect","floor":16,"turns":9},{"damage":18,"enemies":"Shell Parasite","floor":19,"turns":4},{"damage":1,"enemies":"Chosen","floor":20,"turns":3},{"damage":11,"enemies":"Shelled Parasite and Fungi","floor":22,"turns":3},{"damage":23,"enemies":"Centurion and Healer","floor":25,"turns":4},{"damage":34,"enemies":"Gremlin Leader","floor":26,"turns":5},{"damage":9,"enemies":"Sentry and Sphere","floor":28,"turns":3},{"damage":10,"enemies":"Snecko","floor":29,"turns":4},{"damage":8,"enemies":"downfall:FleeingMerchant","floor":31,"turns":4},{"damage":8,"enemies":"Chosen and Byrds","floor":32,"turns":4},{"damage":33,"enemies":"downfall:Watcher","floor":33,"turns":7},{"damage":37,"enemies":"3 Darklings","floor":36,"turns":3},{"damage":8,"enemies":"3 Darklings","floor":37,"turns":2},{"damage":8,"enemies":"Orb Walker","floor":38,"turns":2},{"damage":8,"enemies":"downfall:FleeingMerchant","floor":40,"turns":3},{"damage":64,"enemies":"Nemesis","floor":42,"turns":5},{"damage":8,"enemies":"Sphere and 2 Shapes","floor":43,"turns":2},{"damage":19,"enemies":"Maw","floor":45,"turns":5},{"damage":20,"enemies":"Giant Head","floor":48,"turns":5},{"damage":26,"enemies":"Writhing Mass","floor":49,"turns":4},{"damage":8,"enemies":"downfall:Silent","floor":50,"turns":4},{"damage":30,"enemies":"downfall:CharBossMerchant","floor":52,"turns":6},{"damage":103,"enemies":"downfall:NeowBoss","floor":55,"turns":18}],"seed_played":"4657356081409351465","potions_obtained":[{"floor":3,"key":"Fire Potion"},{"floor":11,"key":"Slimebound:SlimyTonguePotion"},{"floor":13,"key":"LiquidBronze"},{"floor":14,"key":"Energy Potion"},{"floor":19,"key":"DistilledChaos"},{"floor":22,"key":"SteroidPotion"},{"floor":28,"key":"GamblersBrew"},{"floor":32,"key":"SneckoOil"},{"floor":33,"key":"PowerPotion"},{"floor":36,"key":"Strength Potion"},{"floor":43,"key":"Block Potion"}],"is_trial":false,"path_per_floor":["R","M","M","?","M","E","T","M","E","M","E","R","M","E","M","B",null,"R","M","M","?","M","R","T","M","E","R","M","M","R","$","M","B",null,"R","M","?","M","?","$","T","E","M","$","M","R","?","E","M","B",null,"E","$","R","B",null],"character_chosen":"SLIMEBOUND","items_purchased":["Slimebound:HauntingLick+1","Slimebound:DisruptingSlam","Sadistic Nature","Membership Card","Slimebound:Recycling","Happy Flower"],"campfire_rested":0,"item_purchase_floors":[31,40,40,44,44,44],"current_hp_per_floor":[54,60,60,60,60,48,48,51,52,57,55,65,64,60,59,14,64,64,76,80,80,80,80,80,80,71,80,80,75,80,80,80,77,79,80,69,80,80,80,80,80,50,76,76,80,80,80,76,80,80,80,78,78,80,80],"gold":56,"neow_bonus":"ONE_RARE_RELIC","is_daily":false,"chose_seed":false,"campfire_upgraded":8,"win_rate":0.0,"timestamp":1609156018,"path_taken":["R","M","M","?","M","E","T","M","E","?","E","R","M","E","M","BOSS","R","M","M","?","M","R","T","M","E","R","M","M","R","$","M","BOSS","R","M","?","M","?","$","T","E","M","$","?","R","?","E","M","BOSS","E","$","R","BOSS"],"items_purchased_type":["Card","Card","Card","Relic","Card","Relic"],"build_version":"2020-12-22","purchased_purges":4,"victory":true,"max_hp_per_floor":[60,60,60,60,60,60,60,60,70,70,70,80,80,80,80,80,80,80,80,80,80,80,80,80,80,80,80,80,80,80,80,80,80,80,80,80,80,80,80,80,80,80,80,80,80,80,80,80,80,80,80,80,80,80,80],"card_choices":[{"not_picked":["Slimebound:PressTheAttack","Slimebound:FirmFortitude"],"picked":"Slimebound:RollThrough","floor":2},{"not_picked":["Slimebound:SplitMire","Slimebound:GrowthPunch"],"picked":"Slimebound:SamplingLick","floor":3},{"not_picked":["Slimebound:TongueLash","Slimebound:FirmFortitude"],"picked":"Slimebound:ComboTackle","floor":5},{"not_picked":["Slimebound:ServeAndProtect","Slimebound:Schlurp"],"picked":"Slimebound:SamplingLick","floor":6},{"not_picked":["Slimebound:FlameTackle","Slimebound:SplitMire"],"picked":"Slimebound:GrowthPunch","floor":8},{"not_picked":["Slimebound:SplitMire","Slimebound:FirmFortitude"],"picked":"Slimebound:RejuvenatingLick","floor":9},{"not_picked":["Slimebound:PressTheAttack","Slimebound:SlimeSpikes"],"picked":"Slimebound:Grow","floor":10},{"not_picked":["Slimebound:SplitAcid+1","Slimebound:FlameTackle","Slimebound:ServeAndProtect+1"],"picked":"SKIP","floor":11},{"not_picked":["Slimebound:SlimeSlap","Slimebound:SplitAcid+1","Slimebound:SplitBruiser+1"],"picked":"SKIP","floor":13},{"not_picked":["Slimebound:Dissolve+1","Slimebound:SplitSpecialist+1"],"picked":"Slimebound:GoopSpray+1","floor":14},{"not_picked":["Slimebound:ServeAndProtect+1","Slimebound:SplitBruiser+1","Slimebound:DivideAndConquer+1"],"picked":"SKIP","floor":15},{"not_picked":["Slimebound:WasteNot+1","Slimebound:SelfFormingGoo"],"picked":"Slimebound:LeechLife","floor":16},{"not_picked":["Slimebound:SplitAcid+1"],"picked":"SKIP","floor":19},{"not_picked":[],"picked":"Slimebound:SamplingLick+1","floor":20},{"not_picked":["Slimebound:PressTheAttack"],"picked":"SKIP","floor":22},{"not_picked":["Slimebound:LeechingTouch"],"picked":"SKIP","floor":25},{"not_picked":[],"picked":"Slimebound:HungryTackle","floor":26},{"not_picked":["Slimebound:Nibble"],"picked":"SKIP","floor":28},{"not_picked":["Slimebound:SplitAcid+1"],"picked":"SKIP","floor":29},{"not_picked":[],"picked":"Slimebound:Recollect+1","floor":31},{"not_picked":[],"picked":"Slimebound:Equalize+1","floor":32},{"not_picked":[],"picked":"Slimebound:CheckThePlaybook+1","floor":33},{"not_picked":[],"picked":"Slimebound:FinishingTackle+1","floor":36},{"not_picked":[],"picked":"Slimebound:SlimeSpikes+1","floor":37},{"not_picked":["Slimebound:FirmFortitude+1"],"picked":"SKIP","floor":38},{"not_picked":["Slimebound:SplitAcid+1"],"picked":"SKIP","floor":40},{"not_picked":["Slimebound:GoopTackle+1"],"picked":"SKIP","floor":42},{"not_picked":["Slimebound:PressTheAttack+1"],"picked":"SKIP","floor":43},{"not_picked":["Slimebound:ForwardTackle"],"picked":"SKIP","floor":45},{"not_picked":[],"picked":"Slimebound:HungryTackle+1","floor":48},{"not_picked":[],"picked":"Slimebound:MegaLick+1","floor":49},{"not_picked":[],"picked":"Slimebound:OozeBath+1","floor":52}],"player_experience":403706,"relics_obtained":[{"floor":6,"key":"Mercury Hourglass"},{"floor":9,"key":"Pear"},{"floor":11,"key":"Toxic Egg 2"},{"floor":14,"key":"Gremlin Horn"},{"floor":24,"key":"Eternal Feather"},{"floor":26,"key":"InkBottle"},{"floor":41,"key":"Smiling Mask"},{"floor":42,"key":"Peace Pipe"},{"floor":48,"key":"Darkstone Periapt"},{"floor":52,"key":"Sundial"}],"event_choices":[{"damage_healed":0,"gold_gain":0,"cards_transformed":["Slimebound:Strike_Slimebound"],"player_choice":"Transformed","damage_taken":0,"max_hp_gain":0,"max_hp_loss":0,"event_name":"Transmorgrifier","floor":4,"gold_loss":0,"cards_obtained":["Slimebound:Nibble"]},{"damage_healed":0,"gold_gain":0,"player_choice":"Forge","damage_taken":0,"max_hp_gain":0,"max_hp_loss":0,"event_name":"Accursed Blacksmith","floor":39,"gold_loss":0,"cards_upgraded":["Slimebound:RejuvenatingLick"]},{"cards_removed":["Slimebound:Tackle"],"damage_healed":0,"gold_gain":0,"player_choice":"Removed Attack","damage_taken":0,"max_hp_gain":0,"max_hp_loss":0,"event_name":"Falling","floor":47,"gold_loss":0}],"is_beta":false,"boss_relics":[{"not_picked":["SacredBark","Pandora\u0027s Box"],"picked":"Busted Crown"},{"not_picked":["Philosopher\u0027s Stone","SlaversCollar"],"picked":"Slimebound:AbsorbEndCombatUpgraded"}],"items_purged_floors":[31,40,44,53],"is_endless":false,"potions_floor_spawned":[3,11,13,14,19,22,28,32,33,36,43,48,52],"ascension_level":6}}