{"host":"qlj7f7zro8kbedlv","time":1609120724,"event":{"mods":["2.2 Compatiblity","Astrologer","Bard","BaseMod","Better Note","BetterRewards","Colored Map","Colored Powertips","Conspire","Downfall","Energized Spire","Friendly Minions","Hermit","Highlight Path","Hubris","Infinite Spire","Jorbs\u0027s Wanderer Trilogy","Mimic Mod","Minty Spire (QoL Compilation)","Rare Cards Sparkle","Replay The Spire","StSLib","The Bladedancer","The Cursed","The Elementalist","The Runesmith"],"gold_per_floor":[119,119,131,83,158,188,260,260,302,342,342,368,394,70,70,179,179,206,241,241,265,290,337,337,363,411,411,425,425,425,455,455,576,576,602,652,22,22,52,92,117,117,117,142,142,180,180,230,230,244],"floor_reached":51,"playtime":2358,"items_purged":["Strike_B","Strike_B","Sickly"],"score":813,"play_id":"25be339c-2c69-477c-ac9e-02f04daabdb6","local_time":"20201227195844","is_ascension_mode":false,"campfire_choices":[{"data":"Streamline","floor":8,"key":"SMITH"},{"data":"Amplify","floor":11,"key":"SMITH"},{"floor":15,"key":"REST"},{"data":"White Noise","floor":24,"key":"SMITH"},{"data":"Beam Cell","floor":27,"key":"SMITH"},{"data":"Coolheaded","floor":29,"key":"SMITH"},{"data":"hubris:Fate","floor":32,"key":"SMITH"},{"data":"Capacitor","floor":42,"key":"SMITH"},{"data":"Dualcast","floor":45,"key":"SMITH"},{"floor":47,"key":"REST"},{"data":"Conserve Battery","floor":49,"key":"SMITH"}],"circlet_count":0,"master_deck":["Strike_B","Strike_B","Defend_B","Defend_B","Defend_B","Defend_B","Zap+1","Dualcast+1","Streamline+1","Amplify+1","Conserve Battery+1","Coolheaded+1","Leap","Capacitor+1","Beam Cell+1","All For One","White Noise+1","Cold Snap+1","Conserve Battery","Gash+1","hubris:Despair","hubris:Fate+1","hubris:Despair","Clumsy","Gash","Slimebound:Icky","Gash+1"],"relics":["Cracked Core","NeowsBlessing","Replay:Bandana","Nunchaku","DataDisk","Replay:Frozen Program","Cursed Key","Unceasing Top","Iron Hammer","Black Star","hubris:BottledRain","Replay:Ancient Bell","Boot","Garlic","conspire:GlowingRock","Counterbalance","Oddly Smooth Stone","Solar Panel","hubris:SlimyHat","infinitespire:WardingShard","Prayer Wheel","hubris:TinFlute","Geode","infinitespire:BottledMercury"],"acts_visited":["Exordium","TheCity","TheBeyond"],"potions_floor_usage":[16,19,23,23,33,39,50,50],"damage_taken":[{"damage":0,"enemies":"Jaw Worm","floor":1,"turns":1},{"damage":0,"enemies":"Cultist","floor":3,"turns":1},{"damage":0,"enemies":"Gremlin Nob","floor":6,"turns":1},{"damage":0,"enemies":"2 Louse","floor":9,"turns":6},{"damage":24,"enemies":"Lagavulin","floor":10,"turns":6},{"damage":0,"enemies":"2 Louse","floor":12,"turns":3},{"damage":4,"enemies":"Blue Slaver","floor":13,"turns":3},{"damage":54,"enemies":"Fading Forest","floor":16,"turns":11},{"damage":16,"enemies":"conspire:FuzzyDice","floor":18,"turns":6},{"damage":28,"enemies":"3 Byrds","floor":19,"turns":5},{"damage":14,"enemies":"Centurion and Healer","floor":21,"turns":6},{"damage":4,"enemies":"conspire:HollyBat","floor":22,"turns":8},{"damage":30,"enemies":"Replay:Snechameleon","floor":23,"turns":4},{"damage":3,"enemies":"3 Cultists","floor":25,"turns":6},{"damage":4,"enemies":"Snecko","floor":26,"turns":7},{"damage":1,"enemies":"Colosseum Slavers","floor":28,"turns":4},{"damage":7,"enemies":"Snecko","floor":31,"turns":4},{"damage":38,"enemies":"hubris:MusketHawk","floor":33,"turns":9},{"damage":15,"enemies":"3 Darklings","floor":35,"turns":7},{"damage":14,"enemies":"3 Shapes","floor":39,"turns":5},{"damage":3,"enemies":"R_Hoarder","floor":40,"turns":9},{"damage":20,"enemies":"Maw","floor":41,"turns":9},{"damage":38,"enemies":"Writhing Mass","floor":44,"turns":6},{"damage":39,"enemies":"Nemesis","floor":46,"turns":7},{"damage":18,"enemies":"R_Hoarder","floor":48,"turns":9},{"damage":160,"enemies":"infinitespire:MassOfShapes","floor":50,"turns":17}],"seed_played":"-2824588788905509863","potions_obtained":[{"floor":6,"key":"Dexterity Potion"},{"floor":16,"key":"ColorlessPotion"},{"floor":21,"key":"Fire Potion"},{"floor":22,"key":"PowerPotion"},{"floor":23,"key":"Energy Potion"},{"floor":40,"key":"SmokeBomb"},{"floor":48,"key":"conspire:TimeTravelPotion"}],"is_trial":false,"path_per_floor":["M","?","M","$","?","E","?","R","MIM","E","R","M","M","$","R","B",null,"M","M","?","M","M","E","R","M","MIM","R","?","R","AVR","M","R","B",null,"M","?","$","?","M","E","M","R","T","M","R","E","R","E","R","B",null],"character_chosen":"DEFECT","items_purchased":["BlessingOfTheForge","Replay:Frozen Program","Capacitor","Beam Cell","Counterbalance","Oddly Smooth Stone","BlessingOfTheForge","Adrenaline Potion"],"campfire_rested":2,"item_purchase_floors":[4,14,14,14,37,37,37,37],"current_hp_per_floor":[75,75,75,75,64,64,64,64,64,40,40,40,36,36,58,4,75,59,31,31,17,13,33,33,72,68,68,67,67,67,60,60,22,75,60,60,60,60,46,43,69,69,69,75,75,38,60,44,44,60],"gold":244,"neow_bonus":"THREE_ENEMY_KILL","is_daily":false,"chose_seed":false,"campfire_upgraded":9,"win_rate":0.0,"timestamp":1609120724,"path_taken":["M","?","?","$","?","E","?","R","MIM","E","R","M","M","?","R","BOSS","M","M","?","M","?","E","R","M","MIM","R","?","R","AVR","M","R","BOSS","M","?","$","?","M","E","M","R","T","M","R","E","R","E","R","BOSS"],"items_purchased_type":["Potion","Relic","Card","Card","Relic","Relic","Potion","Potion"],"build_version":"2020-12-22","purchased_purges":3,"victory":true,"max_hp_per_floor":[75,75,75,75,75,75,75,75,75,75,75,75,75,75,75,75,75,75,75,75,75,75,75,75,75,75,75,75,75,75,75,75,75,75,75,75,75,75,75,75,75,75,75,75,75,75,75,75,75,75],"card_choices":[{"not_picked":["Ball Lightning","Rebound"],"picked":"Streamline","floor":1},{"not_picked":["Rebound","ReplayTheSpireMod:Calculation Training","BasicCrystalCard"],"picked":"SKIP","floor":3},{"not_picked":["Reprogram","Cold Snap"],"picked":"Amplify","floor":6},{"not_picked":["Reinforced Body","BasicCrystalCard"],"picked":"Conserve Battery","floor":9},{"not_picked":["Compile Driver","Streamline","Rebound"],"picked":"SKIP","floor":10},{"not_picked":["Leap","hubris:PowerSurge"],"picked":"Coolheaded","floor":12},{"not_picked":["Ball Lightning","Coolheaded"],"picked":"Leap","floor":13},{"not_picked":["Biased Cognition","Amplify"],"picked":"All For One","floor":16},{"not_picked":["Stack+1","Turbo"],"picked":"White Noise","floor":18},{"not_picked":["Doom and Gloom","Streamline"],"picked":"Cold Snap+1","floor":19},{"not_picked":["Beam Cell","Redo"],"picked":"Conserve Battery","floor":21},{"not_picked":["Storm+1","Compile Driver","BootSequence"],"picked":"SKIP","floor":22},{"not_picked":["BasicCrystalCard+1","Conserve Battery+1"],"picked":"Gash+1","floor":23},{"not_picked":["Barrage+1","Redo+1","Panic Button"],"picked":"SKIP","floor":25},{"not_picked":["Blizzard+1","Compile Driver","Turbo"],"picked":"SKIP","floor":31},{"not_picked":["Delirium","CurseOfTheBell"],"picked":"hubris:Despair","floor":34},{"not_picked":["stsjorbsmod:Procrastination","Regret"],"picked":"Clumsy","floor":34},{"not_picked":["Shame","blademaster:WrongfulFootwork"],"picked":"Sickly","floor":34},{"not_picked":["Turbo+1","Storm","Coolheaded"],"picked":"SKIP","floor":35},{"not_picked":["Chill","Doom and Gloom","conspire:Rain"],"picked":"SKIP","floor":39},{"not_picked":["Chaos+1","Turbo","BootSequence"],"picked":"SKIP","floor":40},{"not_picked":["Conserve Battery+1","Leap"],"picked":"Gash","floor":41},{"not_picked":["Cold Snap","Rebound+1"],"picked":"Gash+1","floor":44},{"not_picked":["Chaos+1","Go for the Eyes","Compile Driver+1"],"picked":"SKIP","floor":46},{"not_picked":["Stack+1","Rip and Tear","Steam+1"],"picked":"SKIP","floor":48}],"player_experience":103612,"relics_obtained":[{"floor":6,"key":"Replay:Bandana"},{"floor":9,"key":"Nunchaku"},{"floor":10,"key":"DataDisk"},{"floor":23,"key":"Unceasing Top"},{"floor":26,"key":"Iron Hammer"},{"floor":40,"key":"Solar Panel"},{"floor":40,"key":"hubris:SlimyHat"},{"floor":43,"key":"infinitespire:WardingShard"},{"floor":46,"key":"Prayer Wheel"},{"floor":46,"key":"hubris:TinFlute"},{"floor":48,"key":"Geode"},{"floor":48,"key":"infinitespire:BottledMercury"}],"event_choices":[{"damage_healed":0,"gold_gain":0,"player_choice":"Upgraded","damage_taken":0,"max_hp_gain":0,"max_hp_loss":0,"event_name":"Upgrade Shrine","floor":2,"gold_loss":0,"cards_upgraded":["Zap"]},{"damage_healed":0,"gold_gain":75,"player_choice":"Gather Gold","damage_taken":11,"max_hp_gain":0,"max_hp_loss":0,"event_name":"World of Goop","floor":5,"gold_loss":0},{"damage_healed":0,"gold_gain":72,"player_choice":"Gained Gold","damage_taken":0,"max_hp_gain":0,"max_hp_loss":0,"event_name":"Golden Wing","floor":7,"gold_loss":0},{"damage_healed":0,"gold_gain":0,"player_choice":"Ignored","damage_taken":0,"max_hp_gain":0,"max_hp_loss":0,"event_name":"betterNote:BetterNote","floor":20,"gold_loss":0,"cards_obtained":["Strike_R"]},{"damage_healed":0,"gold_gain":0,"player_choice":"Fight","damage_taken":0,"max_hp_gain":0,"max_hp_loss":0,"event_name":"Colosseum","floor":28,"gold_loss":0},{"damage_healed":0,"gold_gain":0,"player_choice":"Fled From Nobs","damage_taken":0,"max_hp_gain":0,"max_hp_loss":0,"event_name":"Colosseum","floor":28,"gold_loss":0},{"damage_healed":0,"gold_gain":0,"player_choice":"Memory 1","damage_taken":0,"max_hp_gain":0,"max_hp_loss":0,"event_name":"SensoryStone","floor":38,"gold_loss":0}],"is_beta":false,"boss_relics":[{"not_picked":["Calling Bell","Velvet Choker"],"picked":"Cursed Key"},{"not_picked":["hubris:Stopwatch","energizedSpire:SpiderWeb"],"picked":"Replay:Ancient Bell"},{"not_picked":["Art of War","Gremlin Food"],"picked":"Boot"},{"not_picked":["Replay:Bottled Flurry","Replay:Ringing Soul"],"picked":"Garlic"},{"not_picked":["hubris:GlazedTorus","Lizard Tail"],"picked":"conspire:GlowingRock"}],"items_purged_floors":[14,30,37],"is_endless":false,"potions_floor_spawned":[6,16,21,22,23,28,35,40,48],"ascension_level":0}}