{"host":"w2kjv12xyhtt0cv2","time":1609174174,"event":{"mods":["10 clothes from DAL","Act Like it!","BaseMod","Colored Map","Conspire","Friendly Minions","Gensokyo","Highlight Path","Hubris","Marisa（F雨　魔理沙）","Minty Spire (QoL Compilation)","Quick Restart","Reimu（博丽灵梦）","Relic Stats","Replay The Spire","RumiaBox-露米娅的神秘盒子","Spicy Shops","StSLib","The Servant 0.9.4","UnlockEverythingMod","Waifu the Spire","[功能]功能增强和修复MOD","vexMod","【功能Mod】Neow奖励","【功能Mod】混沌之环修复补丁","【遗物卡牌】REMEMod","没有小屋子和绿帽子啦"],"gold_per_floor":[115,115,390,12,32,65,82,107,131,80,105,15,40,55,55,153,153,172,147,147,158,3,29,312,347,374,401,401,431,65,97,57,156,156,367,367,367,367,367,367,120,355,378,603,817,846,846,846,846,846,846,846,83,199,199],"floor_reached":56,"playtime":6938,"items_purged":["Regret","Defend_Lin:ReiMu","CommonCold"],"score":1992,"play_id":"67a8daef-d376-4dd5-af89-eb5dce752a1c","local_time":"20201229004934","is_ascension_mode":true,"campfire_choices":[{"data":"SealNeedle:ReiMu","floor":15.0,"key":"SMITH"},{"floor":40.0,"key":"RECALL"},{"data":"ManaGlint:ReiMu","floor":47.0,"key":"SMITH"},{"data":"Gensokyo:NewMoon","floor":49.0,"key":"SMITH"},{"data":"Stagnation:ReiMu","floor":52,"key":"SMITH"}],"circlet_count":0,"master_deck":["Strike_Lin:ReiMu","Strike_Lin:ReiMu","Strike_Lin:ReiMu","NB:ReiMu+1","Stagnation:ReiMu+1","TimeTakenCity","Meditation:ReiMu+1","Chrysalis+1","Gathering:ReiMu","Amulet:ReiMu+1","Amulet:ReiMu+1","SealNeedle:ReiMu+1","SealNeedle:ReiMu+1","PrayRite:ReiMu+1","EmergencyTakeOff:ReiMu+1","HakureiPhantom:ReiMu+1","EmergencyTakeOff:ReiMu+1","Revelation:ReiMu+1","Dreaming2:ReiMu+1","CeremonyResonance:ReiMu+1","RunawayExorcism:ReiMu+1","NineCharacters:ReiMu+1","LovePray:ReiMu+1","DoubleButterfly:ReiMu+1","UpKicking:ReiMu+1","SpiritualOutbreak2:ReiMu+1","CleanRite:ReiMu+1","KamiRite:ReiMu+1","CeremonyResonance:ReiMu+1","ManaGlint:ReiMu+1","DoubleButterfly:ReiMu+1","LovePray:ReiMu+1","AlertArray:ReiMu+1","WonderfulDomain:ReiMu+1","Meditation:ReiMu+1","conspire:NecroticWound","WonderfulDomain:ReiMu+1","Intuition:ReiMu+1","ForcedLanding:ReiMu+1","Sickly","BarrageOfMoneybags:ReiMu","RainPray2:ReiMu+1","Meditation:ReiMu+1","ReplayTheSpireMod:Faulty Equipment+1","Gensokyo:NewMoon+1","Gensokyo:EverlastingLife+1","Gensokyo:RisingWorld+1","Gensokyo:NewMoon+1"],"relics":["REME_ComplimentaryCards","hubris:Backtick","Toxic Egg 2","vexMod:Cooldron","hubris:TenFootPole","Incense Burner","Oddly Smooth Stone","LastBattle","ReplayTheSpireMod:Lightbulb","conspire:RunicOctahedron","HornCleat","vexMod:GhostlyGear","RuthlessExorcism:ReiMu","Torii","Centennial Puzzle","REME_PuzzleBoxRelic","Vajra","SecretRecord","REME_IWantAll","Toy Ornithopter","REME_HandOfSuture","REME_DemonsWealth","ReplayTheSpireMod:Ring of Collecting","ReplayTheSpireMod:Ring of Addiction","Chameleon Ring","White Beast Statue","REME_CardOfGreed","ReplayFunnel","vexMod:BarristanHead","Ring of Fury","War Paint","Ccalipers","vexMod:PaidLearning","Anchor","hubris:SlimyHat","MagicDraw1","hubris:EmptyBottle","FadedRune:ReiMu"],"acts_visited":["Exordium","Gensokyo:Gensokyoer","Gensokyo:Gensokyoest","TheEnding"],"potions_floor_usage":[50,50,50,50,50,54,54,54,54,55,55,55,55,55,55,55,55,55,55,55,55,55,55,55,55],"damage_taken":[{"damage":5.0,"enemies":"2 Louse","floor":1.0,"turns":3.0},{"damage":2.0,"enemies":"Jaw Worm","floor":5.0,"turns":4.0},{"damage":1.0,"enemies":"Lagavulin","floor":6.0,"turns":7.0},{"damage":4.0,"enemies":"Cultist","floor":7.0,"turns":7.0},{"damage":1.0,"enemies":"3 Sentries","floor":8.0,"turns":8.0},{"damage":0.0,"enemies":"Lagavulin","floor":11.0,"turns":7.0},{"damage":12.0,"enemies":"3 Sentries","floor":13.0,"turns":10.0},{"damage":1.0,"enemies":"Exordium Thugs","floor":14.0,"turns":5.0},{"damage":0.0,"enemies":"The Guardian","floor":16.0,"turns":9.0},{"damage":0.0,"enemies":"Gensokyo:2_Gloops","floor":18.0,"turns":3.0},{"damage":0.0,"enemies":"Gensokyo:3_Dogs","floor":21.0,"turns":8.0},{"damage":43.0,"enemies":"Gensokyo:Reisen","floor":23.0,"turns":11.0},{"damage":0.0,"enemies":"conspire:MimicChest","floor":24.0,"turns":7.0},{"damage":0.0,"enemies":"Gensokyo:Koishi","floor":25.0,"turns":5.0},{"damage":0.0,"enemies":"Gensokyo:Tenshi","floor":27.0,"turns":6.0},{"damage":0.0,"enemies":"Gensokyo:Reisen","floor":29.0,"turns":6.0},{"damage":0.0,"enemies":"Gensokyo:Koishi","floor":31.0,"turns":4.0},{"damage":0.0,"enemies":"Gensokyo:Eiki","floor":33.0,"turns":3.0},{"damage":0.0,"enemies":"Gensokyo:AncientGuardian","floor":35.0,"turns":5.0},{"damage":9.0,"enemies":"Gensokyo:Marisa","floor":42.0,"turns":2.0},{"damage":0.0,"enemies":"Gensokyo:Kasen","floor":44.0,"turns":2.0},{"damage":0.0,"enemies":"Gensokyo:3_Bats","floor":45.0,"turns":2.0},{"damage":1.0,"enemies":"Gensokyo:Doremy","floor":46.0,"turns":1.0},{"damage":0,"enemies":"Gensokyo:Shinki","floor":50,"turns":3},{"damage":0,"enemies":"Shield and Spear","floor":54,"turns":4},{"damage":5,"enemies":"The Heart","floor":55,"turns":3}],"seed_played":"-298445549505868689","potions_obtained":[{"floor":7.0,"key":"EntropicBrew"},{"floor":7.0,"key":"EntropicBrew"},{"floor":8.0,"key":"EntropicBrew"},{"floor":11.0,"key":"EntropicBrew"},{"floor":13.0,"key":"EntropicBrew"},{"floor":14.0,"key":"EntropicBrew"},{"floor":23.0,"key":"EntropicBrew"},{"floor":23.0,"key":"EntropicBrew"},{"floor":27.0,"key":"EntropicBrew"},{"floor":29.0,"key":"EntropicBrew"},{"floor":38.0,"key":"EntropicBrew"},{"floor":38.0,"key":"EntropicBrew"},{"floor":38.0,"key":"EntropicBrew"},{"floor":42.0,"key":"EntropicBrew"},{"floor":42.0,"key":"EntropicBrew"},{"floor":44.0,"key":"EntropicBrew"},{"floor":54,"key":"EntropicBrew"}],"is_trial":false,"path_per_floor":["M","?","?","$","M","E","M","E","T","$","E","$","E","M","R","B",null,"M","?","?","M","COS","E","?","E","T","E","?","E","$","E","R_BF","B",null,"M","?","?","?","T","R","$","E","T","E","M","E","R","?","R","B",null,"R","$","E","B",null],"character_chosen":"REIMU","items_purchased":["vexMod:Cooldron","Chrysalis+1","SealNeedle:ReiMu","REME_IWantAll","LovePray:ReiMu+1","Toy Ornithopter","REME_CardOfGreed","vexMod:PaidLearning","Anchor","hubris:SlimyHat","MagicDraw1","hubris:EmptyBottle"],"campfire_rested":0,"item_purchase_floors":[4,4,10,30,30,30,41,53,53,53,53,53],"current_hp_per_floor":[65,65,65,65,65,64,61,65,65,65,65,65,56,65,65,65,65,65,65,65,65,65,65,65,65,65,65,65,65,65,68,68,71,71,75,75,75,75,75,75,75,72,72,83,87,86,86,85,85,88,88,88,88,86,82],"gold":199,"neow_bonus":"BOSS_RELIC","is_daily":false,"chose_seed":false,"campfire_upgraded":4,"win_rate":0.0,"timestamp":1609174174,"path_taken":["M","?","?","$","?","E","M","E","T","$","E","?","E","M","R","BOSS","M","?","?","?","COS","E","?","E","T","E","?","E","?","E","R_BF","BOSS","M","?","?","?","?","R","$","E","T","E","?","E","R","?","R","BOSS","R","$","E","BOSS"],"items_purchased_type":["Relic","Card","Card","Relic","Card","Relic","Relic","Relic","Relic","Relic","Relic","Relic"],"build_version":"2020-12-22","purchased_purges":3,"victory":true,"max_hp_per_floor":[65,65,65,65,65,65,65,65,65,65,65,65,65,65,65,65,65,65,65,65,65,65,65,65,65,65,65,65,65,65,68,68,71,71,75,75,75,75,75,75,75,79,79,83,87,87,87,85,85,88,88,88,88,86,86],"relic_stats":{"Centennial Puzzle":[7],"Torii":0,"counters":[26,135],"War Paint":["TimeTakenCity","NB:ReiMu"],"obtain_stats":[{"ReplayFunnel":42,"Torii":24,"Vajra":27,"SecretRecord":29,"Incense Burner":8,"hubris:SlimyHat":53,"hubris:EmptyBottle":53,"REME_IWantAll":30,"MagicDraw1":53,"Frozen Eye":25,"Centennial Puzzle":25,"REME_DemonsWealth":34,"hubris:Backtick":0,"HornCleat":19,"Chameleon Ring":38,"FadedRune:ReiMu":54,"Ccalipers":46,"Toxic Egg 2":0,"ReplayTheSpireMod:Ring of Addiction":38,"Oddly Smooth Stone":9,"conspire:RunicOctahedron":17,"vexMod:PaidLearning":53,"LastBattle":11,"War Paint":44,"White Beast Statue":38,"vexMod:GhostlyGear":22,"vexMod:Cooldron":4,"Anchor":53,"vexMod:BarristanHead":43,"ReplayTheSpireMod:Ring of Collecting":38,"Ring of Fury":43,"REME_HandOfSuture":31,"hubris:TenFootPole":6,"REME_CardOfGreed":41,"REME_PuzzleBoxRelic":26,"FlyPower:ReiMu":0,"ReplayTheSpireMod:Lightbulb":13,"Toy Ornithopter":30,"REME_ComplimentaryCards":0,"RuthlessExorcism:ReiMu":23},{"ReplayFunnel":20,"Torii":13,"Vajra":15,"SecretRecord":16,"Incense Burner":5,"hubris:SlimyHat":24,"hubris:EmptyBottle":24,"REME_IWantAll":16,"MagicDraw1":24,"Frozen Eye":13,"Centennial Puzzle":14,"REME_DemonsWealth":18,"hubris:Backtick":0,"HornCleat":10,"Chameleon Ring":19,"FadedRune:ReiMu":25,"Ccalipers":23,"Toxic Egg 2":0,"ReplayTheSpireMod:Ring of Addiction":19,"Oddly Smooth Stone":5,"conspire:RunicOctahedron":9,"vexMod:PaidLearning":24,"LastBattle":6,"War Paint":21,"White Beast Statue":19,"vexMod:GhostlyGear":11,"vexMod:Cooldron":1,"Anchor":24,"vexMod:BarristanHead":20,"ReplayTheSpireMod:Ring of Collecting":19,"Ring of Fury":20,"REME_HandOfSuture":17,"hubris:TenFootPole":3,"REME_CardOfGreed":19,"REME_PuzzleBoxRelic":14,"FlyPower:ReiMu":0,"ReplayTheSpireMod:Lightbulb":7,"Toy Ornithopter":16,"REME_ComplimentaryCards":0,"RuthlessExorcism:ReiMu":12},{"ReplayFunnel":120,"Torii":89,"Vajra":100,"SecretRecord":106,"Incense Burner":29,"hubris:SlimyHat":128,"hubris:EmptyBottle":128,"REME_IWantAll":106,"MagicDraw1":128,"Frozen Eye":89,"Centennial Puzzle":94,"REME_DemonsWealth":113,"hubris:Backtick":0,"HornCleat":63,"Chameleon Ring":118,"FadedRune:ReiMu":132,"Ccalipers":125,"Toxic Egg 2":0,"ReplayTheSpireMod:Ring of Addiction":118,"Oddly Smooth Stone":29,"conspire:RunicOctahedron":60,"vexMod:PaidLearning":128,"LastBattle":36,"War Paint":122,"White Beast Statue":118,"vexMod:GhostlyGear":71,"vexMod:Cooldron":3,"Anchor":128,"vexMod:BarristanHead":120,"ReplayTheSpireMod:Ring of Collecting":118,"Ring of Fury":120,"REME_HandOfSuture":110,"hubris:TenFootPole":14,"REME_CardOfGreed":118,"REME_PuzzleBoxRelic":94,"FlyPower:ReiMu":0,"ReplayTheSpireMod:Lightbulb":46,"Toy Ornithopter":106,"REME_ComplimentaryCards":0,"RuthlessExorcism:ReiMu":82}],"Toy Ornithopter":10},"card_choices":[{"not_picked":["SubAcupoint:ReiMu","TightArray:ReiMu"],"picked":"Meditation:ReiMu+1","floor":1.0},{"not_picked":["MikOfLucky:ReiMu","UniversalSpiritual:ReiMu"],"picked":"Gathering:ReiMu","floor":5.0},{"not_picked":["UniversalSpiritual:ReiMu","CareerPray:ReiMu+1","Dreaming2:ReiMu"],"picked":"SKIP","floor":6.0},{"not_picked":["YinYangSange:ReiMu","SpreadBorder2:ReiMu+1"],"picked":"Amulet:ReiMu+1","floor":7.0},{"not_picked":["KamiSacrifice:ReiMu+1","AirStrike:ReiMu"],"picked":"Amulet:ReiMu+1","floor":8.0},{"not_picked":["SubAcupoint:ReiMu","FineLineFantasy:ReiMu"],"picked":"PrayRite:ReiMu+1","floor":11.0},{"not_picked":["NineCharacters:ReiMu","Mountainwind:ReiMu+1"],"picked":"EmergencyTakeOff:ReiMu+1","floor":13.0},{"not_picked":["SubcavityInstant:ReiMu+1","SafetyPray:ReiMu+1","OrbThrow:ReiMu"],"picked":"SKIP","floor":14.0},{"not_picked":["SubcavityFantasy:ReiMu+1","CardOfSanctity:ReiMu+1"],"picked":"HakureiPhantom:ReiMu+1","floor":16.0},{"not_picked":["OrbThrow:ReiMu+1","AlertArray:ReiMu+1"],"picked":"EmergencyTakeOff:ReiMu+1","floor":18.0},{"not_picked":["OrbThrow:ReiMu","SubAcupoint:ReiMu"],"picked":"Revelation:ReiMu+1","floor":21.0},{"not_picked":["OrbThrow:ReiMu+1","DoubleButterfly:ReiMu"],"picked":"Dreaming2:ReiMu+1","floor":23.0},{"not_picked":["Mountainwind:ReiMu+1","SpreadBorder2:ReiMu+1"],"picked":"CeremonyResonance:ReiMu+1","floor":25.0},{"not_picked":["OctopathBindingBorder2:ReiMu","EmergencyTakeOff:ReiMu+1"],"picked":"RunawayExorcism:ReiMu+1","floor":27.0},{"not_picked":["RainPray2:ReiMu+1","Dreaming2:ReiMu"],"picked":"NineCharacters:ReiMu+1","floor":29.0},{"not_picked":["DoubleButterfly:ReiMu","UpKicking:ReiMu+1","SpiritualOutbreak2:ReiMu+1"],"picked":"Singing Bowl","floor":31.0},{"not_picked":["CleanRite:ReiMu+1","KamiRite:ReiMu+1","CeremonyResonance:ReiMu+1"],"picked":"Singing Bowl","floor":33.0},{"not_picked":["ManaGlint:ReiMu","DoubleButterfly:ReiMu","LovePray:ReiMu+1","CommonCold"],"picked":"Singing Bowl","floor":35.0},{"not_picked":["AlertArray:ReiMu+1","WonderfulDomain:ReiMu+1","Meditation:ReiMu+1","conspire:NecroticWound"],"picked":"Singing Bowl","floor":42.0},{"not_picked":["WonderfulDomain:ReiMu+1","Intuition:ReiMu+1","ForcedLanding:ReiMu+1","Sickly"],"picked":"Singing Bowl","floor":44.0},{"not_picked":["BarrageOfMoneybags:ReiMu","RainPray2:ReiMu+1","Meditation:ReiMu+1","ReplayTheSpireMod:Faulty Equipment+1"],"picked":"Singing Bowl","floor":45.0},{"not_picked":["FoulBorder2:ReiMu","Mountainwind:ReiMu+1","NineCharacters:ReiMu+1","Voices"],"picked":"SKIP","floor":46.0},{"not_picked":["Gensokyo:EverlastingLife","Gensokyo:RisingWorld"],"picked":"Gensokyo:NewMoon","floor":48.0},{"not_picked":["KamiRite:ReiMu","WonderfulDomain:ReiMu","PrepareRite:ReiMu"],"picked":"Singing Bowl","floor":50},{"not_picked":["Enchanting:ReiMu+1","SpringWay:ReiMu+1","FoulBorder2:ReiMu","hubris:Wrath"],"picked":"SKIP","floor":54}],"player_experience":41691,"relics_obtained":[{"floor":6.0,"key":"hubris:TenFootPole"},{"floor":8.0,"key":"Incense Burner"},{"floor":9.0,"key":"Oddly Smooth Stone"},{"floor":11.0,"key":"LastBattle"},{"floor":13.0,"key":"ReplayTheSpireMod:Lightbulb"},{"floor":23.0,"key":"RuthlessExorcism:ReiMu"},{"floor":24.0,"key":"Torii"},{"floor":25.0,"key":"Centennial Puzzle"},{"floor":26.0,"key":"REME_PuzzleBoxRelic"},{"floor":27.0,"key":"Vajra"},{"floor":29.0,"key":"SecretRecord"},{"floor":31.0,"key":"REME_HandOfSuture"},{"floor":38.0,"key":"ReplayTheSpireMod:Ring of Collecting"},{"floor":38.0,"key":"ReplayTheSpireMod:Ring of Addiction"},{"floor":38.0,"key":"Chameleon Ring"},{"floor":38.0,"key":"White Beast Statue"},{"floor":42.0,"key":"ReplayFunnel"},{"floor":43.0,"key":"vexMod:BarristanHead"},{"floor":43.0,"key":"Ring of Fury"},{"floor":44.0,"key":"War Paint"},{"floor":46.0,"key":"Ccalipers"},{"floor":54,"key":"FadedRune:ReiMu"}],"event_choices":[{"damage_healed":0.0,"max_hp_gain":0.0,"max_hp_loss":0.0,"gold_gain":275.0,"event_name":"Golden Shrine","player_choice":"Desecrate","floor":3.0,"gold_loss":0.0,"damage_taken":0.0,"cards_obtained":["Regret"]}],"is_beta":false,"boss_relics":[{"not_picked":["Painkiller Herb","Runic Pyramid"],"picked":"conspire:RunicOctahedron"},{"not_picked":["SlaversCollar","hubris:VirtuousBlindfold"],"picked":"REME_DemonsWealth"}],"items_purged_floors":[4,12,41],"is_endless":false,"potions_floor_spawned":[7,7,8,11,13,14,23,23,27,29,42,42,44,45,45,46,54],"ascension_level":1}}