{"host":"bzg9y3flbaqjj1j7","time":1609121960,"event":{"mods":["AchievementEnabler","Aspiration","BaseMod","Challenge The Spire","Hubris","Hyrulean Relics","Infinite Spire","Lobotomy","LobotomyExtend","Marisa????????","Marked Mod","Minty Spire (QoL Compilation)","Permanent Neow","Rare Cards Sparkle","Reimu??????","Remilia??????","Replay The Spire","Shop Mod","StSLib","The Administrix","The Blue Laboratory","Waifu the Spire"],"gold_per_floor":[118,134,134,134,134,134,134,134],"floor_reached":7,"playtime":796,"items_purged":[],"score":39,"play_id":"86560596-e622-49df-9abc-dc85e80962b8","local_time":"20201227224920","is_ascension_mode":false,"campfire_choices":[{"floor":6,"key":"RECALL"}],"circlet_count":0,"master_deck":["Strike_RM","Strike_RM","Strike_RM","Strike_RM+1","Defend_RM","Defend_RM","Defend_RM","Defend_RM","RedMoon","ScarletShoot","UnstableMagic","NakedNest","CharismaGuard","HappyTeddy"],"relics":["ScarletHat","CogitoBucket","LetterFromLob","CultistMask"],"acts_visited":["Exordium"],"potions_floor_usage":[],"damage_taken":[{"damage":0,"enemies":"Jaw Worm","floor":1,"turns":5},{"damage":10,"enemies":"Small Slimes","floor":2,"turns":7},{"damage":16,"enemies":"Lagavulin","floor":7,"turns":12}],"seed_played":"-2087582764655399779","potions_obtained":[{"floor":2,"key":"Explosive Potion"}],"is_trial":false,"path_per_floor":["M","M","?","?","?","R","E"],"character_chosen":"REMILIA","items_purchased":[],"campfire_rested":0,"item_purchase_floors":[],"current_hp_per_floor":[75,66,74,74,74,74,61,61],"gold":134,"neow_bonus":"","is_daily":false,"chose_seed":false,"campfire_upgraded":0,"win_rate":0.0,"timestamp":1609121960,"path_taken":["M","M","?","?","?","R","E"],"items_purchased_type":[],"build_version":"2020-12-22","purchased_purges":0,"victory":false,"max_hp_per_floor":[75,75,75,75,75,75,75,75],"card_choices":[{"not_picked":["ScarletDevilSign","VampireFantasy"],"picked":"UnstableMagic","floor":1},{"not_picked":["UniverseFragment","WallGazer"],"picked":"NakedNest","floor":1},{"not_picked":["StarOfDavid","BloodAndWine"],"picked":"CharismaGuard","floor":2},{"not_picked":["OldLady","Scarecrow"],"picked":"HappyTeddy","floor":2}],"player_experience":119079,"relics_obtained":[{"floor":1,"key":"LetterFromLob"}],"event_choices":[{"damage_healed":0,"gold_gain":0,"player_choice":"Trade","damage_taken":0,"relics_obtained":["CultistMask"],"max_hp_gain":0,"max_hp_loss":0,"event_name":"FaceTrader","floor":5,"gold_loss":0}],"is_beta":false,"boss_relics":[],"items_purged_floors":[],"is_endless":false,"potions_floor_spawned":[2],"killed_by":"Lagavulin","ascension_level":0}}