{"host":"w3q5ijqu8eoknil3","time":1609118807,"event":{"mods":["AchievementEnabler","BaseMod","Block Reminder","Colored Powertips","Minty Spire (QoL Compilation)","Quick Restart","Relic Stats","ojb\u0027s Better Paths Mod","ojb\u0027s Info Mod","slay the spire mod where everything is the same but ironclad has a cowboy hat"],"gold_per_floor":[114,134,146,146,119,119,151,151,202,202,217,267,301,428,428,428,428],"floor_reached":16,"playtime":306,"items_purged":[],"score":216,"play_id":"e227b155-2a9a-418d-b8cf-fd909a2ae328","local_time":"20201228012647","is_ascension_mode":true,"campfire_choices":[{"data":"Feel No Pain","floor":6,"key":"SMITH"},{"data":"Carnage","floor":8,"key":"SMITH"},{"data":"Havoc","floor":10,"key":"SMITH"},{"data":"Bash","floor":15,"key":"SMITH"}],"circlet_count":0,"master_deck":["AscendersBane","Strike_R","Strike_R","Strike_R","Strike_R","Strike_R","Defend_R","Defend_R","Defend_R","Defend_R","Bash+1","Shrug It Off","Havoc+1","Disarm","Feel No Pain+1","Carnage+1","Cleave","Reckless Charge"],"relics":["Burning Blood","NeowsBlessing","SsserpentHead","Akabeko","Strawberry","Ginger","Matryoshka"],"acts_visited":["Exordium"],"potions_floor_usage":[7,13],"damage_taken":[{"damage":0,"enemies":"Small Slimes","floor":1,"turns":1},{"damage":0,"enemies":"Cultist","floor":2,"turns":1},{"damage":0,"enemies":"Jaw Worm","floor":3,"turns":1},{"damage":48,"enemies":"Lagavulin","floor":7,"turns":9},{"damage":4,"enemies":"Red Slaver","floor":11,"turns":3},{"damage":3,"enemies":"Gremlin Nob","floor":13,"turns":3},{"damage":53,"enemies":"Slime Boss","floor":16,"turns":6}],"seed_played":"-101011401311603781","potions_obtained":[{"floor":2,"key":"Fire Potion"},{"floor":7,"key":"SteroidPotion"}],"is_trial":false,"path_per_floor":["M","M","M","?","$","R","E","R","T","R","M","?","E","T","R","B"],"character_chosen":"IRONCLAD","items_purchased":["Feel No Pain"],"campfire_rested":0,"item_purchase_floors":[5],"current_hp_per_floor":[74,75,75,75,75,75,33,33,40,40,42,42,45,45,45,0,0],"gold":428,"neow_bonus":"THREE_ENEMY_KILL","is_daily":false,"chose_seed":false,"campfire_upgraded":4,"win_rate":0.0,"timestamp":1609118807,"path_taken":["M","M","M","?","?","R","E","R","T","R","M","?","E","?","R","BOSS"],"items_purchased_type":["Card"],"build_version":"2020-12-22","purchased_purges":0,"victory":false,"max_hp_per_floor":[75,75,75,75,75,75,75,75,82,82,82,82,82,82,82,82,82],"relic_stats":{"SsserpentHead":150,"counters":[7,24],"Ginger":[0],"obtain_stats":[{"SsserpentHead":4,"Matryoshka":14,"NeowsBlessing":0,"Strawberry":9,"Ginger":13,"Burning Blood":0,"Akabeko":7},{"SsserpentHead":3,"Matryoshka":6,"NeowsBlessing":0,"Strawberry":4,"Ginger":6,"Burning Blood":0,"Akabeko":4},{"SsserpentHead":3,"Matryoshka":18,"NeowsBlessing":0,"Strawberry":12,"Ginger":18,"Burning Blood":0,"Akabeko":12}],"Burning Blood":25},"card_choices":[{"not_picked":["Rupture","Heavy Blade"],"picked":"Shrug It Off","floor":1},{"not_picked":["Inflame","Perfected Strike"],"picked":"Havoc","floor":2},{"not_picked":["True Grit","Shrug It Off"],"picked":"Disarm","floor":3},{"not_picked":["Sever Soul","Flame Barrier"],"picked":"Carnage","floor":7},{"not_picked":["Flex","Headbutt"],"picked":"Cleave","floor":11},{"not_picked":["Sentinel","Body Slam"],"picked":"Reckless Charge","floor":13}],"player_experience":948487,"relics_obtained":[{"floor":7,"key":"Akabeko"},{"floor":9,"key":"Strawberry"},{"floor":13,"key":"Ginger"},{"floor":14,"key":"Matryoshka"}],"event_choices":[{"damage_healed":0,"gold_gain":0,"player_choice":"Trade","damage_taken":0,"relics_obtained":["SsserpentHead"],"max_hp_gain":0,"max_hp_loss":0,"event_name":"FaceTrader","floor":4,"gold_loss":0},{"damage_healed":0,"gold_gain":0,"player_choice":"Leave","damage_taken":0,"max_hp_gain":0,"max_hp_loss":0,"event_name":"The Cleric","floor":12,"gold_loss":0}],"is_beta":false,"boss_relics":[],"items_purged_floors":[],"is_endless":false,"potions_floor_spawned":[2,7],"killed_by":"Slime Boss","ascension_level":20}}