{"host":"5bdt6s51dmpd4l3v","time":1609118659,"event":{"mods":["AchievementEnabler","BaseMod","Colored Map","Colored Powertips","Highlight Path","Minty Spire (QoL Compilation)","Quick Restart","Rare Cards Sparkle","StSLib"],"gold_per_floor":[112,112,127,127,145,145,173,173,196,226,7,24,99,99,99,99,99],"floor_reached":16,"playtime":227,"items_purged":[],"score":205,"play_id":"bba7cb52-4b61-4c83-854e-2b2f01189060","local_time":"20201228092419","is_ascension_mode":true,"campfire_choices":[{"data":"Infernal Blade","floor":6.0,"key":"SMITH"},{"data":"Warcry","floor":8.0,"key":"SMITH"},{"data":"1","floor":15,"key":"LIFT"}],"circlet_count":0,"master_deck":["AscendersBane","Strike_R+1","Strike_R","Strike_R","Strike_R+1","Strike_R","Defend_R","Defend_R","Defend_R","Bash","Flex+1","Infernal Blade+1","Bloodletting","Warcry+1","Twin Strike"],"relics":["Burning Blood","NeowsBlessing","Smiling Mask","Whetstone","Girya","Chemical X"],"acts_visited":[],"potions_floor_usage":[16],"damage_taken":[{"damage":0.0,"enemies":"Small Slimes","floor":1.0,"turns":1.0},{"damage":0.0,"enemies":"2 Louse","floor":3.0,"turns":1.0},{"damage":0.0,"enemies":"Cultist","floor":5.0,"turns":1.0},{"damage":35.0,"enemies":"Lagavulin","floor":7.0,"turns":5.0},{"damage":46.0,"enemies":"Gremlin Nob","floor":10.0,"turns":4.0},{"damage":5,"enemies":"Blue Slaver","floor":12,"turns":3},{"damage":18,"enemies":"Hexaghost","floor":16,"turns":3}],"seed_played":"7741300591563590472","potions_obtained":[{"floor":1.0,"key":"FairyPotion"},{"floor":5.0,"key":"SteroidPotion"},{"floor":12,"key":"ColorlessPotion"}],"is_trial":false,"path_per_floor":["M","?","M","?","M","R","E","R","T","E","$","M","?","$","R","B"],"character_chosen":"IRONCLAD","items_purchased":["Chemical X","Twin Strike"],"campfire_rested":0,"item_purchase_floors":[11,11],"current_hp_per_floor":[74,74,75,75,75,75,46,46,46,28,28,29,18,18,18,0,0],"gold":99,"neow_bonus":"THREE_ENEMY_KILL","is_daily":false,"chose_seed":false,"campfire_upgraded":2,"win_rate":0.0,"timestamp":1609118659,"path_taken":["M","?","M","?","?","R","E","R","T","E","$","M","?","$","R","BOSS"],"items_purchased_type":["Relic","Card"],"build_version":"2020-12-22","purchased_purges":0,"victory":false,"max_hp_per_floor":[75,75,75,75,75,75,75,75,75,75,75,75,75,75,75,75,75],"card_choices":[{"not_picked":["Rupture","Dropkick"],"picked":"Flex","floor":1.0},{"not_picked":["Anger","Havoc"],"picked":"Infernal Blade","floor":3.0},{"not_picked":["Metallicize","Body Slam"],"picked":"Bloodletting","floor":5.0},{"not_picked":["Iron Wave","Clash"],"picked":"Warcry","floor":7.0},{"not_picked":["Perfected Strike","Wild Strike","Uppercut"],"picked":"SKIP","floor":10.0},{"not_picked":["Flex","Searing Blow","Disarm"],"picked":"SKIP","floor":12}],"player_experience":264600,"relics_obtained":[{"floor":7.0,"key":"Smiling Mask"},{"floor":9.0,"key":"Whetstone"},{"floor":10.0,"key":"Girya"}],"event_choices":[{"damage_healed":0.0,"max_hp_gain":0.0,"max_hp_loss":0.0,"gold_gain":0.0,"event_name":"Living Wall","player_choice":"Grow","floor":2.0,"gold_loss":0.0,"damage_taken":0.0,"cards_upgraded":["Flex"]},{"cards_removed":["Defend_R"],"damage_healed":0.0,"max_hp_gain":0.0,"max_hp_loss":0.0,"gold_gain":0.0,"event_name":"Bonfire Elementals","player_choice":"Offered Basic","floor":4.0,"gold_loss":0.0,"damage_taken":0.0},{"damage_healed":0,"gold_gain":75,"player_choice":"Gather Gold","damage_taken":11,"max_hp_gain":0,"max_hp_loss":0,"event_name":"World of Goop","floor":13,"gold_loss":0}],"is_beta":false,"boss_relics":[],"items_purged_floors":[],"is_endless":false,"potions_floor_spawned":[1,5,12],"killed_by":"Hexaghost","ascension_level":18}}