{"host":"8jwif9mna8ud19ho","time":1609133914,"event":{"mods":["BaseMod","Better Vampires","Lobotomy","Marisa£¨ìFÓê¡¡Ä§ÀíÉ³£©","Minty Spire (QoL Compilation)","Reimu£¨²©ÀöÁéÃÎ£©","RumiaBox-Â¶Ã×æ«µÄÉñÃØºÐ×Ó","StSLib","¡¾ÒÅÎï¿¨ÅÆ¡¿REMEMod"],"gold_per_floor":[115,133,133,133,133,133,164,184,230,230,230,280,606,617,617,691,691,702,718,728,728,653,653,568,568,568,568,408,408,421,449,449,523,523,538,552,568,613,176,208,208,228,228,228,228,228,13,40,40,40,40],"floor_reached":50,"playtime":2036,"items_purged":["Strike_G","Bullet Time+1","Defend_G"],"score":1348,"play_id":"30dfdefb-3024-49b4-bc84-42e4dbd6e68e","local_time":"20201228133834","is_ascension_mode":true,"campfire_choices":[{"data":"Blade Dance","floor":6.0,"key":"SMITH"},{"data":"Accuracy","floor":11.0,"key":"SMITH"},{"data":"Neutralize","floor":15.0,"key":"SMITH"},{"data":"Phantasmal Killer","floor":23.0,"key":"SMITH"},{"data":"Concentrate","floor":25.0,"key":"SMITH"},{"data":"Acrobatics","floor":27.0,"key":"SMITH"},{"data":"Well Laid Plans","floor":32.0,"key":"SMITH"},{"floor":41.0,"key":"REST"},{"data":"Footwork","floor":45.0,"key":"SMITH"},{"floor":49,"key":"RECALL"}],"circlet_count":0,"master_deck":["AscendersBane","Defend_G","Defend_G","Defend_G","Defend_G","Survivor","Accuracy+1","MeatLantern","Blade Dance+1","Adrenaline","Acrobatics+1","Adrenaline","OSAHOGD","Phantasmal Killer+1","Blade Dance+1","Concentrate+1","Well Laid Plans+1","UniverseFragment","Footwork+1","Tools of the Trade+1","REME_ShadowForm+1","Calculated Gamble+1","Calculated Gamble","Blade Dance+1"],"relics":["Ring of the Snake","REME_ComplimentaryCards","CogitoBucket","Toy Ornithopter","Old Coin","TreeSap","EasyGame_NEW","Shuriken","Paper Crane","GodSword7","ResearcherNote","Turnip","Astrolabe","AdjustmentMirror","AtMidnight","MoreBug","Ice Cream","MagicDraw4","Tough Bandages","MealTicket"],"acts_visited":["Exordium","TheCity","TheBeyond"],"potions_floor_usage":[],"damage_taken":[{"damage":9.0,"enemies":"Jaw Worm","floor":1.0,"turns":8.0},{"damage":11.0,"enemies":"Small Slimes","floor":2.0,"turns":5.0},{"damage":5.0,"enemies":"3 Sentries","floor":7.0,"turns":10.0},{"damage":0.0,"enemies":"Cultist","floor":8.0,"turns":3.0},{"damage":2.0,"enemies":"Lagavulin","floor":13.0,"turns":7.0},{"damage":18.0,"enemies":"Large Slime","floor":14.0,"turns":5.0},{"damage":11.0,"enemies":"The Guardian","floor":16.0,"turns":15.0},{"damage":0.0,"enemies":"Shell Parasite","floor":18.0,"turns":2.0},{"damage":12.0,"enemies":"2 Thieves","floor":19.0,"turns":2.0},{"damage":0.0,"enemies":"3 Cultists","floor":20.0,"turns":3.0},{"damage":5.0,"enemies":"Centurion and Healer","floor":30.0,"turns":3.0},{"damage":0.0,"enemies":"Book of Stabbing","floor":31.0,"turns":3.0},{"damage":0.0,"enemies":"Automaton","floor":33.0,"turns":5.0},{"damage":11.0,"enemies":"3 Darklings","floor":35.0,"turns":4.0},{"damage":0.0,"enemies":"3 Shapes","floor":36.0,"turns":8.0},{"damage":0.0,"enemies":"Maw","floor":37.0,"turns":5.0},{"damage":19.0,"enemies":"2 Orb Walkers","floor":38.0,"turns":3.0},{"damage":31.0,"enemies":"Reptomancer","floor":40.0,"turns":3.0},{"damage":0.0,"enemies":"Spire Growth","floor":42.0,"turns":5.0},{"damage":1,"enemies":"Nemesis","floor":48,"turns":2},{"damage":0,"enemies":"Nemesis","floor":48,"turns":1},{"damage":54,"enemies":"Donu and Deca","floor":50,"turns":6}],"seed_played":"-2376715651665714793","potions_obtained":[{"floor":2.0,"key":"EssenceOfSteel"},{"floor":13.0,"key":"Energy Potion"},{"floor":31.0,"key":"SkillPotion"}],"is_trial":false,"path_per_floor":["M","M","?","?","?","R","E","M","T","?","R","?","E","M","R","B",null,"M","M","M","T","?","R","?","R","T","R","$","?","M","E","R","B",null,"M","M","M","?","$","E","R","M","T","?","R","?","$","E","R","B"],"character_chosen":"THE_SILENT","items_purchased":["Well Laid Plans","Ice Cream","Calculated Gamble"],"campfire_rested":1,"item_purchase_floors":[28,39,47],"current_hp_per_floor":[50,39,39,39,76,76,71,71,71,71,71,71,69,51,51,40,67,67,55,55,55,55,55,55,55,55,55,55,33,28,28,28,28,68,57,57,57,38,38,7,31,33,33,33,33,33,33,47,47,0,0],"gold":40,"neow_bonus":"","is_daily":false,"chose_seed":false,"campfire_upgraded":8,"win_rate":0.0,"timestamp":1609133914,"path_taken":["M","M","?","?","?","R","E","?","T","?","R","?","E","?","R","BOSS","M","M","M","?","?","R","?","R","T","R","$","?","M","E","R","BOSS","M","M","M","?","$","E","R","M","T","?","R","?","$","E","R","BOSS"],"items_purchased_type":["Card","Relic","Card"],"build_version":"2020-12-22","purchased_purges":3,"victory":false,"max_hp_per_floor":[66,66,66,66,76,76,76,76,76,76,76,76,76,76,76,76,76,76,76,76,76,76,76,76,76,76,76,76,81,81,81,81,81,81,81,81,81,81,81,81,81,81,81,81,81,81,81,81,81,81,81],"card_choices":[{"not_picked":["Alriune","CherryBlossoms"],"picked":"MeatLantern","floor":1.0},{"not_picked":["Bane","Poisoned Stab","PiercingWail"],"picked":"SKIP","floor":1.0},{"not_picked":["Crippling Poison","Choke"],"picked":"Blade Dance","floor":2.0},{"not_picked":["Quick Slash","REME_GreenPollution"],"picked":"Adrenaline","floor":7.0},{"not_picked":["Sucker Punch","Infinite Blades"],"picked":"Acrobatics","floor":8.0},{"not_picked":["Bouncing Flask","Bane"],"picked":"Adrenaline","floor":13.0},{"not_picked":["Bane","Dagger Spray","Outmaneuver"],"picked":"SKIP","floor":14.0},{"not_picked":["DreamingCurrent","CherryBlossoms"],"picked":"OSAHOGD","floor":16.0},{"not_picked":["Corpse Explosion","Bullet Time"],"picked":"Phantasmal Killer","floor":16.0},{"not_picked":["Noxious Fumes","Predator","Cloak And Dagger"],"picked":"SKIP","floor":18.0},{"not_picked":["Underhanded Strike+1","Infinite Blades"],"picked":"Blade Dance+1","floor":19.0},{"not_picked":["Dagger Spray","Dodge and Roll+1"],"picked":"Concentrate","floor":20.0},{"not_picked":["GreedKing","MeltingLove"],"picked":"UniverseFragment","floor":30.0},{"not_picked":["All Out Attack","Riddle With Holes"],"picked":"Accuracy","floor":30.0},{"not_picked":["Underhanded Strike","Blur"],"picked":"Footwork","floor":31.0},{"not_picked":["Dagger Throw","Malaise","Riddle With Holes"],"picked":"SKIP","floor":35.0},{"not_picked":["Dodge and Roll","Concentrate"],"picked":"Calculated Gamble+1","floor":36.0},{"not_picked":["Dagger Spray","Riddle With Holes","Bane"],"picked":"SKIP","floor":37.0},{"not_picked":["Bloodbath","BodiesMountain"],"picked":"Yin","floor":40.0},{"not_picked":["Poisoned Stab+1","PiercingWail","Bullet Time"],"picked":"SKIP","floor":40.0},{"not_picked":["Dagger Spray","Flying Knee","Outmaneuver"],"picked":"SKIP","floor":42.0},{"not_picked":["All Out Attack","Dodge and Roll"],"picked":"Blade Dance+1","floor":48}],"player_experience":1099052,"relics_obtained":[{"floor":7.0,"key":"Toy Ornithopter"},{"floor":13.0,"key":"Old Coin"},{"floor":21.0,"key":"Shuriken"},{"floor":26.0,"key":"GodSword7"},{"floor":31.0,"key":"Turnip"},{"floor":37.0,"key":"AtMidnight"},{"floor":38.0,"key":"MoreBug"},{"floor":40.0,"key":"MagicDraw4"},{"floor":43.0,"key":"Tough Bandages"},{"floor":48,"key":"MealTicket"}],"event_choices":[{"damage_healed":0.0,"max_hp_gain":0.0,"max_hp_loss":0.0,"gold_gain":0.0,"event_name":"Shining Light","player_choice":"Ignored","floor":3.0,"gold_loss":0.0,"damage_taken":0.0},{"damage_healed":0.0,"max_hp_gain":0.0,"max_hp_loss":0.0,"gold_gain":0.0,"cards_transformed":["Strike_G"],"event_name":"Living Wall","player_choice":"Change","floor":4.0,"gold_loss":0.0,"damage_taken":0.0,"cards_obtained":["REME_ShadowForm"]},{"cards_removed":["REME_ShadowForm"],"damage_healed":27.0,"max_hp_gain":10.0,"max_hp_loss":0.0,"gold_gain":0.0,"event_name":"Bonfire Elementals","player_choice":"Offered Rare","floor":5.0,"gold_loss":0.0,"damage_taken":0.0},{"damage_healed":0.0,"max_hp_gain":0.0,"max_hp_loss":0.0,"gold_gain":50.0,"event_name":"Golden Shrine","player_choice":"Pray","floor":12.0,"gold_loss":0.0,"damage_taken":0.0},{"cards_removed":["Strike_G"],"damage_healed":0.0,"max_hp_gain":0.0,"max_hp_loss":0.0,"gold_gain":0.0,"event_name":"Beggar","player_choice":"Gave Gold","floor":22.0,"gold_loss":75.0,"damage_taken":0.0},{"damage_healed":0.0,"max_hp_gain":0.0,"max_hp_loss":0.0,"gold_gain":0.0,"event_name":"Addict","player_choice":"Obtained Relic","floor":24.0,"gold_loss":85.0,"damage_taken":0.0,"relics_obtained":["Paper Crane"]},{"damage_healed":0.0,"max_hp_gain":5.0,"max_hp_loss":0.0,"gold_gain":0.0,"event_name":"Forgotten Altar","player_choice":"Shed Blood","floor":29.0,"gold_loss":0.0,"damage_taken":27.0},{"damage_healed":0.0,"max_hp_gain":0.0,"max_hp_loss":0.0,"gold_gain":0.0,"event_name":"Mysterious Sphere","player_choice":"Fight","floor":38.0,"gold_loss":0.0,"damage_taken":0.0},{"cards_removed":["Neutralize"],"damage_healed":0.0,"max_hp_gain":0.0,"max_hp_loss":0.0,"gold_gain":0.0,"event_name":"Falling","player_choice":"Removed Attack","floor":44.0,"gold_loss":0.0,"damage_taken":0.0},{"damage_healed":0,"gold_gain":0,"player_choice":"Memory 1","damage_taken":0,"max_hp_gain":0,"max_hp_loss":0,"event_name":"SensoryStone","floor":46,"gold_loss":0}],"is_beta":false,"boss_relics":[{"not_picked":["Fusion Hammer","Ectoplasm"],"picked":"EasyGame_NEW"},{"not_picked":["WristBlade","Tiny House"],"picked":"Astrolabe"}],"items_purged_floors":[28,39,47],"is_endless":false,"potions_floor_spawned":[2,13,16,30,31,35,38,40],"killed_by":"Donu and Deca","ascension_level":20}}