{"host":"7w5rsz9p0drt1vco","time":1609181405,"event":{"mods":["Aspiration","BaseMod","Colored Powertips","Conspire","Downfall","Hubris","Infinite Spire","Jedi Mod","Minty Spire (QoL Compilation)","Replay The Spire","StSLib","The Construct","The Cursed","The Jungle","The Mystic","The Runesmith","The Spell Scribe"],"gold_per_floor":[118,118,118,118,118,118,149,149,149,165,189,189,208,208,208,310,310,327,107,124,138,138,138],"floor_reached":22,"playtime":1222,"items_purged":[],"score":207,"play_id":"353ddfc0-0d0c-430a-a1c6-cf7df7c24984","local_time":"20201228155005","is_ascension_mode":false,"campfire_choices":[{"floor":8,"key":"DIG"},{"floor":12,"key":"DIG"},{"floor":15,"key":"REST"}],"circlet_count":0,"master_deck":["Strike_B","Strike_B","Strike_B","Strike_B","Defend_B","Defend_B","Defend_B","Defend_B","Zap","Dualcast","Coolheaded","Sunder","jedi:BurstFrost","Storm","Thunder Strike","Barrage","FIFO Queue","Glacier","Chaos+1"],"relics":["Cracked Core","NeowsBlessing","Pen Nib","Replay:Multitool","Garlic","Mummified Hand","Boot","Ancient Tea Set","aspiration:SeaSaltIceCream","aspiration:Nostalgia","m_RuneBlood","SlaversCollar","Bronze Scales"],"acts_visited":["Exordium","TheCity"],"potions_floor_usage":[16,16,16,21],"damage_taken":[{"damage":0,"enemies":"Cultist","floor":1,"turns":1},{"damage":0,"enemies":"Lagavulin","floor":7,"turns":1},{"damage":0,"enemies":"Small Slimes","floor":10,"turns":1},{"damage":0,"enemies":"2 Louse","floor":13,"turns":2},{"damage":58,"enemies":"Slime Boss","floor":16,"turns":11},{"damage":47,"enemies":"Shell Parasite","floor":18,"turns":10},{"damage":0,"enemies":"3 Byrds","floor":20,"turns":3},{"damage":15,"enemies":"Shelled Parasite and Fungi","floor":21,"turns":7},{"damage":25,"enemies":"Centurion and Healer","floor":22,"turns":5}],"seed_played":"5369519914285396479","potions_obtained":[{"floor":1,"key":"Strength Potion"},{"floor":6,"key":"BlessingOfTheForge"},{"floor":6,"key":"EssenceOfSteel"},{"floor":16,"key":"Strength Potion"},{"floor":18,"key":"Weak Potion"}],"is_trial":false,"path_per_floor":["M","?","?","$","?","R","E","R","T","M","T","R","M","$","R","B",null,"M","$","M","M","M"],"character_chosen":"DEFECT","items_purchased":["FIFO Queue","Bronze Scales"],"campfire_rested":1,"item_purchase_floors":[19,19],"current_hp_per_floor":[75,75,75,75,50,50,50,50,50,50,50,50,53,53,75,20,75,31,31,34,22,0,0],"gold":138,"neow_bonus":"THREE_ENEMY_KILL","is_daily":false,"chose_seed":false,"campfire_upgraded":0,"win_rate":0.0,"timestamp":1609181405,"path_taken":["M","?","?","$","?","R","E","R","T","M","?","R","M","$","R","BOSS","M","?","M","M","?"],"items_purchased_type":["Card","Relic"],"build_version":"2020-12-22","purchased_purges":0,"victory":false,"max_hp_per_floor":[75,75,75,75,75,75,75,75,75,75,75,75,75,75,75,75,75,75,75,75,75,75,75],"card_choices":[{"not_picked":["BasicCrystalCard","Turbo"],"picked":"Coolheaded","floor":1},{"not_picked":["Auto Shields","Scrape"],"picked":"Sunder","floor":7},{"not_picked":["ReplayTheSpireMod:GoodbyeWorld","ReplayTheSpireMod:Reroute Power"],"picked":"jedi:BurstFrost","floor":10},{"not_picked":["BootSequence","Bash"],"picked":"Storm","floor":13},{"not_picked":["Runesmith:MetallurgicalResearch","jedi:BurstDark"],"picked":"Thunder Strike","floor":16},{"not_picked":["Reinforced Body+1","Steam Power"],"picked":"Barrage","floor":18},{"not_picked":["Coolheaded","Rebound"],"picked":"Glacier","floor":20},{"not_picked":["hubris:PowerSurge+1","FTL"],"picked":"Chaos+1","floor":21}],"player_experience":181712,"relics_obtained":[{"floor":3,"key":"Pen Nib"},{"floor":7,"key":"Garlic"},{"floor":8,"key":"Mummified Hand"},{"floor":9,"key":"Boot"},{"floor":11,"key":"Ancient Tea Set"},{"floor":12,"key":"aspiration:SeaSaltIceCream"}],"event_choices":[{"damage_healed":0,"gold_gain":0,"player_choice":"Ignored","damage_taken":0,"max_hp_gain":0,"max_hp_loss":0,"event_name":"Golden Wing","floor":2,"gold_loss":0},{"damage_healed":0,"gold_gain":0,"player_choice":"Success","damage_taken":25,"relics_obtained":["Replay:Multitool"],"max_hp_gain":0,"max_hp_loss":0,"event_name":"Scrap Ooze","floor":5,"gold_loss":0}],"is_beta":false,"boss_relics":[{"not_picked":["Philosopher\u0027s Stone","infinitespire:Cupcake"],"picked":"SlaversCollar"}],"items_purged_floors":[],"is_endless":false,"potions_floor_spawned":[1,10,13,16,18],"killed_by":"Centurion and Healer","ascension_level":0}}