{"host":"7rbm8f2f6g6gk634","time":1609161118,"event":{"mods":["BaseMod","Colored Map","Filter the Spire","Minty Spire (QoL Compilation)","Relic Stats","StSLib"],"gold_per_floor":[118,128,146,146,162,162,195,195,218,283,295,326,338,2,2,2,2],"floor_reached":16,"playtime":2002,"items_purged":[],"score":125,"play_id":"cd608977-b567-4994-b873-1a080fbacd51","local_time":"20201228141158","is_ascension_mode":true,"campfire_choices":[{"data":"Coolheaded","floor":6,"key":"SMITH"},{"floor":8,"key":"REST"},{"data":"Streamline","floor":11,"key":"SMITH"},{"data":"Turbo","floor":13,"key":"SMITH"},{"data":"Skim","floor":15,"key":"SMITH"}],"circlet_count":0,"master_deck":["Strike_B","Strike_B","Strike_B","Strike_B","Defend_B","Defend_B","Defend_B","Defend_B","Zap","Dualcast","Coolheaded+1","Undo","Echo Form+1","Skim+1","Streamline+1","Turbo+1"],"relics":["Snecko Eye","Smiling Mask","Orichalcum","MawBank","Incense Burner"],"acts_visited":["Exordium"],"potions_floor_usage":[16,16],"damage_taken":[{"damage":5,"enemies":"Cultist","floor":1,"turns":5},{"damage":0,"enemies":"2 Louse","floor":2,"turns":2},{"damage":6,"enemies":"Jaw Worm","floor":3,"turns":8},{"damage":34,"enemies":"3 Louse","floor":5,"turns":5},{"damage":21,"enemies":"3 Sentries","floor":7,"turns":13},{"damage":12,"enemies":"Lagavulin Event","floor":10,"turns":10},{"damage":1,"enemies":"Blue Slaver","floor":12,"turns":3},{"damage":26,"enemies":"Hexaghost","floor":16,"turns":9}],"seed_played":"-2367077179341464498","potions_obtained":[{"floor":2,"key":"Fruit Juice"},{"floor":5,"key":"Strength Potion"}],"is_trial":false,"path_per_floor":["M","M","M","?","M","R","E","R","T","?","R","M","R","$","R","B"],"character_chosen":"DEFECT","items_purchased":["Incense Burner","SkillPotion"],"campfire_rested":1,"item_purchase_floors":[14,14],"current_hp_per_floor":[70,70,64,64,30,30,9,31,31,19,19,18,18,18,18,0,0],"gold":2,"neow_bonus":"BOSS_RELIC","is_daily":false,"chose_seed":false,"campfire_upgraded":4,"win_rate":0.0,"timestamp":1609161118,"path_taken":["M","?","M","?","?","R","E","R","T","?","R","M","R","$","R","BOSS"],"items_purchased_type":["Relic","Potion"],"build_version":"2020-12-22","purchased_purges":0,"victory":false,"max_hp_per_floor":[75,75,75,75,75,75,75,75,75,75,75,75,75,75,75,80,80],"relic_stats":{"counters":[8,55],"Snecko Eye":[85,95,104,109],"Orichalcum":[18],"Smiling Mask":0,"MawBank":48,"obtain_stats":[{"Snecko Eye":0,"Incense Burner":14,"Orichalcum":9,"Cracked Core":0,"Smiling Mask":7,"MawBank":10},{"Snecko Eye":0,"Incense Burner":7,"Orichalcum":5,"Cracked Core":0,"Smiling Mask":5,"MawBank":6},{"Snecko Eye":0,"Incense Burner":46,"Orichalcum":33,"Cracked Core":0,"Smiling Mask":33,"MawBank":43}]},"card_choices":[{"not_picked":["Cold Snap","Beam Cell"],"picked":"Coolheaded","floor":1},{"not_picked":["Turbo","Stack"],"picked":"Undo","floor":2},{"not_picked":["Rebound","Hologram"],"picked":"Echo Form","floor":3},{"not_picked":["Compile Driver","Capacitor"],"picked":"Skim","floor":5},{"not_picked":["Sweeping Beam","Skim","Stack"],"picked":"SKIP","floor":7},{"not_picked":["Gash","BootSequence"],"picked":"Streamline","floor":10},{"not_picked":["Go for the Eyes","Reprogram"],"picked":"Turbo","floor":12}],"player_experience":356764,"relics_obtained":[{"floor":7,"key":"Smiling Mask"},{"floor":9,"key":"Orichalcum"},{"floor":10,"key":"MawBank"}],"event_choices":[{"damage_healed":0,"gold_gain":0,"player_choice":"Upgraded","damage_taken":0,"max_hp_gain":0,"max_hp_loss":0,"event_name":"Upgrade Shrine","floor":4,"gold_loss":0,"cards_upgraded":["Echo Form"]},{"damage_healed":0,"gold_gain":0,"player_choice":"Searched \u00271\u0027 times","damage_taken":0,"max_hp_gain":0,"max_hp_loss":0,"event_name":"Dead Adventurer","floor":10,"gold_loss":0}],"is_beta":false,"boss_relics":[],"items_purged_floors":[],"is_endless":false,"potions_floor_spawned":[2,5],"killed_by":"Hexaghost","ascension_level":5}}