{"host":"k3osr9k2rabwc7ge","time":1609170722,"event":{"mods":["Aspiration","BaseMod","Challenge The Spire","Conspire","Energized Spire","Halation","Hubris","Infinite Spire","Minty Spire (QoL Compilation)","Quarter Circle Forward PUNCH!","Replay The Spire","StSLib","Unceasing Turn Reminder"],"gold_per_floor":[115,115,134,147,157,157,190,190,216,246,263,290,290,290,290,393,393,406,458,303,318,338,338,366,366,366,366,143,143,159,159,159],"floor_reached":31,"playtime":1845,"items_purged":[],"score":395,"play_id":"bcf88ece-6c3a-43ac-bfee-9b4b39629e3c","local_time":"20201228155202","is_ascension_mode":true,"campfire_choices":[{"data":"Replay:Undeath\u0027s Touch","floor":6,"key":"SMITH"},{"data":"hubris:ReadiedAction","floor":8,"key":"SMITH"},{"floor":15,"key":"REST"},{"floor":23,"key":"REST"},{"floor":25,"key":"REST"}],"circlet_count":0,"master_deck":["AscendersBane","Strike_R","Strike_R","Strike_R","Strike_R+1","Strike_R","Defend_R","Defend_R","Defend_R","Defend_R","Bash","Shrug It Off+1","Shockwave","hubris:ReadiedAction+1","Replay:Undeath\u0027s Touch+1","Flex","Cleave+1","Offering","Demonic Infusion","ReplayTheSpireMod:Corrosion Curse","Flex","Sentinel","Intimidate+1","Bandage Up","Uppercut"],"relics":["Burning Blood","aspiration:Nostalgia","infinitespire:DarkRift","Tiny Chest","ReplayTheSpireMod:TigerMarble","qcfpunch:Red_Gi","Kunai","halation:PinkSoulGem","conspire:RoyalGoblet","aspiration:TomeofQuesting","halation:PromiseList","Iron Hammer","Pantograph"],"acts_visited":["Exordium","TheCity"],"potions_floor_usage":[7,7,16,16,22,24,24,30],"damage_taken":[{"damage":0,"enemies":"Cultist","floor":1,"turns":2},{"damage":1,"enemies":"2 Louse","floor":3,"turns":5},{"damage":1,"enemies":"Small Slimes","floor":4,"turns":5},{"damage":16,"enemies":"3 Louse","floor":5,"turns":7},{"damage":16,"enemies":"3 Sentries","floor":7,"turns":7},{"damage":13,"enemies":"Exordium Wildlife","floor":11,"turns":4},{"damage":18,"enemies":"Replay:BlueRogue","floor":12,"turns":6},{"damage":41,"enemies":"The Guardian","floor":16,"turns":18},{"damage":23,"enemies":"conspire:FuzzyDice","floor":18,"turns":9},{"damage":23,"enemies":"2 Thieves","floor":21,"turns":3},{"damage":22,"enemies":"Snake Plant","floor":22,"turns":4},{"damage":51,"enemies":"Slavers","floor":24,"turns":4},{"damage":24,"enemies":"conspire:HollyBat","floor":30,"turns":6},{"damage":22,"enemies":"Snecko","floor":31,"turns":3}],"seed_played":"4807449368542311464","potions_obtained":[{"floor":1,"key":"infinitespire:BlackPotion"},{"floor":4,"key":"LifebloodPotion"},{"floor":11,"key":"SpeedPotion"},{"floor":12,"key":"Fire Potion"},{"floor":16,"key":"LiquidBronze"},{"floor":18,"key":"Death Potion"},{"floor":22,"key":"SpeedPotion"}],"is_trial":false,"path_per_floor":["M","$","M","M","M","R","E","R","T","?","M","E","?","?","R","B",null,"M","T","$","M","M","R","E","R","T","?","$","?","M","M"],"character_chosen":"IRONCLAD","items_purchased":["halation:PromiseList","LiquidBronze","PowerPotion","Bandage Up"],"campfire_rested":3,"item_purchase_floors":[20,28,28,28],"current_hp_per_floor":[78,78,80,80,80,80,70,70,70,70,63,51,51,35,59,24,66,49,49,49,32,16,40,10,34,34,34,34,28,14,0,0],"gold":159,"neow_bonus":"NOSTALGIA","is_daily":false,"chose_seed":false,"campfire_upgraded":2,"win_rate":0.0,"timestamp":1609170722,"path_taken":["M","$","M","M","?","R","E","R","T","?","M","E","?","?","R","BOSS","M","?","$","M","M","R","E","R","T","?","?","?","M","M"],"items_purchased_type":["Relic","Potion","Potion","Card"],"build_version":"2020-12-22","purchased_purges":0,"victory":false,"max_hp_per_floor":[80,80,80,80,80,80,80,80,80,80,80,80,80,80,80,80,80,80,80,80,80,80,80,80,80,80,80,80,80,80,80,80],"card_choices":[{"not_picked":["Intimidate","hubris:ReadiedAction"],"picked":"Shrug It Off","floor":1},{"not_picked":["Entrench","ReplayTheSpireMod:Strike From Hell"],"picked":"Shockwave","floor":3},{"not_picked":["Power Through","Flex"],"picked":"hubris:ReadiedAction","floor":4},{"not_picked":["Entrench","Clash"],"picked":"Replay:Undeath\u0027s Touch","floor":5},{"not_picked":["Battle Trance","Searing Blow"],"picked":"Flex","floor":7},{"not_picked":["Body Slam","hubris:ReadiedAction"],"picked":"Cleave","floor":11},{"not_picked":["Sentinel","Twin Strike"],"picked":"Offering","floor":12},{"not_picked":["Replay:Many Hands","Double Tap"],"picked":"Demonic Infusion","floor":16},{"not_picked":["Ghostly Armor","True Grit"],"picked":"ReplayTheSpireMod:Corrosion Curse","floor":18},{"not_picked":["Abandon","Body Slam"],"picked":"Flex","floor":21},{"not_picked":["Disarm","Armaments"],"picked":"Sentinel","floor":22},{"not_picked":["True Grit+1","Exhume"],"picked":"Intimidate+1","floor":24},{"not_picked":["hubris:CleavingFinish","ReplayTheSpireMod:Strike From Hell"],"picked":"Uppercut","floor":30}],"player_experience":852785,"relics_obtained":[{"floor":7,"key":"Tiny Chest"},{"floor":9,"key":"ReplayTheSpireMod:TigerMarble"},{"floor":12,"key":"Kunai"},{"floor":19,"key":"aspiration:TomeofQuesting"},{"floor":24,"key":"Iron Hammer"},{"floor":26,"key":"Pantograph"}],"event_choices":[{"damage_healed":0,"gold_gain":30,"player_choice":"Searched \u00272\u0027 times","damage_taken":0,"relics_obtained":["qcfpunch:Red_Gi"],"max_hp_gain":0,"max_hp_loss":0,"event_name":"Dead Adventurer","floor":10,"gold_loss":0},{"damage_healed":0,"gold_gain":0,"player_choice":"Entered Light","damage_taken":16,"max_hp_gain":0,"max_hp_loss":0,"event_name":"Shining Light","floor":14,"gold_loss":0,"cards_upgraded":["Shrug It Off","Strike_R"]},{"damage_healed":0,"gold_gain":0,"player_choice":"","damage_taken":6,"max_hp_gain":0,"max_hp_loss":0,"event_name":"Knowing Skull","floor":29,"potions_obtained":[],"gold_loss":0,"cards_obtained":[]}],"is_beta":false,"boss_relics":[{"not_picked":["Kintsugi","Electric Blood"],"picked":"conspire:RoyalGoblet"}],"items_purged_floors":[],"is_endless":false,"potions_floor_spawned":[1,4,11,12,16,18,22],"killed_by":"Snecko","ascension_level":10}}