{"host":"4tnjxquzd1sn7hrw","time":1609141020,"event":{"mods":["BaseMod","Colored Map","Downfall","Hubris","Minty Spire (QoL Compilation)","Quick Restart","StSLib"],"gold_per_floor":[99,117,117,137,137,168,194,25,51,51,66,66,66,51,66,66,66,66],"floor_reached":16,"playtime":787,"items_purged":["champ:Strike"],"score":124,"play_id":"6b133445-f97b-4979-aee2-e6f7b7364457","local_time":"20201228163700","is_ascension_mode":true,"campfire_choices":[{"data":"champ:Taunt","floor":1,"key":"SMITH"},{"data":"champ:FocusedGladiator","floor":10,"key":"SMITH"},{"data":"champ:BladeFlurry","floor":12,"key":"SMITH"}],"circlet_count":0,"master_deck":["champ:Strike","champ:Strike","champ:Defend","champ:Defend","champ:Defend","champ:Defend","champ:Execute","champ:Taunt+1","champ:PreciseThrust","champ:FocusedGladiator+1","champ:FocusedGladiator+1","champ:BladeFlurry+1","champ:SwordSigil","champ:RisingSlash","champ:RageSigil","champ:BladeFlurry"],"relics":["champ:ChampionCrown","Orichalcum","champ:LiftRelic","champ:DefensiveTrainingManual","Guardian:PocketSentry","Mango"],"acts_visited":["Exordium"],"potions_floor_usage":[6],"damage_taken":[{"damage":0,"enemies":"2 Louse","floor":2,"turns":3},{"damage":10,"enemies":"Cultist","floor":4,"turns":4},{"damage":19,"enemies":"3 Sentries","floor":6,"turns":10},{"damage":14,"enemies":"downfall:FleeingMerchant","floor":8,"turns":4},{"damage":47,"enemies":"Gremlin Nob","floor":9,"turns":5},{"damage":6,"enemies":"Jaw Worm","floor":11,"turns":2},{"damage":4,"enemies":"downfall:FleeingMerchant","floor":14,"turns":4},{"damage":0,"enemies":"3 Louse","floor":15,"turns":3},{"damage":45,"enemies":"downfall:Defect","floor":16,"turns":5}],"seed_played":"-6565390770161933654","potions_obtained":[{"floor":2,"key":"SpeedPotion"},{"floor":4,"key":"Fire Potion"},{"floor":15,"key":"Explosive Potion"}],"is_trial":false,"path_per_floor":["R","M","?","M","?","E","T","$","E","R","M","R","?","$","M","B"],"character_chosen":"THE_CHAMP","items_purchased":["champ:SwordSigil"],"campfire_rested":0,"item_purchase_floors":[8],"current_hp_per_floor":[90,90,90,90,90,81,81,77,54,54,48,48,48,44,44,0,0,0],"gold":66,"neow_bonus":"RANDOM_COMMON_RELIC","is_daily":false,"chose_seed":false,"campfire_upgraded":3,"win_rate":0.0,"timestamp":1609141020,"path_taken":["R","M","?","?","?","E","T","$","E","R","M","R","?","?","M","BOSS"],"items_purchased_type":["Card"],"build_version":"2020-12-22","purchased_purges":1,"victory":false,"max_hp_per_floor":[90,90,90,90,90,90,90,90,104,104,104,104,104,104,104,104,104,104],"card_choices":[{"not_picked":["champ:BringItOn","champ:FlashCut"],"picked":"champ:PreciseThrust","floor":2},{"not_picked":["champ:ViciousMockery","champ:Backstep"],"picked":"champ:FocusedGladiator","floor":4},{"not_picked":["champ:StrikeOfGenius","champ:Backstep"],"picked":"champ:FocusedGladiator","floor":6},{"not_picked":["champ:Lariat","champ:FightOn"],"picked":"champ:BladeFlurry","floor":8},{"not_picked":["champ:Balance","champ:Devastate"],"picked":"champ:RisingSlash","floor":9},{"not_picked":["champ:EndlessRage","champ:PreciseThrust","champ:Circumvent"],"picked":"SKIP","floor":11},{"not_picked":["champ:TornadoPunch","champ:Encircle"],"picked":"champ:RageSigil","floor":14},{"not_picked":["champ:TornadoPunch","champ:FightOn"],"picked":"champ:BladeFlurry","floor":15}],"player_experience":510595,"relics_obtained":[{"floor":6,"key":"champ:DefensiveTrainingManual"},{"floor":7,"key":"Guardian:PocketSentry"},{"floor":9,"key":"Mango"}],"event_choices":[{"cards_removed":["champ:Strike"],"damage_healed":0,"gold_gain":0,"player_choice":"Purged","damage_taken":0,"max_hp_gain":0,"max_hp_loss":0,"event_name":"Purifier","floor":3,"gold_loss":0}],"is_beta":false,"boss_relics":[],"items_purged_floors":[8],"is_endless":false,"potions_floor_spawned":[2,4,15],"killed_by":"downfall:Defect","ascension_level":3}}