{"host":"56ghxnzsglgdq727","time":1609135957,"event":{"mods":["AchievementEnabler","BaseMod","Minty Spire (QoL Compilation)"],"gold_per_floor":[113,38,38,38,38,38,54,88,135,135,154,229,229,248,248,344,344,362,362,362,262,281,281,281,281],"floor_reached":24,"playtime":594,"items_purged":["Shame","Clothesline"],"score":227,"play_id":"dd8fa46c-068e-4917-901b-8ba992dd8e1b","local_time":"20201228011237","is_ascension_mode":true,"campfire_choices":[{"data":"Body Slam","floor":6,"key":"SMITH"},{"floor":10,"key":"REST"},{"data":"Bash","floor":13,"key":"SMITH"},{"data":"Demon Form","floor":15,"key":"SMITH"},{"floor":23,"key":"REST"}],"circlet_count":0,"master_deck":["Bash+1","Body Slam+1","Body Slam","Demon Form+1","Berserk+1","Feel No Pain","Spot Weakness","Double Tap","Sword Boomerang","Entrench","Disarm","Thunderclap","Intimidate"],"relics":["Burning Blood","Bottled Flame","Mummified Hand","PreservedInsect","Pandora\u0027s Box"],"acts_visited":["Exordium","TheCity"],"potions_floor_usage":[8,22,24],"damage_taken":[{"damage":17,"enemies":"Small Slimes","floor":1,"turns":4},{"damage":9,"enemies":"2 Louse","floor":7,"turns":3},{"damage":27,"enemies":"3 Sentries","floor":8,"turns":11},{"damage":11,"enemies":"Jaw Worm","floor":11,"turns":3},{"damage":0,"enemies":"Red Slaver","floor":14,"turns":4},{"damage":55,"enemies":"Hexaghost","floor":16,"turns":8},{"damage":59,"enemies":"2 Thieves","floor":18,"turns":4},{"damage":15,"enemies":"Spheric Guardian","floor":22,"turns":3},{"damage":64,"enemies":"Slavers","floor":24,"turns":4}],"seed_played":"2410573631211928623","potions_obtained":[{"floor":1,"key":"SpeedPotion"},{"floor":7,"key":"Dexterity Potion"},{"floor":11,"key":"ElixirPotion"},{"floor":18,"key":"BloodPotion"}],"is_trial":false,"path_per_floor":["M","$","?","?","T","R","M","E","T","R","M","?","R","M","R","B",null,"M","?","?","$","M","R","E"],"character_chosen":"IRONCLAD","items_purchased":[],"campfire_rested":2,"item_purchase_floors":[],"current_hp_per_floor":[85,85,66,66,66,66,63,42,42,70,65,54,54,60,60,11,96,43,24,24,24,35,65,1,1],"gold":281,"neow_bonus":"TWENTY_PERCENT_HP_BONUS","is_daily":false,"chose_seed":false,"campfire_upgraded":3,"win_rate":0.0,"timestamp":1609135957,"path_taken":["M","$","?","?","?","R","M","E","T","R","?","?","R","M","R","BOSS","M","?","?","$","M","R","E"],"items_purchased_type":[],"build_version":"2020-12-22","purchased_purges":2,"victory":false,"max_hp_per_floor":[96,96,96,96,96,96,96,96,96,96,96,96,96,96,96,96,96,96,101,101,101,101,101,101,101],"card_choices":[{"not_picked":["Rage","Thunderclap"],"picked":"Body Slam","floor":1},{"not_picked":["Pommel Strike","Hemokinesis","True Grit"],"picked":"SKIP","floor":7},{"not_picked":["Spot Weakness","Heavy Blade","Evolve"],"picked":"SKIP","floor":8},{"not_picked":["Clash","Headbutt"],"picked":"Body Slam","floor":11},{"not_picked":["Body Slam","Pommel Strike"],"picked":"Demon Form","floor":14},{"not_picked":["Limit Break","Fiend Fire"],"picked":"Berserk","floor":16},{"not_picked":["Wild Strike","Perfected Strike","Bloodletting+1"],"picked":"SKIP","floor":18},{"not_picked":["Anger","Flex","Clash+1"],"picked":"SKIP","floor":22}],"player_experience":33064,"relics_obtained":[{"floor":5,"key":"Bottled Flame"},{"floor":8,"key":"Mummified Hand"},{"floor":9,"key":"PreservedInsect"}],"event_choices":[{"damage_healed":0,"gold_gain":0,"player_choice":"Entered Light","damage_taken":19,"max_hp_gain":0,"max_hp_loss":0,"event_name":"Shining Light","floor":3,"gold_loss":0,"cards_upgraded":["Defend_R","Strike_R"]},{"damage_healed":0,"gold_gain":0,"player_choice":"Leave","damage_taken":0,"max_hp_gain":0,"max_hp_loss":0,"event_name":"The Cleric","floor":4,"gold_loss":0},{"damage_healed":0,"gold_gain":75,"player_choice":"Gather Gold","damage_taken":11,"max_hp_gain":0,"max_hp_loss":0,"event_name":"World of Goop","floor":12,"gold_loss":0},{"damage_healed":0,"gold_gain":0,"player_choice":"Shed Blood","damage_taken":24,"max_hp_gain":5,"max_hp_loss":0,"event_name":"Forgotten Altar","floor":19,"gold_loss":0},{"damage_healed":0,"gold_gain":0,"player_choice":"Forge","damage_taken":0,"max_hp_gain":0,"max_hp_loss":0,"event_name":"Accursed Blacksmith","floor":20,"gold_loss":0,"cards_upgraded":["Berserk"]}],"is_beta":false,"boss_relics":[{"not_picked":["Velvet Choker","Snecko Eye"],"picked":"Pandora\u0027s Box"}],"items_purged_floors":[2,21],"is_endless":false,"potions_floor_spawned":[1,7,11,18],"killed_by":"Slavers","ascension_level":1}}