{"host":"zt8a6xk8zi449pm4","time":1609174857,"event":{"mods":["AchievementEnabler","Aspiration","BaseMod","Conspire","Energized Spire","Infinite Spire","Minty Spire (QoL Compilation)","Rare Cards Sparkle","Relic Stats","Replay The Spire","StSLib"],"gold_per_floor":[115,40,40,40,64,89,89,115,115,115,130,142,492,767,767,862,962,982,560,576,576,588,588,588,602,602,612,624,624,656,670,670,765,765,775,775,792,807,807,807,534,534,534,534,551,583,583,583],"floor_reached":47,"playtime":4147,"items_purged":["Strike_G","Normality","Pain","ReplayTheSpireMod:Doomed"],"score":709,"play_id":"76a2997e-1a68-4f9b-bb58-b9955a727d4e","local_time":"20201228170057","is_ascension_mode":true,"campfire_choices":[{"data":"Reflex","floor":7.0,"key":"SMITH"},{"floor":10.0,"key":"REST"},{"data":"Endless Agony","floor":15.0,"key":"SMITH"},{"floor":23.0,"key":"REST"},{"floor":32.0,"key":"REST"},{"floor":40.0,"key":"REST"},{"data":"Replay:Fractal Strike","floor":42.0,"key":"SMITH"},{"data":"Choke","floor":44.0,"key":"SMITH"}],"circlet_count":0,"master_deck":["Strike_G","Strike_G","Strike_G","Strike_G","Defend_G","Defend_G","Defend_G","Defend_G","Defend_G","Survivor","Neutralize","Endless Agony+1","Reflex+1","Slice","Spreading Infection","Hallucinations","Regret","Sickly","Hallucinations","Storm of Steel+1","Underhanded Strike","Backstab","Blade Dance","Choke","Choke+1","Slice","Deflect+1","Voices","Prepared+1","Masterful Stab","ReplayTheSpireMod:Brewmster+1","Flash of Steel","ReplayTheSpireMod:Splinters","Acrobatics","Deflect","Replay:Fractal Strike+1","Prepared","Slice","Amnesia","ReplayTheSpireMod:Shiv Toss+1","Replay:ManipulateFuture"],"relics":["Snecko Scales","Replay:Mystery Machine","Tiny Chest","Replay:Bottled Snecko","aspiration:Lifesprig","ReplayTheSpireMod:Ring of Addiction","Ring of Greed","SacredBark","Potion Belt","Old Coin","Blue Doll","Replay:Wanted Poster","Nunchaku","Mercury Hourglass","Replay:Bottled Flurry","PrismaticShard","Lizard Tail","Cursed Key","Prayer Wheel","Iron Hammer","Guide Book","Membership Card","Darkstone Periapt","Chameleon Ring"],"acts_visited":["Exordium","TheCity","TheBeyond"],"potions_floor_usage":[47,47,47],"damage_taken":[{"damage":0.0,"enemies":"2 Louse","floor":1.0,"turns":2.0},{"damage":3.0,"enemies":"Lagavulin","floor":6.0,"turns":11.0},{"damage":18.0,"enemies":"Gremlin Nob","floor":8.0,"turns":4.0},{"damage":0.0,"enemies":"Jaw Worm","floor":11.0,"turns":3.0},{"damage":0.0,"enemies":"Small Slimes","floor":12.0,"turns":2.0},{"damage":6.0,"enemies":"Hexaghost","floor":16.0,"turns":6.0},{"damage":6.0,"enemies":"3 Byrds","floor":18.0,"turns":5.0},{"damage":8.0,"enemies":"2 Thieves","floor":20.0,"turns":3.0},{"damage":19.0,"enemies":"Sentry and Sphere","floor":22.0,"turns":4.0},{"damage":6.0,"enemies":"Chosen and Byrds","floor":25.0,"turns":3.0},{"damage":0.0,"enemies":"3 Cultists","floor":27.0,"turns":4.0},{"damage":17.0,"enemies":"Centurion and Healer","floor":28.0,"turns":4.0},{"damage":0.0,"enemies":"Book of Stabbing","floor":30.0,"turns":4.0},{"damage":0.0,"enemies":"Snecko","floor":31.0,"turns":2.0},{"damage":22.0,"enemies":"conspire:MysteriousRune","floor":33.0,"turns":7.0},{"damage":4.0,"enemies":"Orb Walker","floor":35.0,"turns":4.0},{"damage":0.0,"enemies":"3 Darklings","floor":37.0,"turns":1.0},{"damage":20.0,"enemies":"Sphere and 2 Shapes","floor":38.0,"turns":2.0},{"damage":13.0,"enemies":"Writhing Mass","floor":45.0,"turns":4.0},{"damage":109.0,"enemies":"Nightmare","floor":46.0,"turns":9.0},{"damage":16,"enemies":"4 Shapes","floor":47,"turns":3}],"seed_played":"1074131173235591594","potions_obtained":[{"floor":8.0,"key":"Strength Potion"},{"floor":12.0,"key":"BlessingOfTheForge"},{"floor":13.0,"key":"Strength Potion"},{"floor":13.0,"key":"Strength Potion"},{"floor":13.0,"key":"AttackPotion"},{"floor":16.0,"key":"Swift Potion"},{"floor":20.0,"key":"BlessingOfTheForge"},{"floor":24.0,"key":"LifebloodPotion"},{"floor":24.0,"key":"Energy Potion"},{"floor":24.0,"key":"SkillPotion"},{"floor":27.0,"key":"Block Potion"},{"floor":28.0,"key":"ColorlessPotion"},{"floor":31.0,"key":"BlessingOfTheForge"},{"floor":35.0,"key":"Milkshake"},{"floor":46.0,"key":"SpeedPotion"}],"is_trial":false,"path_per_floor":["M","$","?","?","T","E","R","E","T","R","M","M","?","?","R","B",null,"M","$","M","T","M","R","?","M","T","M","M","?","E","M","R","B",null,"M","T","M","M","AVR","R","$","R","T","R","M","NM","M"],"character_chosen":"THE_SILENT","items_purchased":["Backstab","Blade Dance","Choke","Nunchaku","Prepared","Slice","Membership Card"],"campfire_rested":4,"item_purchase_floors":[19,19,19,19,41,41,41],"current_hp_per_floor":[70,70,70,70,70,67,67,49,49,70,70,70,70,70,70,64,70,64,64,56,56,37,58,58,52,52,52,35,27,27,27,47,25,68,64,64,64,44,44,64,64,64,64,64,51,13,0,0],"gold":583,"neow_bonus":"BOSS_RELIC","is_daily":false,"chose_seed":false,"campfire_upgraded":4,"win_rate":0.0,"timestamp":1609174857,"path_taken":["M","$","?","?","?","E","R","E","T","R","M","?","?","?","R","BOSS","M","$","M","?","M","R","?","M","T","?","M","?","E","M","R","BOSS","M","?","?","M","AVR","R","?","R","T","R","M","NM","M"],"items_purchased_type":["Card","Card","Card","Relic","Card","Card","Relic"],"build_version":"2020-12-22","purchased_purges":4,"victory":false,"max_hp_per_floor":[70,70,70,70,70,70,70,70,70,70,70,70,70,70,70,70,70,70,70,70,70,70,70,68,68,68,68,68,68,68,68,68,68,68,68,68,68,68,68,68,68,66,66,66,64,64,64,64],"relic_stats":{"Darkstone Periapt":0,"Nunchaku":[21],"Lizard Tail":32,"counters":[21,86],"Tiny Chest":2,"Prayer Wheel":4,"Cursed Key":2,"obtain_stats":[{"Darkstone Periapt":43,"aspiration:Lifesprig":8,"SacredBark":13,"Blue Doll":13,"Replay:Mystery Machine":3,"PrismaticShard":29,"Cursed Key":34,"Old Coin":13,"Replay:Wanted Poster":17,"Nunchaku":19,"Lizard Tail":30,"Chameleon Ring":46,"Tiny Chest":5,"Prayer Wheel":35,"Iron Hammer":36,"Replay:Bottled Flurry":26,"Replay:Bottled Snecko":6,"Ring of the Snake":0,"Potion Belt":13,"ReplayTheSpireMod:Ring of Addiction":13,"Guide Book":39,"Ring of Greed":13,"Mercury Hourglass":21,"Snecko Scales":0,"Membership Card":41},{"Darkstone Periapt":18,"aspiration:Lifesprig":3,"SacredBark":5,"Blue Doll":5,"Replay:Mystery Machine":1,"PrismaticShard":12,"Cursed Key":15,"Old Coin":5,"Replay:Wanted Poster":6,"Nunchaku":7,"Lizard Tail":13,"Chameleon Ring":20,"Tiny Chest":1,"Prayer Wheel":16,"Iron Hammer":16,"Replay:Bottled Flurry":10,"Replay:Bottled Snecko":2,"Ring of the Snake":0,"Potion Belt":5,"ReplayTheSpireMod:Ring of Addiction":5,"Guide Book":18,"Ring of Greed":5,"Mercury Hourglass":8,"Snecko Scales":0,"Membership Card":18},{"Darkstone Periapt":70,"aspiration:Lifesprig":17,"SacredBark":22,"Blue Doll":22,"Replay:Mystery Machine":2,"PrismaticShard":50,"Cursed Key":63,"Old Coin":22,"Replay:Wanted Poster":28,"Nunchaku":33,"Lizard Tail":54,"Chameleon Ring":83,"Tiny Chest":2,"Prayer Wheel":64,"Iron Hammer":67,"Replay:Bottled Flurry":43,"Replay:Bottled Snecko":13,"Ring of the Snake":0,"Potion Belt":22,"ReplayTheSpireMod:Ring of Addiction":22,"Guide Book":70,"Ring of Greed":22,"Mercury Hourglass":36,"Snecko Scales":0,"Membership Card":70}],"Mercury Hourglass":[193]},"card_choices":[{"not_picked":["Bane","Poisoned Stab"],"picked":"Endless Agony","floor":1.0},{"not_picked":["Finisher","Deflect"],"picked":"Reflex","floor":6.0},{"not_picked":["Catalyst","Outmaneuver","ReplayTheSpireMod:Necrosis"],"picked":"SKIP","floor":8.0},{"not_picked":["Poisoned Stab","Flying Knee","Dodge and Roll"],"picked":"SKIP","floor":11.0},{"not_picked":["Well Laid Plans","Outmaneuver"],"picked":"Slice","floor":12.0},{"not_picked":["Wraith Form v2","Atom Bomb"],"picked":"Storm of Steel","floor":16.0},{"not_picked":["Poisoned Stab","Sucker Punch"],"picked":"Underhanded Strike","floor":18.0},{"not_picked":["Phantasmal Killer","PiercingWail","Dodge and Roll"],"picked":"SKIP","floor":20.0},{"not_picked":["Dagger Spray+1","Draining Mist+1"],"picked":"Slice","floor":22.0},{"not_picked":["Flying Knee","Crippling Poison","Dodge and Roll"],"picked":"SKIP","floor":25.0},{"not_picked":["conspire:DoublingDagger","Predator"],"picked":"Deflect+1","floor":27.0},{"not_picked":["Leg Sweep","Endless Agony"],"picked":"Prepared+1","floor":28.0},{"not_picked":["Endless Agony","Expertise"],"picked":"Masterful Stab","floor":29.0},{"not_picked":["Protect","ReplayTheSpireMod:Limb From Limb"],"picked":"ReplayTheSpireMod:Brewmster","floor":30.0},{"not_picked":["ReplayTheSpireMod:Muscle Training","Flechettes+1"],"picked":"Flash of Steel","floor":31.0},{"not_picked":["Machine Learning","Adrenaline"],"picked":"ReplayTheSpireMod:Fabricate Wheel","floor":33.0},{"not_picked":["Armaments+1","Footwork"],"picked":"Acrobatics","floor":35.0},{"not_picked":["ReplayTheSpireMod:Stacked+1","BasicCrystalCard"],"picked":"Deflect","floor":35.0},{"not_picked":["WreathOfFlame","FollowUp","Shrug It Off+1"],"picked":"SKIP","floor":37.0},{"not_picked":["Sunder","FlyingSleeves+1","Time Bomb"],"picked":"SKIP","floor":37.0},{"not_picked":["Perfected Strike","Ball Lightning","Skewer+1"],"picked":"SKIP","floor":38.0},{"not_picked":["Thunderclap+1","BowlingBash","Nirvana+1"],"picked":"SKIP","floor":38.0},{"not_picked":["Purity","Finisher+1"],"picked":"ReplayTheSpireMod:Shiv Toss+1","floor":45.0},{"not_picked":["Footwork+1","Cleave+1","ReplayReversal+1"],"picked":"SKIP","floor":45.0},{"not_picked":["Clothesline+1","Clash"],"picked":"Replay:ManipulateFuture","floor":46.0}],"player_experience":280238,"relics_obtained":[{"floor":3.0,"key":"Replay:Mystery Machine"},{"floor":5.0,"key":"Tiny Chest"},{"floor":6.0,"key":"Replay:Bottled Snecko"},{"floor":8.0,"key":"aspiration:Lifesprig"},{"floor":13.0,"key":"ReplayTheSpireMod:Ring of Addiction"},{"floor":13.0,"key":"Ring of Greed"},{"floor":13.0,"key":"SacredBark"},{"floor":13.0,"key":"Potion Belt"},{"floor":13.0,"key":"Old Coin"},{"floor":13.0,"key":"Blue Doll"},{"floor":21.0,"key":"Mercury Hourglass"},{"floor":26.0,"key":"Replay:Bottled Flurry"},{"floor":29.0,"key":"PrismaticShard"},{"floor":30.0,"key":"Lizard Tail"},{"floor":36.0,"key":"Iron Hammer"},{"floor":43.0,"key":"Darkstone Periapt"},{"floor":46.0,"key":"Chameleon Ring"}],"event_choices":[{"damage_healed":0.0,"max_hp_gain":0.0,"max_hp_loss":0.0,"gold_gain":0.0,"event_name":"conspire:Investor","player_choice":"Leave","floor":4.0,"gold_loss":0.0,"damage_taken":0.0},{"damage_healed":0.0,"max_hp_gain":0.0,"max_hp_loss":0.0,"gold_gain":275.0,"event_name":"Golden Shrine","player_choice":"Desecrate","floor":14.0,"gold_loss":0.0,"damage_taken":0.0,"cards_obtained":["Regret"]},{"damage_healed":0.0,"max_hp_gain":0.0,"max_hp_loss":0.0,"gold_gain":0.0,"event_name":"Lab","player_choice":"Got Potions","floor":24.0,"gold_loss":0.0,"damage_taken":0.0}],"is_beta":false,"boss_relics":[{"not_picked":["energizedSpire:OgreHead","Sozu"],"picked":"Replay:Wanted Poster"},{"not_picked":["ReplayTheSpireMod:SealedPack","ReplayTheSpireMod:DimensionalGlitch"],"picked":"Cursed Key"}],"items_purged_floors":[2,19,39,41],"is_endless":true,"potions_floor_spawned":[8,12,16,20,27,28,31,35,46],"killed_by":"4 Shapes","ascension_level":2}}