{"host":"k9ktbd3ums043v5c","time":1609142908,"event":{"mods":["BaseMod","GifTheSpireLib","Googly Eyes","KinomotoSakuraMod(木之本樱)","Lobotomy","LobotomyExtend","Luminous","Marisa（F雨　魔理沙）","Minty Spire (QoL Compilation)","SIMod","StSLib","SuperFastMode","The Gatherer","Yuyuko","【功能Mod】聪明的最终Boss"],"gold_per_floor":[117,127,127,127,127,127,127],"floor_reached":6,"playtime":523,"items_purged":[],"score":34,"play_id":"635faeb4-b0e0-40bb-9b8b-1c02b369c3ee","local_time":"20201228160828","is_ascension_mode":false,"campfire_choices":[],"circlet_count":0,"master_deck":["Strike_AJ","Strike_TS","Strike_RD","Defend_TS","Defend_PP","Defend_AJ","ConcertedEfforts","HarmonyShield","KillingWithKindness","BigBird","BehindTheScene","GemstoneDetection","Magic"],"relics":["The_element_of_harmony","CogitoBucket","LetterFromLob","Album"],"acts_visited":["Exordium"],"potions_floor_usage":[2],"damage_taken":[{"damage":2,"enemies":"2 Louse","floor":1,"turns":4},{"damage":2,"enemies":"Jaw Worm","floor":2,"turns":6},{"damage":111,"enemies":"Gremlin Nob","floor":6,"turns":6}],"seed_played":"-4220808544268058819","potions_obtained":[{"floor":2,"key":"Fruit Juice"}],"is_trial":false,"path_per_floor":["M","M","?","?","T","E"],"character_chosen":"TWI_CLASS","items_purchased":[],"campfire_rested":0,"item_purchase_floors":[],"current_hp_per_floor":[80,83,83,76,76,0,0],"gold":127,"neow_bonus":"","is_daily":false,"chose_seed":false,"campfire_upgraded":0,"win_rate":0.0,"timestamp":1609142908,"path_taken":["M","M","?","?","?","E"],"items_purchased_type":[],"build_version":"2020-12-22","purchased_purges":0,"victory":false,"max_hp_per_floor":[82,87,87,87,87,87,87],"card_choices":[{"not_picked":["RunningOfTheLeaves"],"picked":"KillingWithKindness","floor":1},{"not_picked":["Return_To_Past"],"picked":"Generousity","floor":1},{"not_picked":["WhitesApple","Wellcheers"],"picked":"BigBird","floor":1},{"not_picked":["Louder"],"picked":"BehindTheScene","floor":2},{"not_picked":["FriendOfNature"],"picked":"GemstoneDetection","floor":2},{"not_picked":["ShyLook","CrumblingArmor"],"picked":"Funeral","floor":2}],"player_experience":10228,"relics_obtained":[{"floor":1,"key":"LetterFromLob"},{"floor":5,"key":"Album"}],"event_choices":[{"damage_healed":0,"gold_gain":0,"cards_transformed":["Defend_FS"],"player_choice":"Change","damage_taken":0,"max_hp_gain":0,"max_hp_loss":0,"event_name":"Living Wall","floor":3,"gold_loss":0,"cards_obtained":["Magic"]},{"cards_removed":["Strike_RR"],"damage_healed":0,"gold_gain":0,"player_choice":"Card Removal","damage_taken":7,"max_hp_gain":0,"max_hp_loss":0,"event_name":"Golden Wing","floor":4,"gold_loss":0}],"is_beta":false,"boss_relics":[],"items_purged_floors":[],"is_endless":false,"potions_floor_spawned":[2],"killed_by":"Gremlin Nob","ascension_level":0}}