{"host":"g907ck67u7c3hrs6","time":1609124722,"event":{"mods":["BaseMod","DeckTracker","Highlight Path","Keyboard Shortcuts","Minty Spire (QoL Compilation)","Permanent Neow","Say the Spire","SuperFastMode"],"gold_per_floor":[159,159,334,114,174,229,269,374,374,374,399,319,374,409,409,609,609,619,659,724,219,219,274,314,369,369,434,434,130,130,10,10,110,110,200,215,255,295,295,350,390,430,430,460,525,580,20,60,60,85],"floor_reached":51,"playtime":3253,"items_purged":["Doubt","Strike_P","Strike_P","Strike_P","Defend_P"],"score":974,"play_id":"0e5fb88e-2794-49ab-a3d2-de22c37eb016","local_time":"20201228120522","daily_mods":["Allstar","Colorless Cards","Night Terrors"],"is_ascension_mode":false,"campfire_choices":[{"floor":15.0,"key":"REST"},{"floor":32.0,"key":"REST"},{"floor":49,"key":"REST"}],"circlet_count":0,"master_deck":["Strike_P+1","Defend_P","Defend_P+1","Eruption","Vigilance","Chrysalis","Dark Shackles","HandOfGreed+1","Apotheosis+1","Impatience","Establishment+1","Protect","BattleHymn","EmptyMind","SpiritShield","EmptyMind","Crescendo","MentalFortress","MentalFortress","ClearTheMind","Adaptation","Adaptation","Protect","Fasting2","MentalFortress","Panache","EmptyBody+1","Perseverance+1","ReachHeaven+1","Crescendo","ClearTheMind+1","MentalFortress","MentalFortress","DeceiveReality","EmptyMind","MentalFortress+1","Adaptation"],"relics":["PureWater","Pear","Dream Catcher","The Courier","Potion Belt","Gremlin Horn","SlaversCollar","Lantern","Vajra","Bag of Marbles","Anchor","Bottled Lightning","Centennial Puzzle","Damaru","Cursed Key","Smiling Mask","Whetstone","Mercury Hourglass","Lizard Tail","Oddly Smooth Stone"],"acts_visited":["Exordium","TheCity","TheBeyond"],"potions_floor_usage":[46,50,50,50,50,50],"damage_taken":[{"damage":0.0,"enemies":"Small Slimes","floor":1.0,"turns":6.0},{"damage":1.0,"enemies":"2 Louse","floor":5.0,"turns":4.0},{"damage":14.0,"enemies":"Gremlin Nob","floor":6.0,"turns":6.0},{"damage":7.0,"enemies":"Jaw Worm","floor":7.0,"turns":5.0},{"damage":37.0,"enemies":"3 Sentries","floor":8.0,"turns":9.0},{"damage":4.0,"enemies":"Gremlin Nob","floor":13.0,"turns":3.0},{"damage":0.0,"enemies":"Exordium Wildlife","floor":14.0,"turns":4.0},{"damage":15.0,"enemies":"Slime Boss","floor":16.0,"turns":20.0},{"damage":13.0,"enemies":"2 Thieves","floor":18.0,"turns":4.0},{"damage":17.0,"enemies":"Shell Parasite","floor":19.0,"turns":9.0},{"damage":7.0,"enemies":"Shelled Parasite and Fungi","floor":20.0,"turns":8.0},{"damage":0.0,"enemies":"Book of Stabbing","floor":23.0,"turns":6.0},{"damage":21.0,"enemies":"3 Cultists","floor":24.0,"turns":5.0},{"damage":0.0,"enemies":"Gremlin Leader","floor":25.0,"turns":7.0},{"damage":0.0,"enemies":"Centurion and Healer","floor":27.0,"turns":4.0},{"damage":18.0,"enemies":"Collector","floor":33.0,"turns":6.0},{"damage":0.0,"enemies":"3 Shapes","floor":35.0,"turns":11.0},{"damage":0.0,"enemies":"3 Darklings","floor":36.0,"turns":5.0},{"damage":1.0,"enemies":"Maw","floor":37.0,"turns":10.0},{"damage":0.0,"enemies":"Spire Growth","floor":38.0,"turns":5.0},{"damage":0.0,"enemies":"Giant Head","floor":40.0,"turns":10.0},{"damage":9.0,"enemies":"3 Darklings","floor":41.0,"turns":12.0},{"damage":6.0,"enemies":"Jaw Worm Horde","floor":42.0,"turns":4.0},{"damage":11,"enemies":"Nemesis","floor":44,"turns":5},{"damage":1,"enemies":"4 Shapes","floor":45,"turns":11},{"damage":0,"enemies":"Reptomancer","floor":46,"turns":6},{"damage":0,"enemies":"Maw","floor":48,"turns":9},{"damage":13,"enemies":"Awakened One","floor":50,"turns":12}],"seed_played":"3313543068594885719","potions_obtained":[{"floor":5.0,"key":"SkillPotion"},{"floor":6.0,"key":"DuplicationPotion"},{"floor":14.0,"key":"Explosive Potion"},{"floor":16.0,"key":"Energy Potion"},{"floor":18.0,"key":"PowerPotion"},{"floor":24.0,"key":"SpeedPotion"},{"floor":37.0,"key":"BlessingOfTheForge"},{"floor":41.0,"key":"Strength Potion"},{"floor":44,"key":"ColorlessPotion"},{"floor":46,"key":"Ancient Potion"}],"is_trial":false,"path_per_floor":["M","?","?","$","M","E","M","E","T","?","T","$","E","M","R","B",null,"M","M","M","$","?","E","M","E","T","M","?","$","?","$","R","B",null,"M","M","M","M","?","E","M","M","T","E","M","E","$","M","R","B",null],"character_chosen":"WATCHER","items_purchased":["Establishment","MentalFortress","ClearTheMind","Adaptation","Lantern","Vajra","Centennial Puzzle","MentalFortress","Damaru","MentalFortress","Lizard Tail","DeceiveReality","EmptyMind","Oddly Smooth Stone"],"campfire_rested":3,"item_purchase_floors":[4,21,21,21,21,21,29,29,31,47,47,47,47,47],"current_hp_per_floor":[72,72,72,72,71,67,60,23,23,7,7,7,3,3,77,62,77,64,47,40,40,40,40,19,19,19,19,19,19,19,19,72,54,72,72,72,71,71,71,71,62,56,56,45,44,44,44,44,67,54],"gold":85,"neow_bonus":"","is_daily":true,"chose_seed":false,"campfire_upgraded":0,"win_rate":0.0,"timestamp":1609124722,"path_taken":["M","?","?","$","?","E","M","E","T","?","?","$","E","M","R","BOSS","M","M","M","$","?","E","M","E","T","M","?","$","?","?","R","BOSS","M","M","M","M","?","E","M","M","T","E","M","E","$","M","R","BOSS"],"items_purchased_type":["Card","Card","Card","Card","Relic","Relic","Relic","Card","Relic","Card","Relic","Card","Card","Relic"],"build_version":"2020-12-22","purchased_purges":5,"victory":true,"max_hp_per_floor":[72,72,72,72,72,82,82,82,82,82,82,82,82,82,77,77,77,77,77,77,77,77,77,77,77,77,77,77,77,77,77,72,72,72,72,72,72,72,72,72,72,72,72,72,72,72,72,72,67,67],"card_choices":[{"not_picked":["Dark Shackles","EmptyBody","Consecrate"],"picked":"SKIP","floor":1.0},{"not_picked":["Conclude","CrushJoints"],"picked":"Protect","floor":5.0},{"not_picked":["FlyingSleeves","Deep Breath"],"picked":"BattleHymn","floor":6.0},{"not_picked":["EmptyBody","EmptyFist"],"picked":"EmptyMind","floor":7.0},{"not_picked":["FlurryOfBlows","Perseverance"],"picked":"SpiritShield","floor":8.0},{"not_picked":["Mayhem","Sanctity","Pray"],"picked":"SKIP","floor":13.0},{"not_picked":["Prostrate","Crescendo"],"picked":"EmptyMind","floor":14.0},{"not_picked":["Wireheading","Impatience"],"picked":"Crescendo","floor":15.0},{"not_picked":["ThirdEye+1","Impatience","EmptyBody"],"picked":"SKIP","floor":18.0},{"not_picked":["FollowUp","JustLucky"],"picked":"MentalFortress","floor":19.0},{"not_picked":["EmptyBody","Pray","Establishment"],"picked":"SKIP","floor":20.0},{"not_picked":["ClearTheMind","ThirdEye+1"],"picked":"Adaptation","floor":23.0},{"not_picked":["JustLucky","FollowUp","ThirdEye+1"],"picked":"SKIP","floor":24.0},{"not_picked":["Prostrate","Deep Breath"],"picked":"Protect","floor":25.0},{"not_picked":["JustLucky","Purity"],"picked":"Fasting2","floor":27.0},{"not_picked":["Judgement","Mayhem"],"picked":"Panache","floor":33.0},{"not_picked":["SashWhip","EmptyBody+1","SignatureMove+1"],"picked":"SKIP","floor":35.0},{"not_picked":["SashWhip","SignatureMove+1"],"picked":"EmptyBody+1","floor":35.0},{"not_picked":["Pray+1","Wireheading+1"],"picked":"Perseverance+1","floor":36.0},{"not_picked":["EmptyBody+1","Impatience"],"picked":"ReachHeaven+1","floor":37.0},{"not_picked":["SignatureMove","Wireheading","JustLucky+1"],"picked":"SKIP","floor":38.0},{"not_picked":["ConjureBlade","Prostrate"],"picked":"Crescendo","floor":40.0},{"not_picked":["Swift Strike","SashWhip+1","Nirvana"],"picked":"SKIP","floor":41.0},{"not_picked":["Protect","Evaluate+1","FollowUp"],"picked":"SKIP","floor":42.0},{"not_picked":["Judgement","Halt+1","PathToVictory+1"],"picked":"SKIP","floor":44},{"not_picked":["Purity","Wireheading+1"],"picked":"ClearTheMind+1","floor":45},{"not_picked":["Brilliance","PathToVictory"],"picked":"MentalFortress","floor":46},{"not_picked":["WaveOfTheHand+1","EmptyBody"],"picked":"MentalFortress+1","floor":48},{"not_picked":["BowlingBash","CrushJoints+1"],"picked":"Adaptation","floor":49}],"player_experience":193152,"relics_obtained":[{"floor":6.0,"key":"Pear"},{"floor":8.0,"key":"Dream Catcher"},{"floor":9.0,"key":"The Courier"},{"floor":11.0,"key":"Potion Belt"},{"floor":13.0,"key":"Gremlin Horn"},{"floor":23.0,"key":"Bag of Marbles"},{"floor":25.0,"key":"Anchor"},{"floor":26.0,"key":"Bottled Lightning"},{"floor":40.0,"key":"Smiling Mask"},{"floor":44,"key":"Whetstone"},{"floor":46,"key":"Mercury Hourglass"}],"event_choices":[{"damage_healed":0.0,"max_hp_gain":0.0,"max_hp_loss":0.0,"gold_gain":0.0,"event_name":"Living Wall","player_choice":"Grow","floor":2.0,"gold_loss":0.0,"damage_taken":0.0,"cards_upgraded":["Apotheosis"]},{"damage_healed":0.0,"max_hp_gain":0.0,"max_hp_loss":0.0,"gold_gain":175.0,"event_name":"Liars Game","player_choice":"AGREE","floor":3.0,"gold_loss":0.0,"damage_taken":0.0,"cards_obtained":["Doubt"]},{"damage_healed":0.0,"max_hp_gain":0.0,"max_hp_loss":0.0,"gold_gain":0.0,"event_name":"Shining Light","player_choice":"Entered Light","floor":10.0,"gold_loss":0.0,"damage_taken":16.0,"cards_upgraded":["Establishment","Defend_P"]},{"damage_healed":0.0,"max_hp_gain":0.0,"max_hp_loss":0.0,"gold_gain":0.0,"event_name":"Ghosts","player_choice":"Ignored","floor":22.0,"gold_loss":0.0,"damage_taken":0.0},{"cards_removed":["Defend_P"],"damage_healed":0.0,"max_hp_gain":0.0,"max_hp_loss":0.0,"gold_gain":0.0,"event_name":"Back to Basics","player_choice":"Elegance","floor":28.0,"gold_loss":0.0,"damage_taken":0.0},{"damage_healed":0.0,"max_hp_gain":0.0,"max_hp_loss":0.0,"gold_gain":0.0,"event_name":"Cursed Tome","player_choice":"Ignored","floor":30.0,"gold_loss":0.0,"damage_taken":0.0},{"damage_healed":0.0,"max_hp_gain":0.0,"max_hp_loss":0.0,"gold_gain":0.0,"event_name":"Tomb of Lord Red Mask","player_choice":"Ignored","floor":39.0,"gold_loss":0.0,"damage_taken":0.0}],"is_beta":false,"boss_relics":[{"not_picked":["Snecko Eye","Astrolabe"],"picked":"SlaversCollar"},{"not_picked":["Sozu","Coffee Dripper"],"picked":"Cursed Key"}],"items_purged_floors":[4,12,21,29,47],"is_endless":false,"potions_floor_spawned":[5,6,14,16,18,24,37,41,42,44,45,46],"ascension_level":0}}