{"host":"2uzrezb18q7r18aw","time":1609184375,"event":{"mods":["Act Like it!","BaseMod","Gensokyo","Minty Spire (QoL Compilation)","StSLib"],"gold_per_floor":[110,137,137,62,76,104,114,132,156,316,329,362,381,381,381,485,485,500,513,253,266,283,458,472,505,555,353,353,377,399,428,428,537,537,548,548,571,88,114,145,94,125,212,212,87,104,115,128,128,128],"floor_reached":51,"playtime":2266,"items_purged":["Strike_G","Doubt","Decay"],"score":973,"play_id":"58d92537-4da7-4749-8722-19a4736638bf","local_time":"20201229043935","is_ascension_mode":false,"campfire_choices":[{"floor":15.0,"key":"REST"},{"data":"Accuracy","floor":28.0,"key":"SMITH"},{"data":"Leg Sweep","floor":32.0,"key":"SMITH"},{"data":"Gensokyo:TurboGranny","floor":44.0,"key":"SMITH"},{"data":"Burst","floor":49.0,"key":"SMITH"}],"circlet_count":0,"master_deck":["Strike_G","Defend_G","Defend_G","Defend_G","Survivor","Neutralize+1","Phantasmal Killer+1","Envenom+1","After Image+1","Dagger Spray","Backflip","Cloak And Dagger+1","Accuracy+1","Infinite Blades","Blade Dance+1","PiercingWail","Burst+1","Finisher","Gensokyo:MenInBlack","Cloak And Dagger+1","Calculated Gamble","Leg Sweep+1","Blur+1","Adrenaline","Blade Dance+1","Gensokyo:TurboGranny+1","Accuracy+1","Predator+1","Gensokyo:CustomPotion","Injury"],"relics":["Astrolabe","Bottled Lightning","Orichalcum","Potion Belt","Old Coin","War Paint","Cursed Key","Snake Skull","Incense Burner","Ornamental Fan","Akabeko","CeramicFish","Busted Crown","DollysMirror","Toy Ornithopter","StoneCalendar","Blood Vial","Frozen Egg 2","Pear","CaptainsWheel"],"acts_visited":["Exordium","Gensokyo:Gensokyo","Gensokyo:Gensokyoer"],"potions_floor_usage":[50,50,50],"damage_taken":[{"damage":0.0,"enemies":"Gensokyo:3_Fairies","floor":1.0,"turns":5.0},{"damage":10.0,"enemies":"Gensokyo:Cirno","floor":2.0,"turns":6.0},{"damage":0.0,"enemies":"Gensokyo:2_Kodama","floor":5.0,"turns":2.0},{"damage":12.0,"enemies":"Gensokyo:Cirno","floor":6.0,"turns":6.0},{"damage":0.0,"enemies":"Gensokyo:Gryphon","floor":7.0,"turns":3.0},{"damage":8.0,"enemies":"Gensokyo:3_Kodama","floor":8.0,"turns":5.0},{"damage":7.0,"enemies":"Gensokyo:Gryphon_and_Rabbit","floor":11.0,"turns":5.0},{"damage":8.0,"enemies":"Gensokyo:Aya","floor":12.0,"turns":6.0},{"damage":0.0,"enemies":"Gensokyo:VengefulSpirit","floor":13.0,"turns":2.0},{"damage":1.0,"enemies":"Gensokyo:Yukari","floor":16.0,"turns":5.0},{"damage":0.0,"enemies":"Gensokyo:2_Gloops","floor":18.0,"turns":4.0},{"damage":0.0,"enemies":"Gensokyo:CosmicMonolith","floor":19.0,"turns":2.0},{"damage":13.0,"enemies":"Gensokyo:Wraith","floor":21.0,"turns":5.0},{"damage":13.0,"enemies":"Gensokyo:3_Gloops","floor":22.0,"turns":5.0},{"damage":12.0,"enemies":"Gensokyo:Tenshi","floor":23.0,"turns":4.0},{"damage":0.0,"enemies":"Gensokyo:Swordslinger","floor":24.0,"turns":3.0},{"damage":4.0,"enemies":"Gensokyo:Koishi","floor":25.0,"turns":6.0},{"damage":0.0,"enemies":"Gensokyo:Slime_Group","floor":30.0,"turns":4.0},{"damage":1.0,"enemies":"Gensokyo:Wraith","floor":31.0,"turns":5.0},{"damage":0.0,"enemies":"Gensokyo:Eiki","floor":33.0,"turns":8.0},{"damage":1.0,"enemies":"Gensokyo:AncientGuardian","floor":35.0,"turns":5.0},{"damage":0.0,"enemies":"Gensokyo:3_Boulders","floor":37.0,"turns":4.0},{"damage":5.0,"enemies":"Gensokyo:4_Bats","floor":39.0,"turns":4.0},{"damage":3.0,"enemies":"Gensokyo:Doremy","floor":40.0,"turns":6.0},{"damage":0.0,"enemies":"Gensokyo:Kasen","floor":42.0,"turns":7.0},{"damage":0.0,"enemies":"Gensokyo:SeedOfUnknown","floor":46.0,"turns":4.0},{"damage":1.0,"enemies":"Gensokyo:Sharpion","floor":47.0,"turns":3.0},{"damage":0.0,"enemies":"Gensokyo:3_Boulders","floor":48.0,"turns":5.0},{"damage":0,"enemies":"Gensokyo:Yuyuko","floor":50,"turns":7}],"seed_played":"-4427850764458794965","potions_obtained":[{"floor":2.0,"key":"GamblersBrew"},{"floor":8.0,"key":"Fire Potion"},{"floor":11.0,"key":"Block Potion"},{"floor":12.0,"key":"Fire Potion"},{"floor":16.0,"key":"GhostInAJar"},{"floor":19.0,"key":"DuplicationPotion"},{"floor":22.0,"key":"LiquidMemories"},{"floor":23.0,"key":"Regen Potion"},{"floor":33.0,"key":"SpeedPotion"},{"floor":35.0,"key":"SkillPotion"},{"floor":40.0,"key":"SneckoOil"},{"floor":46.0,"key":"Fruit Juice"},{"floor":47.0,"key":"SpeedPotion"}],"is_trial":false,"path_per_floor":["M","?","?","$","M","E","M","M","T","?","M","E","M","?","R","B",null,"M","M","COS","M","M","E","M","E","T","$","R","T","M","M","R","B",null,"M","?","M","COS","M","E","?","E","T","R","$","M","M","M","R","B",null],"character_chosen":"THE_SILENT","items_purchased":["GhostInAJar"],"campfire_rested":1,"item_purchase_floors":[27],"current_hp_per_floor":[70,60,60,60,60,48,48,40,40,40,33,25,25,11,32,31,70,70,70,70,57,44,32,32,43,43,43,43,43,43,42,42,42,70,69,69,69,69,64,66,66,66,76,76,76,85,84,85,85,85],"gold":128,"neow_bonus":"BOSS_RELIC","is_daily":false,"chose_seed":false,"campfire_upgraded":4,"win_rate":0.0,"timestamp":1609184375,"path_taken":["M","?","?","?","M","E","M","M","T","?","M","E","?","?","R","BOSS","M","M","COS","M","M","E","?","E","T","$","R","?","M","M","R","BOSS","M","?","M","COS","M","E","?","E","T","R","$","M","?","M","R","BOSS"],"items_purchased_type":["Potion"],"build_version":"2020-12-22","purchased_purges":3,"victory":true,"max_hp_per_floor":[70,70,70,70,70,70,70,70,70,70,70,70,70,70,70,70,70,70,70,70,70,70,70,70,70,70,70,70,70,70,70,70,70,70,70,70,70,70,70,70,70,70,80,80,80,85,85,85,85,85],"card_choices":[{"not_picked":["Cloak And Dagger","Flying Knee"],"picked":"Dagger Spray","floor":1.0},{"not_picked":["Outmaneuver","Dagger Spray"],"picked":"Backflip","floor":2.0},{"not_picked":["Acrobatics","Backflip"],"picked":"Cloak And Dagger","floor":5.0},{"not_picked":["Envenom","All Out Attack"],"picked":"Grand Finale","floor":6.0},{"not_picked":["Underhanded Strike","Sucker Punch"],"picked":"Accuracy","floor":7.0},{"not_picked":["Accuracy","Acrobatics"],"picked":"Infinite Blades","floor":8.0},{"not_picked":["PiercingWail","Bane"],"picked":"Blade Dance","floor":11.0},{"not_picked":["Flechettes","Envenom","Bouncing Flask"],"picked":"SKIP","floor":12.0},{"not_picked":["Acrobatics","Crippling Poison"],"picked":"PiercingWail","floor":13.0},{"not_picked":["Storm of Steel","Doppelganger"],"picked":"Burst","floor":16.0},{"not_picked":["Deflect","Dodge and Roll"],"picked":"Finisher","floor":18.0},{"not_picked":["Distraction","Bane+1","Slice"],"picked":"SKIP","floor":19.0},{"not_picked":["Sucker Punch","Bane","Underhanded Strike+1"],"picked":"SKIP","floor":21.0},{"not_picked":["Dagger Throw+1","Riddle With Holes"],"picked":"Cloak And Dagger+1","floor":22.0},{"not_picked":["Backflip","Poisoned Stab"],"picked":"Calculated Gamble","floor":23.0},{"not_picked":["Flying Knee","Dodge and Roll","Poisoned Stab+1"],"picked":"SKIP","floor":24.0},{"not_picked":["Reflex","Calculated Gamble","Underhanded Strike"],"picked":"SKIP","floor":25.0},{"not_picked":["Concentrate","Quick Slash+1"],"picked":"Leg Sweep","floor":30.0},{"not_picked":["Predator","Bane"],"picked":"Blur+1","floor":31.0},{"not_picked":["Malaise","Bullet Time"],"picked":"Adrenaline","floor":33.0},{"not_picked":["Riddle With Holes"],"picked":"SKIP","floor":35.0},{"not_picked":[],"picked":"Blade Dance+1","floor":37.0},{"not_picked":["Predator+1"],"picked":"SKIP","floor":39.0},{"not_picked":[],"picked":"Predator+1","floor":39.0},{"not_picked":["Envenom"],"picked":"SKIP","floor":40.0},{"not_picked":["Burst"],"picked":"SKIP","floor":42.0},{"not_picked":["Blade Dance"],"picked":"SKIP","floor":46.0},{"not_picked":["Eviscerate+1"],"picked":"SKIP","floor":47.0},{"not_picked":["PiercingWail"],"picked":"SKIP","floor":48.0}],"player_experience":582258,"relics_obtained":[{"floor":2.0,"key":"Bottled Lightning"},{"floor":6.0,"key":"Orichalcum"},{"floor":9.0,"key":"Potion Belt"},{"floor":12.0,"key":"War Paint"},{"floor":23.0,"key":"Incense Burner"},{"floor":25.0,"key":"Ornamental Fan"},{"floor":26.0,"key":"Akabeko"},{"floor":29.0,"key":"CeramicFish"},{"floor":40.0,"key":"StoneCalendar"},{"floor":42.0,"key":"Frozen Egg 2"},{"floor":43.0,"key":"Pear"}],"event_choices":[],"is_beta":false,"boss_relics":[{"not_picked":["Sozu","Runic Dome"],"picked":"Cursed Key"},{"not_picked":["Snecko Eye","Calling Bell"],"picked":"Busted Crown"}],"items_purged_floors":[4,27,45],"is_endless":false,"potions_floor_spawned":[2,8,11,12,16,19,22,23,33,35,40,46,47],"ascension_level":0}}