{"host":"qxeepl7ydvsgmfdb","time":1609163715,"event":{"mods":["AchievementEnabler","BaseMod","Colored Powertips","Minty Spire (QoL Compilation)","Quick Restart","slay the spire mod where everything is the same but ironclad has a cowboy hat"],"gold_per_floor":[118,68,68,87,61,87,99,99,99,99,99,126,140,140,140,242,242,211,211,211,226,52,52,31,31,31,31,31,60,73,84,84,186,186,203,77,96,32,50,50,60,60,60,60,60,60],"floor_reached":45,"playtime":2678,"items_purged":["Writhe"],"score":582,"play_id":"c8db30d1-c0a3-448c-a184-5702eade0ea8","local_time":"20201228085515","is_ascension_mode":true,"campfire_choices":[{"data":"Chill","floor":11.0,"key":"SMITH"},{"floor":15.0,"key":"REST"},{"floor":23.0,"key":"REST"},{"floor":28.0,"key":"REST"},{"floor":32.0,"key":"REST"},{"floor":40.0,"key":"REST"},{"floor":44.0,"key":"REST"}],"circlet_count":0,"master_deck":["Strike_B","Strike_B","Strike_B","Defend_B","Defend_B","Defend_B","Defend_B","Zap","Dualcast+1","Redo","Dark Shackles","Sweeping Beam","Chill+1","Chaos+1","Hologram+1","Leap+1","Electrodynamics","CurseOfTheBell","Redo+1","Genetic Algorithm+1","Cold Snap","RitualDagger","Chaos+1","Rainbow+1","Turbo+1","Capacitor","BootSequence+1","Defragment","Parasite","Self Repair+1"],"relics":["Cracked Core","NeowsBlessing","InkBottle","Toxic Egg 2","Dream Catcher","Pantograph","Centennial Puzzle","Gremlin Horn","Turnip","The Courier","MutagenicStrength","Pen Nib","Kunai","Nloth\u0027s Gift","Blue Candle","Orichalcum","Ginger"],"acts_visited":["Exordium","TheCity","TheBeyond"],"potions_floor_usage":[45],"damage_taken":[{"damage":0.0,"enemies":"2 Louse","floor":1.0,"turns":1.0},{"damage":0.0,"enemies":"Small Slimes","floor":4.0,"turns":1.0},{"damage":0.0,"enemies":"Gremlin Nob","floor":6.0,"turns":1.0},{"damage":0.0,"enemies":"Cultist","floor":7.0,"turns":3.0},{"damage":25.0,"enemies":"3 Sentries","floor":12.0,"turns":6.0},{"damage":1.0,"enemies":"Blue Slaver","floor":13.0,"turns":3.0},{"damage":25.0,"enemies":"The Guardian","floor":16.0,"turns":14.0},{"damage":13.0,"enemies":"2 Thieves","floor":18.0,"turns":5.0},{"damage":25.0,"enemies":"Shell Parasite","floor":21.0,"turns":7.0},{"damage":54.0,"enemies":"Gremlin Leader","floor":29.0,"turns":6.0},{"damage":7.0,"enemies":"Snake Plant","floor":30.0,"turns":4.0},{"damage":0.0,"enemies":"3 Cultists","floor":31.0,"turns":4.0},{"damage":31.0,"enemies":"Collector","floor":33.0,"turns":12.0},{"damage":21.0,"enemies":"3 Darklings","floor":35.0,"turns":5.0},{"damage":36.0,"enemies":"3 Shapes","floor":37.0,"turns":4.0},{"damage":10.0,"enemies":"Writhing Mass","floor":39.0,"turns":7.0},{"damage":8.0,"enemies":"4 Shapes","floor":41.0,"turns":4.0},{"damage":67,"enemies":"Transient","floor":45,"turns":4}],"seed_played":"-5265239032794089124","potions_obtained":[{"floor":4.0,"key":"DuplicationPotion"},{"floor":13.0,"key":"Explosive Potion"},{"floor":16.0,"key":"Dexterity Potion"},{"floor":21.0,"key":"SkillPotion"},{"floor":31.0,"key":"Explosive Potion"},{"floor":35.0,"key":"AttackPotion"},{"floor":41.0,"key":"LiquidMemories"}],"is_trial":false,"path_per_floor":["M","?","?","M","$","E","M","?","T","$","R","E","M","T","R","B",null,"M","?","?","M","$","R","$","?","T","?","R","E","M","M","R","B",null,"M","$","M","$","M","R","M","?","T","R","M"],"character_chosen":"DEFECT","items_purchased":["Sweeping Beam","Pen Nib","Cold Snap","Orichalcum","Defragment"],"campfire_rested":6,"item_purchase_floors":[5,22,24,36,38],"current_hp_per_floor":[75,75,75,75,75,75,75,60,60,60,60,35,34,34,56,50,75,62,62,62,37,37,59,59,53,53,53,75,21,14,14,36,30,75,54,54,18,18,8,30,22,22,22,44,0,0],"gold":60,"neow_bonus":"THREE_ENEMY_KILL","is_daily":false,"chose_seed":false,"campfire_upgraded":1,"win_rate":0.0,"timestamp":1609163715,"path_taken":["M","?","?","?","$","E","M","?","T","?","R","E","?","?","R","BOSS","M","?","?","M","$","R","$","?","T","?","R","E","?","M","R","BOSS","M","?","M","$","M","R","M","?","T","R","?"],"items_purchased_type":["Card","Relic","Card","Relic","Card"],"build_version":"2020-12-22","purchased_purges":1,"victory":false,"max_hp_per_floor":[75,75,75,75,75,75,75,75,75,75,75,75,75,75,75,75,75,75,75,75,75,75,75,75,75,75,75,75,75,75,75,75,75,75,75,75,75,75,75,75,75,75,75,75,75,75],"card_choices":[{"not_picked":["Go for the Eyes","Sweeping Beam"],"picked":"Redo","floor":1.0},{"not_picked":["Turbo","Stack","Redo"],"picked":"SKIP","floor":4.0},{"not_picked":["All For One","Static Discharge"],"picked":"Chill","floor":6.0},{"not_picked":["FTL","Consume"],"picked":"Chaos","floor":7.0},{"not_picked":["Skim+1","Gash"],"picked":"Hologram+1","floor":12.0},{"not_picked":["Storm","Streamline","Tempest+1"],"picked":"SKIP","floor":13.0},{"not_picked":["Auto Shields+1","Sunder"],"picked":"Leap+1","floor":15.0},{"not_picked":["Buffer","Amplify+1"],"picked":"Electrodynamics","floor":16.0},{"not_picked":["Loop","Stack+1","Sweeping Beam"],"picked":"SKIP","floor":18.0},{"not_picked":["Conserve Battery+1","Darkness+1"],"picked":"Redo+1","floor":21.0},{"not_picked":["Redo+1","FTL"],"picked":"Genetic Algorithm+1","floor":23.0},{"not_picked":["Hologram+1","Redo+1"],"picked":"Chaos+1","floor":28.0},{"not_picked":["Steam+1","Reboot+1"],"picked":"Rainbow+1","floor":29.0},{"not_picked":["Sunder","Seek+1"],"picked":"Turbo+1","floor":30.0},{"not_picked":["Conserve Battery+1","Reprogram+1"],"picked":"Capacitor","floor":31.0},{"not_picked":["Sunder","Barrage+1"],"picked":"BootSequence+1","floor":35.0},{"not_picked":["Recycle+1","Scrape+1","Hello World"],"picked":"SKIP","floor":37.0},{"not_picked":["Cold Snap+1","Hyperbeam","Gash"],"picked":"SKIP","floor":39.0},{"not_picked":["Barrage+1","All For One"],"picked":"Self Repair+1","floor":41.0}],"player_experience":413102,"relics_obtained":[{"floor":6.0,"key":"InkBottle"},{"floor":9.0,"key":"Toxic Egg 2"},{"floor":12.0,"key":"Dream Catcher"},{"floor":14.0,"key":"Pantograph"},{"floor":17.0,"key":"Centennial Puzzle"},{"floor":17.0,"key":"Gremlin Horn"},{"floor":17.0,"key":"Turnip"},{"floor":26.0,"key":"Kunai"},{"floor":29.0,"key":"Blue Candle"},{"floor":43.0,"key":"Ginger"}],"event_choices":[{"cards_removed":["Strike_B"],"damage_healed":0.0,"max_hp_gain":0.0,"max_hp_loss":0.0,"gold_gain":0.0,"event_name":"The Cleric","player_choice":"Card Removal","floor":2.0,"gold_loss":50.0,"damage_taken":0.0},{"damage_healed":0.0,"max_hp_gain":0.0,"max_hp_loss":0.0,"gold_gain":0.0,"event_name":"Match and Keep!","player_choice":"1 cards matched","floor":3.0,"gold_loss":0.0,"damage_taken":0.0,"cards_obtained":["Dark Shackles"]},{"damage_healed":0.0,"max_hp_gain":0.0,"max_hp_loss":0.0,"gold_gain":0.0,"event_name":"Shining Light","player_choice":"Entered Light","floor":8.0,"gold_loss":0.0,"damage_taken":15.0,"cards_upgraded":["Dualcast","Chaos"]},{"damage_healed":0.0,"max_hp_gain":0.0,"max_hp_loss":0.0,"gold_gain":0.0,"event_name":"The Mausoleum","player_choice":"Opened","floor":19.0,"gold_loss":0.0,"damage_taken":0.0,"relics_obtained":["The Courier"],"cards_obtained":["Writhe"]},{"damage_healed":0.0,"max_hp_gain":0.0,"max_hp_loss":0.0,"gold_gain":0.0,"event_name":"Drug Dealer","player_choice":"Inject Mutagens","floor":20.0,"gold_loss":0.0,"damage_taken":0.0,"relics_obtained":["MutagenicStrength"]},{"damage_healed":0.0,"max_hp_gain":0.0,"max_hp_loss":0.0,"gold_gain":0.0,"event_name":"Nest","player_choice":"Joined the Cult","floor":25.0,"gold_loss":0.0,"damage_taken":6.0,"cards_obtained":["RitualDagger"]},{"damage_healed":0.0,"max_hp_gain":0.0,"max_hp_loss":0.0,"gold_gain":0.0,"event_name":"N\u0027loth","player_choice":"Traded Relic","floor":27.0,"relics_lost":["Calling Bell"],"gold_loss":0.0,"damage_taken":0.0,"relics_obtained":["Nloth\u0027s Gift"]},{"damage_healed":0.0,"max_hp_gain":0.0,"max_hp_loss":0.0,"gold_gain":0.0,"event_name":"Duplicator","player_choice":"Ignored","floor":42.0,"gold_loss":0.0,"damage_taken":0.0}],"is_beta":false,"boss_relics":[{"not_picked":["Empty Cage","Philosopher\u0027s Stone"],"picked":"Calling Bell"},{"not_picked":["Fusion Hammer","Busted Crown","SlaversCollar"]}],"items_purged_floors":[22],"is_endless":false,"potions_floor_spawned":[4,13,16,21,31,35,41],"killed_by":"Transient","ascension_level":4}}