{"host":"cjhtzh7tp54jdfyv","time":1609199051,"event":{"mods":["AchievementEnabler","BaseMod","Colored Map","Colored Powertips","Curses Come First","DeckTracker","Filter the Spire","Hermit","Minty Spire (QoL Compilation)","RNG Fix","Relic Sorter","Relic Stats","StSLib","The Cursed","The Disciple","The Marked","UnlockEverythingMod","Waifu the Spire","ojb\u0027s Better Paths Mod","ojb\u0027s Info Mod"],"gold_per_floor":[109,74,85,99,22,22,57,69,94,123,123,142,158,158,158],"floor_reached":14,"playtime":906,"items_purged":[],"score":204,"play_id":"15c1bee1-b11e-4b23-936e-2b383ee583ad","local_time":"20201228184411","is_ascension_mode":true,"campfire_choices":[{"data":"TheCursedMod:VitalStrike","floor":6,"key":"SMITH"}],"circlet_count":0,"master_deck":["AscendersBane","TheCursedMod:Strike_TheCursed","TheCursedMod:Strike_TheCursed","TheCursedMod:Strike_TheCursed","TheCursedMod:Strike_TheCursed","TheCursedMod:Defend_TheCursed","TheCursedMod:Defend_TheCursed","TheCursedMod:Defend_TheCursed","TheCursedMod:Defend_TheCursed","TheCursedMod:CursedWand","TheCursedMod:CleanUpWorkshop","TheCursedMod:Dregs","TheCursedMod:CursedRelics","TheCursedMod:FuryStrike","TheCursedMod:VitalStrike+1","TheCursedMod:HellsGateOpen","TheCursedMod:Hemoplague","TheCursedMod:TacticalStrike","TheCursedMod:Obscuration","TheCursedMod:SpitefulPlan","Pain","TheCursedMod:FleshFromBone","TheCursedMod:Wield"],"relics":["TheCursedMod:BlackMagic101","Torii","Potion Belt","Mummified Hand","WarpedTongs"],"acts_visited":["Exordium"],"potions_floor_usage":[7,7,14],"damage_taken":[{"damage":12,"enemies":"Cultist","floor":1,"turns":5},{"damage":3,"enemies":"Small Slimes","floor":3,"turns":5},{"damage":7,"enemies":"Jaw Worm","floor":4,"turns":3},{"damage":19,"enemies":"Lagavulin","floor":7,"turns":7},{"damage":2,"enemies":"Looter","floor":8,"turns":3},{"damage":23,"enemies":"3 Sentries","floor":10,"turns":7},{"damage":5,"enemies":"Large Slime","floor":12,"turns":4},{"damage":2,"enemies":"Red Slaver","floor":13,"turns":3},{"damage":18,"enemies":"Gremlin Nob","floor":14,"turns":3}],"seed_played":"-6945961972865840735","potions_obtained":[{"floor":1,"key":"SpeedPotion"},{"floor":4,"key":"PowerPotion"},{"floor":13,"key":"Weak Potion"}],"is_trial":false,"path_per_floor":["M","?","M","M","$","R","E","M","T","E","?","M","M","E"],"character_chosen":"THE_CURSED","items_purchased":["TheCursedMod:Hemoplague"],"campfire_rested":0,"item_purchase_floors":[5],"current_hp_per_floor":[52,69,66,59,59,59,40,38,38,15,15,10,8,0,0],"gold":158,"neow_bonus":"ONE_RANDOM_RARE_CARD","is_daily":false,"chose_seed":false,"campfire_upgraded":1,"win_rate":0.0,"timestamp":1609199051,"path_taken":["M","?","M","?","$","R","E","M","T","E","?","M","M","E"],"items_purchased_type":["Card"],"build_version":"2020-12-22","purchased_purges":0,"victory":false,"max_hp_per_floor":[71,71,71,71,71,71,71,71,71,71,71,71,71,71,71],"relic_stats":{"Torii":15,"counters":[9,40],"Mummified Hand":[7],"obtain_stats":[{"Potion Belt":9,"TheCursedMod:BlackMagic101":0,"Torii":7,"Mummified Hand":10,"WarpedTongs":11},{"Potion Belt":5,"TheCursedMod:BlackMagic101":0,"Torii":4,"Mummified Hand":6,"WarpedTongs":6},{"Potion Belt":23,"TheCursedMod:BlackMagic101":0,"Torii":20,"Mummified Hand":30,"WarpedTongs":30}],"WarpedTongs":[10]},"card_choices":[{"not_picked":["TheCursedMod:CursedArmor","TheCursedMod:DoubleShield"],"picked":"TheCursedMod:FuryStrike","floor":1},{"not_picked":["TheCursedMod:RavingStaff","TheCursedMod:CursedAmulet"],"picked":"TheCursedMod:VitalStrike","floor":3},{"not_picked":["TheCursedMod:Obscuration","TheCursedMod:FleshFromBone"],"picked":"TheCursedMod:HellsGateOpen","floor":4},{"not_picked":["TheCursedMod:CircleOfCorruption","TheCursedMod:HellsGateOpen"],"picked":"TheCursedMod:TacticalStrike","floor":7},{"not_picked":["TheCursedMod:CursedMace","TheCursedMod:SpitefulPray"],"picked":"TheCursedMod:Obscuration","floor":8},{"not_picked":["TheCursedMod:SmokeScreen","TheCursedMod:CursedSpellbook"],"picked":"TheCursedMod:SpitefulPlan","floor":10},{"not_picked":["TheCursedMod:SmokeScreen","TheCursedMod:Stigma"],"picked":"TheCursedMod:FleshFromBone","floor":12},{"not_picked":["TheCursedMod:CircleOfAmplification","TheCursedMod:CircleOfFlame"],"picked":"TheCursedMod:Wield","floor":13}],"player_experience":4490800,"relics_obtained":[{"floor":7,"key":"Torii"},{"floor":9,"key":"Potion Belt"},{"floor":10,"key":"Mummified Hand"}],"event_choices":[{"damage_healed":17,"gold_gain":0,"player_choice":"Healed","damage_taken":0,"max_hp_gain":0,"max_hp_loss":0,"event_name":"The Cleric","floor":2,"gold_loss":35},{"damage_healed":0,"gold_gain":0,"player_choice":"Rummage","damage_taken":0,"relics_obtained":["WarpedTongs"],"max_hp_gain":0,"max_hp_loss":0,"event_name":"Accursed Blacksmith","floor":11,"gold_loss":0,"cards_obtained":["Pain"]}],"is_beta":false,"boss_relics":[],"items_purged_floors":[],"is_endless":false,"potions_floor_spawned":[1,4,13],"killed_by":"Gremlin Nob","ascension_level":20}}