{"host":"hfxp6ue4pvwo3fit","time":1609143370,"event":{"mods":["AchievementEnabler","BaseMod","Colored Map","Colored Powertips","Highlight Path","Minty Spire (QoL Compilation)","StSLib","SuperFastMode"],"gold_per_floor":[115,115,140,140,51,95,95,95,95],"floor_reached":8,"playtime":169,"items_purged":[],"score":108,"play_id":"61c1a57f-be7a-472d-b669-ed4ac7c40af9","local_time":"20201228021610","is_ascension_mode":true,"campfire_choices":[{"data":"Bash","floor":7,"key":"SMITH"}],"circlet_count":0,"master_deck":["AscendersBane","Strike_R","Strike_R","Strike_R","Strike_R+1","Defend_R","Defend_R","Defend_R+1","Bash+1","Iron Wave","Battle Trance","Shrug It Off"],"relics":["Empty Cage","CeramicFish","Akabeko"],"acts_visited":["Exordium"],"potions_floor_usage":[6,8],"damage_taken":[{"damage":4,"enemies":"Small Slimes","floor":1,"turns":4},{"damage":6,"enemies":"Cultist","floor":3,"turns":3},{"damage":6,"enemies":"Gremlin Nob","floor":6,"turns":3},{"damage":29,"enemies":"3 Sentries","floor":8,"turns":7}],"seed_played":"-8162353769978364079","potions_obtained":[{"floor":6,"key":"LiquidMemories"}],"is_trial":false,"path_per_floor":["M","?","M","?","$","E","R","E"],"character_chosen":"IRONCLAD","items_purchased":["PowerPotion","Battle Trance"],"campfire_rested":0,"item_purchase_floors":[5,5],"current_hp_per_floor":[64,64,58,35,35,29,29,0,0],"gold":95,"neow_bonus":"BOSS_RELIC","is_daily":false,"chose_seed":false,"campfire_upgraded":1,"win_rate":0.0,"timestamp":1609143370,"path_taken":["M","?","?","?","$","E","R","E"],"items_purchased_type":["Potion","Card"],"build_version":"2020-12-22","purchased_purges":0,"victory":false,"max_hp_per_floor":[75,75,75,75,75,75,75,75,75],"card_choices":[{"not_picked":["Sword Boomerang","Flex"],"picked":"Anger","floor":1},{"not_picked":["Carnage","Heavy Blade"],"picked":"Iron Wave","floor":3},{"not_picked":["Bloodletting","Havoc"],"picked":"Shrug It Off","floor":6}],"player_experience":443905,"relics_obtained":[{"floor":6,"key":"Akabeko"}],"event_choices":[{"cards_removed":["Anger"],"damage_healed":0,"gold_gain":0,"player_choice":"Gave Card","damage_taken":0,"relics_obtained":["CeramicFish"],"max_hp_gain":0,"max_hp_loss":0,"event_name":"WeMeetAgain","floor":2,"gold_loss":0},{"damage_healed":0,"gold_gain":0,"player_choice":"Entered Light","damage_taken":23,"max_hp_gain":0,"max_hp_loss":0,"event_name":"Shining Light","floor":4,"gold_loss":0,"cards_upgraded":["Defend_R","Strike_R"]}],"is_beta":false,"boss_relics":[],"items_purged_floors":[],"is_endless":false,"potions_floor_spawned":[6],"killed_by":"3 Sentries","ascension_level":20}}