{"host":"1lhpgrjjhxx10cx0","time":1609130917,"event":{"mods":["Arknights The Spire","BaseMod","CapriCore","Friendly Minions","Highlight Path","Minty Spire (QoL Compilation)","Permanent Neow","Quick Restart","StSLib","The Alterego","The Animator","The Immortal","Voiceroid Mod","Waifu the Spire","Yakumo Yukari mod","≤–¡Ù÷ÆŒÔ"],"gold_per_floor":[245,209,219,144,144,144,179,179,1,1,1,1,1,35,51,51,51,51],"floor_reached":16,"playtime":527,"items_purged":["ats:Strike C","ats:Defend"],"score":106,"play_id":"662355ae-72a6-47bc-afa2-fe3a0b97b49e","local_time":"20201228124837","is_ascension_mode":false,"campfire_choices":[{"data":"ats:Poison Spread","floor":7,"key":"SMITH"},{"data":"ats:Neurotoxin","floor":10,"key":"SMITH"},{"data":"ats:Emotion Absorption","floor":12,"key":"SMITH"},{"data":"ats:Shell Defense","floor":15,"key":"SMITH"}],"circlet_count":0,"master_deck":["ats:Strike G","ats:Strike S","ats:Strike V","ats:Armor Crushing Shot","ats:Defend","ats:Defend","ats:Defend","ats:Emotion Absorption+1","ats:Poison Spread+1","ats:Neurotoxin+1","ats:Shell Defense+1","ats:Charging Defense"],"relics":["ats:Sanity","HornCleat","ats:Originium","Happy Flower","The Courier","ats:Originium","TungstenRod"],"acts_visited":["Exordium"],"potions_floor_usage":[],"damage_taken":[{"damage":8,"enemies":"Jaw Worm","floor":1,"turns":3},{"damage":8,"enemies":"Small Slimes","floor":2,"turns":4},{"damage":25,"enemies":"3 Sentries","floor":6,"turns":12},{"damage":14,"enemies":"Gremlin Nob","floor":13,"turns":4},{"damage":0,"enemies":"Cultist","floor":14,"turns":2},{"damage":20,"enemies":"Slime Boss","floor":16,"turns":12}],"seed_played":"-878578859410128049","potions_obtained":[{"floor":14,"key":"Explosive Potion"}],"is_trial":false,"path_per_floor":["M","M","$","?","?","E","R","$","T","R","?","R","E","M","R","B"],"character_chosen":"DOCTOR_CLASS","items_purchased":["ats:Neurotoxin"],"campfire_rested":0,"item_purchase_floors":[8],"current_hp_per_floor":[20,64,56,56,56,53,28,28,28,28,28,28,28,14,14,14,0,0],"gold":51,"neow_bonus":"HUNDRED_GOLD","is_daily":false,"chose_seed":false,"campfire_upgraded":4,"win_rate":0.0,"timestamp":1609130917,"path_taken":["M","M","$","?","?","E","R","$","T","R","?","R","E","?","R","BOSS"],"items_purchased_type":["Card"],"build_version":"2020-12-22","purchased_purges":2,"victory":false,"max_hp_per_floor":[72,72,72,72,72,72,72,72,72,72,72,72,72,72,72,72,72,72],"card_choices":[{"not_picked":["ats:Explosion Area Strengthen","ats:Flexible Camouflage","ats:Curse Doll"],"picked":"SKIP","floor":1},{"not_picked":["ats:Mental Burst","ats:Powerful Strike"],"picked":"ats:Poison Spread","floor":2},{"not_picked":["ats:Explosion Area Strengthen","ats:Flexible Camouflage","ats:Curse Doll"],"picked":"SKIP","floor":6},{"not_picked":["ats:Durian","ats:Mental Burst"],"picked":"ats:Shell Defense","floor":13},{"not_picked":["ats:Chain Hook","ats:Ignite"],"picked":"ats:Charging Defense","floor":14}],"player_experience":96686,"relics_obtained":[{"floor":6,"key":"ats:Originium"},{"floor":6,"key":"Happy Flower"},{"floor":9,"key":"The Courier"},{"floor":13,"key":"ats:Originium"},{"floor":13,"key":"TungstenRod"}],"event_choices":[{"damage_healed":0,"gold_gain":0,"player_choice":"Ignored","damage_taken":0,"max_hp_gain":0,"max_hp_loss":0,"event_name":"Liars Game","floor":4,"gold_loss":0},{"damage_healed":0,"gold_gain":0,"player_choice":"Success","damage_taken":3,"relics_obtained":["HornCleat"],"max_hp_gain":0,"max_hp_loss":0,"event_name":"Scrap Ooze","floor":5,"gold_loss":0}],"is_beta":false,"boss_relics":[],"items_purged_floors":[3,8],"is_endless":false,"potions_floor_spawned":[14],"killed_by":"Slime Boss","ascension_level":0}}