{"host":"odz7g4gpgch153rb","time":1609128903,"event":{"mods":["AchievementEnabler","BaseMod","Better Match","Better Third Choice","BetterRewards","GifTheSpireLib","Infinite Spire","Jedi Mod","Minty Spire (QoL Compilation)","Quick Restart","Replay The Spire","Spikes Relics","StSLib","Stuff the Spire","The Blue Laboratory","Trackpad"],"gold_per_floor":[119,119,119,137,148,148,148,148,171,188,41,61,61,75,75,149,149,159,159,159,159,178,53,53,53,79,94,94,44,73,398,398,469,469,487,295,295,315,164,164,164,182,231,265,283,283,296,518,518,518],"floor_reached":51,"playtime":4663,"items_purged":["Strike_B","Strike_B","Strike_B","Defend_B"],"score":1177,"play_id":"33f01ba6-17cf-438a-949e-d0e51f0740bb","local_time":"20201227231503","is_ascension_mode":true,"campfire_choices":[{"data":"Zap","floor":6,"key":"SMITH"},{"floor":13,"key":"REST"},{"data":"Dualcast","floor":15,"key":"SMITH"},{"data":"White Noise","floor":24,"key":"SMITH"},{"data":"Chaos","floor":28,"key":"SMITH"},{"data":"Cold Snap","floor":41,"key":"SMITH"},{"data":"Cold Snap","floor":49,"key":"SMITH"}],"circlet_count":0,"master_deck":["AscendersBane","Defend_B","Defend_B","Defend_B","Zap+1","Dualcast+1","Defragment+1","jedi:hex+1","Chaos+1","Electrodynamics+1","White Noise+1","Cold Snap+1","Glacier+1","StuffTheSpire:ForEach+1","Cold Snap+1","Cold Snap","jedi:markofdeath+1","DiskWipe+1"],"relics":["Cracked Core","Unceasing Top","Calipers","Pear","Juzu Bracelet","trackpad:IciclePrecepts","DataDisk","jedi:fakemustache","CosmicIsotope","trackpad:AdjectivePendant","HornCleat","StuffTheSpire:HeavyRock","Red Mask","Old Coin","trackpad:SappingStone","Guide Book","Dream Catcher","PreservedInsect"],"acts_visited":["Exordium","TheCity","TheBeyond"],"potions_floor_usage":[12,33,50,50],"damage_taken":[{"damage":1,"enemies":"Cultist","floor":1,"turns":3},{"damage":0,"enemies":"Small Slimes","floor":4,"turns":3},{"damage":2,"enemies":"Jaw Worm","floor":5,"turns":3},{"damage":10,"enemies":"Exordium Thugs","floor":10,"turns":3},{"damage":5,"enemies":"Gremlin Gang","floor":12,"turns":6},{"damage":0,"enemies":"Large Slime","floor":14,"turns":4},{"damage":29,"enemies":"The Guardian","floor":16,"turns":10},{"damage":1,"enemies":"Spheric Guardian","floor":18,"turns":3},{"damage":7,"enemies":"Shell Parasite","floor":22,"turns":3},{"damage":0,"enemies":"Centurion and Healer","floor":27,"turns":5},{"damage":12,"enemies":"Masked Bandits","floor":30,"turns":3},{"damage":4,"enemies":"Replay:Snechameleon","floor":31,"turns":8},{"damage":2,"enemies":"Collector","floor":33,"turns":12},{"damage":0,"enemies":"3 Shapes","floor":35,"turns":3},{"damage":0,"enemies":"3 Darklings","floor":38,"turns":4},{"damage":0,"enemies":"Maw","floor":42,"turns":6},{"damage":0,"enemies":"R_Hoarder","floor":44,"turns":9},{"damage":7,"enemies":"Sphere and 2 Shapes","floor":45,"turns":5},{"damage":0,"enemies":"4 Shapes","floor":47,"turns":4},{"damage":18,"enemies":"Replay:Hell Engine","floor":50,"turns":31}],"seed_played":"9182873422329649398","potions_obtained":[{"floor":10,"key":"Adrenaline Potion"},{"floor":14,"key":"Dexterity Potion"},{"floor":16,"key":"DuplicationPotion"},{"floor":38,"key":"Strength Potion"}],"is_trial":false,"path_per_floor":["M","?","?","M","M","R","?","?","T","M","$","M","R","M","R","B",null,"M","?","?","$","M","$","R","AVR","T","M","R","?","?","E","R","B",null,"M","$","?","M","$","$","R","M","T","E","M","?","M","?","R","B",null],"character_chosen":"DEFECT","items_purchased":["Defragment+1","Pear","Juzu Bracelet","jedi:fakemustache","trackpad:SappingStone","Cold Snap","Guide Book"],"campfire_rested":1,"item_purchase_floors":[0,0,0,11,36,36,39],"current_hp_per_floor":[31,31,31,31,29,29,34,34,34,24,34,29,54,54,54,25,71,70,70,70,70,63,68,68,68,68,68,68,68,56,52,77,75,83,83,86,86,86,86,86,86,86,86,86,79,79,79,79,79,61],"gold":518,"neow_bonus":"","is_daily":false,"chose_seed":false,"campfire_upgraded":6,"win_rate":0.0,"timestamp":1609128903,"path_taken":["M","?","?","M","M","R","?","?","T","M","$","M","R","M","R","BOSS","M","?","?","$","M","$","R","AVR","T","M","R","?","?","E","R","BOSS","M","$","?","M","?","$","R","M","T","E","M","?","M","?","R","BOSS"],"items_purchased_type":["Card","Relic","Relic","Relic","Relic","Card","Relic"],"build_version":"2020-12-22","purchased_purges":4,"victory":true,"max_hp_per_floor":[81,81,81,81,81,81,86,86,86,86,86,86,86,86,86,86,86,86,86,86,86,86,86,86,86,86,86,86,86,86,86,86,86,86,86,86,86,86,86,86,86,86,86,86,86,86,86,86,86,86],"card_choices":[{"not_picked":["Reinforced Body","Steam Power","Conserve Battery"],"picked":"SKIP","floor":1},{"not_picked":["Panic Button","Go for the Eyes","ReplaySort"],"picked":"SKIP","floor":4},{"not_picked":["Conserve Battery","Rebound"],"picked":"jedi:hex","floor":5},{"not_picked":["Rebound","Hologram"],"picked":"Chaos","floor":10},{"not_picked":["Meteor Strike","Melter","jedi:BurstFrost"],"picked":"SKIP","floor":12},{"not_picked":["Steam Power","Compile Driver","Stack"],"picked":"SKIP","floor":14},{"not_picked":["Biased Cognition","Thunder Strike"],"picked":"Electrodynamics","floor":16},{"not_picked":["Streamline","Turbo"],"picked":"White Noise","floor":18},{"not_picked":["StuffTheSpire:Plugnplay+1","Coolheaded"],"picked":"Cold Snap","floor":22},{"not_picked":["Ball Lightning","Compile Driver"],"picked":"Glacier+1","floor":27},{"not_picked":["jedi:spotbugs","jedi:hex","ReplayTheSpireMod:Fabricate Wheel"],"picked":"SKIP","floor":31},{"not_picked":["jedi:studyfrost","Machine Learning"],"picked":"StuffTheSpire:ForEach","floor":33},{"not_picked":["jedi:sharpshooter+1","Go for the Eyes+1","Stack"],"picked":"SKIP","floor":35},{"not_picked":["Aggregate","RefreshScreen"],"picked":"jedi:markofdeath+1","floor":38},{"not_picked":["ReplayTheSpireMod:System Scan","Panic Button"],"picked":"DiskWipe","floor":42},{"not_picked":["Lockon","Compile Driver","Redo+1"],"picked":"SKIP","floor":44},{"not_picked":["Conserve Battery","Turbo","jedi:BurstFrost+1"],"picked":"SKIP","floor":45},{"not_picked":["StuffTheSpire:LaunchingStrike","ReplayTheSpireMod:GoodbyeWorld+1","Sweeping Beam+1"],"picked":"SKIP","floor":47}],"player_experience":948094,"relics_obtained":[{"floor":3,"key":"trackpad:IciclePrecepts"},{"floor":9,"key":"DataDisk"},{"floor":20,"key":"trackpad:AdjectivePendant"},{"floor":26,"key":"StuffTheSpire:HeavyRock"},{"floor":30,"key":"Red Mask"},{"floor":31,"key":"Old Coin"},{"floor":43,"key":"Dream Catcher"},{"floor":44,"key":"PreservedInsect"}],"event_choices":[{"damage_healed":0,"gold_gain":0,"player_choice":"Ignored","damage_taken":119,"max_hp_gain":0,"max_hp_loss":0,"event_name":"betterThird:BetterSerpent","floor":2,"gold_loss":0},{"damage_healed":0,"gold_gain":0,"player_choice":"Donut","damage_taken":0,"max_hp_gain":5,"max_hp_loss":0,"event_name":"Big Fish","floor":7,"gold_loss":0},{"cards_removed":["Strike_B"],"damage_healed":0,"gold_gain":0,"player_choice":"Purged","damage_taken":0,"max_hp_gain":0,"max_hp_loss":0,"event_name":"Purifier","floor":19,"gold_loss":0},{"damage_healed":0,"gold_gain":0,"player_choice":"Bet on Murderer","damage_taken":0,"max_hp_gain":0,"max_hp_loss":0,"event_name":"The Joust","floor":29,"gold_loss":50},{"damage_healed":0,"gold_gain":0,"player_choice":"Fought Bandits","damage_taken":0,"max_hp_gain":0,"max_hp_loss":0,"event_name":"Masked Bandits","floor":30,"gold_loss":0},{"damage_healed":0,"gold_gain":0,"player_choice":"Upgraded","damage_taken":0,"max_hp_gain":0,"max_hp_loss":0,"event_name":"Upgrade Shrine","floor":46,"gold_loss":0,"cards_upgraded":["DiskWipe"]},{"damage_healed":0,"gold_gain":222,"player_choice":"Wore Mask","damage_taken":0,"max_hp_gain":0,"max_hp_loss":0,"event_name":"Tomb of Lord Red Mask","floor":48,"gold_loss":0}],"is_beta":false,"boss_relics":[{"not_picked":["Nuclear Battery","Sozu"],"picked":"CosmicIsotope"},{"not_picked":["ReplayTheSpireMod:SealedPack","Sandwich","StuffTheSpire:RunicConfusion"]}],"items_purged_floors":[0,0,23,25],"is_endless":false,"potions_floor_spawned":[10,14,16,18,31,38],"ascension_level":15}}