{"host":"grli52lbdph2722t","time":1609163441,"event":{"mods":["AchievementEnabler","BaseMod","Downfall","Minty Spire (QoL Compilation)","Quick Restart","StSLib"],"gold_per_floor":[0,18,18,18,34,34,59,76,1,34,63,94,19,47,59,154,154,154,164,181,195,8,41,88,88,88,88],"floor_reached":25,"playtime":1226,"items_purged":[],"score":346,"play_id":"ef5e39c4-03b5-42e3-ace7-2d7889b62db3","local_time":"20201228145041","is_ascension_mode":true,"campfire_choices":[{"data":"Apotheosis","floor":1.0,"key":"SMITH"},{"data":"champ:BerserkerStyle","floor":6.0,"key":"SMITH"},{"floor":9.0,"key":"RECALL"},{"floor":13.0,"key":"REST"},{"floor":18.0,"key":"REST"}],"circlet_count":0,"master_deck":["champ:Strike+1","champ:Strike","champ:Strike+1","champ:Strike","champ:Defend","champ:Defend","champ:Defend","champ:Defend+1","champ:Execute","champ:Taunt+1","Apotheosis+1","champ:BerserkerStyle+1","champ:Encircle","champ:EnchantShield","champ:FlashCut","champ:StanceDance","champ:VampiricStrike","champ:BladeFlurry","champ:EnchantCrown","champ:CalledShot","champ:IronFortress","champ:StanceDance+1","champ:EndlessRage","champ:Lariat+1"],"relics":["champ:ChampionCrown","Spirit Poop","downfall:HeartBlessingBlue","Kunai","Odd Mushroom","Boot","downfall:HeartBlessingRed","Dream Catcher","Black Star","Membership Card","InkBottle","War Paint","Potion Belt"],"acts_visited":["Exordium","TheCity"],"potions_floor_usage":[25],"damage_taken":[{"damage":5.0,"enemies":"2 Louse","floor":2.0,"turns":3.0},{"damage":30.0,"enemies":"Jaw Worm","floor":5.0,"turns":4.0},{"damage":9.0,"enemies":"Cultist","floor":8.0,"turns":3.0},{"damage":50.0,"enemies":"3 Sentries","floor":10.0,"turns":6.0},{"damage":31.0,"enemies":"The Mushroom Lair","floor":11.0,"turns":4.0},{"damage":41.0,"enemies":"Lagavulin","floor":12.0,"turns":7.0},{"damage":34.0,"enemies":"3 Sentries","floor":14.0,"turns":6.0},{"damage":16.0,"enemies":"Large Slime","floor":15.0,"turns":4.0},{"damage":59.0,"enemies":"downfall:Silent","floor":16.0,"turns":9.0},{"damage":75.0,"enemies":"Chosen","floor":19.0,"turns":9.0},{"damage":27.0,"enemies":"Shell Parasite","floor":20.0,"turns":4.0},{"damage":45.0,"enemies":"Cultist and Chosen","floor":21.0,"turns":8.0},{"damage":16.0,"enemies":"downfall:FleeingMerchant","floor":22.0,"turns":4.0},{"damage":49.0,"enemies":"Book of Stabbing","floor":23.0,"turns":5.0},{"damage":32,"enemies":"Snake Plant","floor":25,"turns":3}],"seed_played":"524443280816616823","potions_obtained":[{"floor":5.0,"key":"champ:OpenerPotion"},{"floor":11.0,"key":"PowerPotion"},{"floor":15.0,"key":"Strength Potion"},{"floor":19.0,"key":"Fire Potion"},{"floor":21.0,"key":"Block Potion"},{"floor":23.0,"key":"SmokeBomb"}],"is_trial":false,"path_per_floor":["R","M","?","?","M","R","T","M","R","E","?","E","R","E","M","B",null,"R","M","M","M","$","E","T","M"],"character_chosen":"THE_CHAMP","items_purchased":["Membership Card","champ:Lariat"],"campfire_rested":2,"item_purchase_floors":[22,22],"current_hp_per_floor":[81,81,81,81,61,61,61,61,71,52,37,17,47,46,60,32,83,100,45,45,37,37,30,30,0,0,0],"gold":88,"neow_bonus":"RANDOM_COLORLESS_2","is_daily":false,"chose_seed":false,"campfire_upgraded":2,"win_rate":0.0,"timestamp":1609163441,"path_taken":["R","M","?","?","?","R","T","M","R","E","?","E","R","E","M","BOSS","R","M","M","M","$","E","T","M"],"items_purchased_type":["Relic","Card"],"build_version":"2020-12-22","purchased_purges":0,"victory":false,"max_hp_per_floor":[90,90,90,90,90,90,90,90,100,100,100,100,100,100,100,100,100,100,100,100,100,100,100,100,100,100,100],"card_choices":[{"not_picked":["expansioncontent:DashGenerateEvil","Thinking Ahead"],"picked":"Apotheosis","floor":0.0},{"not_picked":["champ:Circumvent","champ:IronFortress"],"picked":"champ:BerserkerStyle","floor":2.0},{"not_picked":["champ:RageSigil","champ:Balance"],"picked":"champ:Encircle","floor":5.0},{"not_picked":["champ:FlashCut","champ:DefensiveShout"],"picked":"champ:EnchantShield","floor":8.0},{"not_picked":["champ:Haymaker","champ:BladeFlurry"],"picked":"champ:FlashCut","floor":10.0},{"not_picked":["champ:RisingSlash","champ:FocusedBerserking"],"picked":"champ:StanceDance","floor":11.0},{"not_picked":["champ:FanOfKnives","champ:FaceSlap"],"picked":"champ:VampiricStrike","floor":12.0},{"not_picked":["champ:StanceDance","champ:Aggression","champ:Backstep"],"picked":"SKIP","floor":14.0},{"not_picked":["champ:CrookedStrike","champ:RapidStrikes"],"picked":"champ:BladeFlurry","floor":15.0},{"not_picked":["champ:MurderStrike","champ:SwordThrow"],"picked":"champ:EnchantCrown","floor":16.0},{"not_picked":["champ:BringItOn","champ:PerfectedStrike"],"picked":"champ:CalledShot","floor":18.0},{"not_picked":["champ:ShieldSigil","champ:GladiatorsShout"],"picked":"champ:IronFortress","floor":19.0},{"not_picked":["champ:FightOn","champ:Backstep+1"],"picked":"champ:StanceDance+1","floor":20.0},{"not_picked":["champ:ShieldSigil+1","champ:Haymaker","champ:FlashCut"],"picked":"SKIP","floor":21.0},{"not_picked":["champ:ShieldSlam","champ:BladeFlurry"],"picked":"champ:EndlessRage","floor":22.0},{"not_picked":["champ:PreciseThrust","champ:BladeFlurry","champ:GutPunch"],"picked":"SKIP","floor":23.0}],"player_experience":4882447,"relics_obtained":[{"floor":10.0,"key":"Kunai"},{"floor":11.0,"key":"Odd Mushroom"},{"floor":12.0,"key":"Boot"},{"floor":14.0,"key":"Dream Catcher"},{"floor":23.0,"key":"InkBottle"},{"floor":23.0,"key":"War Paint"},{"floor":24.0,"key":"Potion Belt"}],"event_choices":[{"cards_removed":["Regret"],"damage_healed":0.0,"max_hp_gain":0.0,"max_hp_loss":0.0,"gold_gain":0.0,"event_name":"Bonfire Elementals","player_choice":"Offered Curse","floor":4.0,"gold_loss":0.0,"damage_taken":0.0,"relics_obtained":["Spirit Poop"]},{"damage_healed":0.0,"max_hp_gain":0.0,"max_hp_loss":0.0,"gold_gain":0.0,"event_name":"Mushrooms","player_choice":"Fought Mushrooms","floor":11.0,"gold_loss":0.0,"damage_taken":0.0}],"is_beta":false,"boss_relics":[{"not_picked":["Coffee Dripper","Philosopher\u0027s Stone"],"picked":"Black Star"}],"items_purged_floors":[],"is_endless":false,"potions_floor_spawned":[5,11,15,19,21,23],"killed_by":"Snake Plant","ascension_level":9}}