{"host":"i09pxcjttd31eh4q","time":1609165112,"event":{"mods":["AchievementEnabler","BaseMod","Colored Map","Keyboard Shortcuts","Minty Spire (QoL Compilation)","StSLib","SuperFastMode"],"gold_per_floor":[119,119,133,152,163,193,193,213,238,238,269,269,279,294,294,294,294],"floor_reached":16,"playtime":279,"items_purged":[],"score":228,"play_id":"8bd5a97f-2e4c-48d3-a498-23b0a9dcf077","local_time":"20201228231832","is_ascension_mode":true,"campfire_choices":[{"data":"Zap","floor":7,"key":"SMITH"},{"floor":10,"key":"REST"},{"data":"Streamline","floor":12,"key":"SMITH"},{"data":"Coolheaded","floor":15,"key":"SMITH"}],"circlet_count":0,"master_deck":["AscendersBane","Strike_B","Strike_B","Strike_B","Strike_B","Defend_B","Defend_B","Defend_B","Defend_B","Zap+1","Dualcast","Chaos+1","Conserve Battery","Coolheaded+1","Coolheaded","Sweeping Beam","Streamline+1","Self Repair","Hologram","Leap"],"relics":["Cracked Core","NeowsBlessing","Strawberry","Juzu Bracelet","Pen Nib"],"acts_visited":["Exordium"],"potions_floor_usage":[6,8],"damage_taken":[{"damage":0,"enemies":"Jaw Worm","floor":1,"turns":1},{"damage":0,"enemies":"Cultist","floor":3,"turns":1},{"damage":6,"enemies":"2 Louse","floor":4,"turns":2},{"damage":8,"enemies":"Blue Slaver","floor":5,"turns":3},{"damage":40,"enemies":"Gremlin Nob","floor":6,"turns":4},{"damage":0,"enemies":"Lots of Slimes","floor":8,"turns":1},{"damage":15,"enemies":"Lagavulin","floor":11,"turns":7},{"damage":3,"enemies":"Red Slaver","floor":13,"turns":5},{"damage":4,"enemies":"Looter","floor":14,"turns":4},{"damage":35,"enemies":"Hexaghost","floor":16,"turns":9}],"seed_played":"2337854626586264856","potions_obtained":[{"floor":3,"key":"EssenceOfSteel"},{"floor":4,"key":"FocusPotion"},{"floor":5,"key":"Explosive Potion"}],"is_trial":false,"path_per_floor":["M","?","M","M","M","E","R","M","T","R","E","R","M","M","R","B"],"character_chosen":"DEFECT","items_purchased":[],"campfire_rested":1,"item_purchase_floors":[],"current_hp_per_floor":[64,64,64,58,50,17,17,17,17,40,25,25,29,32,32,0,0],"gold":294,"neow_bonus":"THREE_ENEMY_KILL","is_daily":false,"chose_seed":false,"campfire_upgraded":3,"win_rate":0.0,"timestamp":1609165112,"path_taken":["M","?","M","?","M","E","R","M","T","R","E","R","M","M","R","BOSS"],"items_purchased_type":[],"build_version":"2020-12-22","purchased_purges":0,"victory":false,"max_hp_per_floor":[71,71,71,71,71,78,78,78,78,78,78,78,78,78,78,78,78],"card_choices":[{"not_picked":["Rebound","Streamline"],"picked":"Chaos","floor":1},{"not_picked":["Sweeping Beam","Stack"],"picked":"Conserve Battery","floor":3},{"not_picked":["Compile Driver","Turbo"],"picked":"Coolheaded","floor":4},{"not_picked":["Streamline","Stack"],"picked":"Coolheaded","floor":5},{"not_picked":["Fission","Turbo"],"picked":"Sweeping Beam","floor":6},{"not_picked":["Rebound","Amplify"],"picked":"Streamline","floor":8},{"not_picked":["Static Discharge","Cold Snap"],"picked":"Self Repair","floor":11},{"not_picked":["Force Field","Redo"],"picked":"Hologram","floor":13},{"not_picked":["Steam","Double Energy"],"picked":"Leap","floor":14}],"player_experience":782009,"relics_obtained":[{"floor":6,"key":"Strawberry"},{"floor":9,"key":"Juzu Bracelet"},{"floor":11,"key":"Pen Nib"}],"event_choices":[{"damage_healed":0,"gold_gain":0,"player_choice":"Forge","damage_taken":0,"max_hp_gain":0,"max_hp_loss":0,"event_name":"Accursed Blacksmith","floor":2,"gold_loss":0,"cards_upgraded":["Chaos"]}],"is_beta":false,"boss_relics":[],"items_purged_floors":[],"is_endless":false,"potions_floor_spawned":[3,4,5],"killed_by":"Hexaghost","ascension_level":20}}