{"host":"zv85muor2723jdwz","time":1609150199,"event":{"mods":["Arknights The Spire","BaseMod","Better Vampires","CapriCore","Decade(王小明)","KinomotoSakuraMod(木之本樱)","KomeijiMod","Marisa（F雨　魔理沙）","Marked Mod","Minty Spire (QoL Compilation)","Quick Restart","Reimu（博丽灵梦）","Remilia（蕾米莉亚）","StSLib","The Bladedancer","The Cursed","The Immortal","The Runesmith","The Servant 0.9.4","WarShipGirlsR/战舰少女R mod","Yakumo Yukari mod","Youmu（魂魄妖梦）","Yuri Mod","Yuyuko","【遗物卡牌】REMEMod"],"gold_per_floor":[170,232,10,21,40,40,73,73,73,73,102,102,102],"floor_reached":12,"playtime":761,"items_purged":[],"score":169,"play_id":"21528002-b268-4d9e-be62-3a0ef60cfae2","local_time":"20201228180959","daily_mods":["Draft","Green Cards","DeadlyEvents"],"is_ascension_mode":true,"campfire_choices":[{"data":"BloodCollect","floor":6,"key":"SMITH"},{"data":"DoubleEdge","floor":8,"key":"SMITH"},{"data":"Culling","floor":10,"key":"SMITH"}],"circlet_count":0,"master_deck":["VampireClaw","TricksterDevil","PiercingWail","DoubleEdge","Backflip","Culling+1","TrickFate","Warpath","Flying Knee","BloodySuit","BloodCollect+1","BloodySuit","Acrobatics","DoubleEdge+1","LifeBreak","PendulumOfEternity","BloodPact","Finisher","BloodySuit","FateSonata","DoubleEdge"],"relics":["ThirstyCrossSpe","REME_ComplimentaryCards","Medical Kit","ats:Originium","Omamori","The Courier"],"acts_visited":["Exordium"],"potions_floor_usage":[12],"damage_taken":[{"damage":0,"enemies":"2 Louse","floor":1,"turns":1},{"damage":18,"enemies":"Jaw Worm","floor":4,"turns":4},{"damage":6,"enemies":"Cultist","floor":5,"turns":3},{"damage":2,"enemies":"3 Sentries","floor":7,"turns":4},{"damage":36,"enemies":"Gremlin Nob","floor":11,"turns":5},{"damage":87,"enemies":"Lagavulin","floor":12,"turns":5}],"seed_played":"8091398114440292237","potions_obtained":[{"floor":1,"key":"BlessingOfTheForge"},{"floor":5,"key":"SteroidPotion"},{"floor":7,"key":"ColorlessPotion"}],"is_trial":true,"path_per_floor":["M","?","$","M","M","R","E","R","T","R","E","E"],"character_chosen":"RemiriaScarlet","items_purchased":["Finisher","Medical Kit"],"campfire_rested":0,"item_purchase_floors":[3,3],"current_hp_per_floor":[100,100,100,89,83,83,82,82,82,82,59,0,0],"gold":102,"neow_bonus":"","is_daily":false,"chose_seed":false,"campfire_upgraded":3,"win_rate":0.0,"timestamp":1609150199,"path_taken":["M","?","?","?","M","R","E","R","T","R","?","E"],"items_purchased_type":["Card","Relic"],"build_version":"2020-12-22","purchased_purges":0,"victory":false,"max_hp_per_floor":[100,100,100,100,100,100,100,100,100,100,100,100,100],"card_choices":[{"not_picked":["Deflect","FastHealing"],"picked":"VampireClaw","floor":0},{"not_picked":["ServantFlier","DemonsDinnerFork_Remiria"],"picked":"TricksterDevil","floor":0},{"not_picked":["Masterful Stab","Dagger Spray"],"picked":"PiercingWail","floor":0},{"not_picked":["Outmaneuver","FateMeister"],"picked":"DoubleEdge","floor":0},{"not_picked":["Caltrops","Infinite Blades"],"picked":"Backflip","floor":0},{"not_picked":["All Out Attack","Feint"],"picked":"Culling","floor":0},{"not_picked":["FateEnsemble","Reflex"],"picked":"TrickFate","floor":0},{"not_picked":["DemonLordWalk","Underhanded Strike"],"picked":"Warpath","floor":0},{"not_picked":["Underhanded Strike","Quick Slash"],"picked":"Flying Knee","floor":0},{"not_picked":["ServantFlier","Offensive"],"picked":"BloodySuit","floor":0},{"not_picked":["Sucker Punch","Deadly Poison"],"picked":"BloodCollect","floor":0},{"not_picked":["Dagger Throw","TrickFate"],"picked":"BloodySuit","floor":0},{"not_picked":["Catalyst","Flying Knee"],"picked":"Acrobatics","floor":0},{"not_picked":["DemonsDinnerFork_Remiria","Exsanguinate"],"picked":"DoubleEdge","floor":0},{"not_picked":["DemonsDinnerFork_Remiria","Dagger Throw"],"picked":"LifeBreak","floor":0},{"not_picked":["PiercingWail","BloodCollect"],"picked":"BloodPact","floor":1},{"not_picked":["RocketKickup","Prepared"],"picked":"BloodySuit","floor":4},{"not_picked":["BloodySuit","LifeBreak","DamonLordCradle_Remiria"],"picked":"SKIP","floor":5},{"not_picked":["Envenom","ScarletNetherworld"],"picked":"FateSonata","floor":7},{"not_picked":["Deadly Poison","Dagger Throw"],"picked":"DoubleEdge","floor":11}],"player_experience":57523,"relics_obtained":[{"floor":7,"key":"ats:Originium"},{"floor":7,"key":"Omamori"},{"floor":9,"key":"The Courier"}],"event_choices":[{"damage_healed":0,"gold_gain":62,"player_choice":"Gained Gold","damage_taken":0,"max_hp_gain":0,"max_hp_loss":0,"event_name":"Golden Wing","floor":2,"gold_loss":0}],"is_beta":false,"boss_relics":[],"items_purged_floors":[],"is_endless":true,"potions_floor_spawned":[1,5,7],"killed_by":"Lagavulin","ascension_level":1}}