{"host":"k7udt7atmcuzf6l0","time":1609161308,"event":{"mods":["AchievementEnabler","BaseMod","Colored Map","Colored Powertips","Highlight Path","Minty Spire (QoL Compilation)","Quick Restart","Rare Cards Sparkle","StSLib"],"gold_per_floor":[114,127,47,64,139,158,158,333,409,409,409,2,36,111,111,213,213,227,227,227,227,74,74,74,74],"floor_reached":24,"playtime":515,"items_purged":["Doubt"],"score":190,"play_id":"56636948-c7c8-4dcb-aa35-258255482d98","local_time":"20201228211508","is_ascension_mode":false,"campfire_choices":[{"data":"Berserk","floor":7,"key":"SMITH"},{"data":"Flex","floor":10,"key":"SMITH"},{"floor":15,"key":"REST"},{"data":"Feed","floor":23,"key":"SMITH"}],"circlet_count":0,"master_deck":["Strike_R","Strike_R","Strike_R","Strike_R","Strike_R","Defend_R","Defend_R","Defend_R","Defend_R","Bash","Warcry","Flex+1","Pommel Strike","Berserk+1","Whirlwind","Spot Weakness","Clash","Feed+1","Burning Pact"],"relics":["Burning Blood","NeowsBlessing","Mummified Hand","Meat on the Bone","Toy Ornithopter","Philosopher\u0027s Stone","MutagenicStrength","Chemical X"],"acts_visited":["Exordium","TheCity"],"potions_floor_usage":[13,24,24],"damage_taken":[{"damage":0.0,"enemies":"Small Slimes","floor":1.0,"turns":1.0},{"damage":0.0,"enemies":"Cultist","floor":2.0,"turns":1.0},{"damage":0.0,"enemies":"2 Louse","floor":4.0,"turns":1.0},{"damage":7,"enemies":"2 Fungi Beasts","floor":6,"turns":3},{"damage":49,"enemies":"Lagavulin","floor":13,"turns":6},{"damage":23,"enemies":"Slime Boss","floor":16,"turns":9},{"damage":24,"enemies":"Chosen","floor":18,"turns":4},{"damage":65,"enemies":"Book of Stabbing","floor":24,"turns":4}],"seed_played":"-8221713892844719583","potions_obtained":[{"floor":1.0,"key":"Ancient Potion"},{"floor":6,"key":"Explosive Potion"},{"floor":16,"key":"GamblersBrew"},{"floor":18,"key":"Ancient Potion"}],"is_trial":false,"path_per_floor":["M","M","$","M","?","M","R","?","T","R","?","$","E","?","R","B",null,"M","?","?","?","$","R","E"],"character_chosen":"IRONCLAD","items_purchased":["Flex","Pommel Strike","Meat on the Bone","Spot Weakness","Chemical X"],"campfire_rested":1,"item_purchase_floors":[3,3,12,12,22],"current_hp_per_floor":[80,80,80,80,72,71,71,71,71,71,71,71,40,29,53,48,80,65,65,65,49,49,49,0,0],"gold":74,"neow_bonus":"THREE_ENEMY_KILL","is_daily":false,"chose_seed":false,"campfire_upgraded":3,"win_rate":0.0,"timestamp":1609161308,"path_taken":["M","M","$","M","?","?","R","?","T","R","?","$","E","?","R","BOSS","M","?","?","?","$","R","E"],"items_purchased_type":["Card","Card","Relic","Card","Relic"],"build_version":"2020-12-22","purchased_purges":1,"victory":false,"max_hp_per_floor":[80,80,80,80,80,80,80,80,80,80,80,80,80,80,80,80,80,83,83,83,88,88,88,88,88],"card_choices":[{"not_picked":["Thunderclap","Perfected Strike"],"picked":"Warcry","floor":1.0},{"not_picked":["Searing Blow","Combust","Fire Breathing"],"picked":"SKIP","floor":2.0},{"not_picked":["Cleave","Sword Boomerang"],"picked":"Berserk","floor":4.0},{"not_picked":["Warcry","Armaments"],"picked":"Whirlwind","floor":6},{"not_picked":["Feel No Pain","Clothesline"],"picked":"Clash","floor":13},{"not_picked":["Impervious","Double Tap"],"picked":"Feed","floor":16},{"not_picked":["Cleave","Second Wind"],"picked":"Burning Pact","floor":18}],"player_experience":2911,"relics_obtained":[{"floor":9,"key":"Mummified Hand"},{"floor":13,"key":"Toy Ornithopter"}],"event_choices":[{"damage_healed":0,"gold_gain":75,"player_choice":"Touch","damage_taken":8,"max_hp_gain":0,"max_hp_loss":0,"event_name":"FaceTrader","floor":5,"gold_loss":0},{"damage_healed":0,"gold_gain":175,"player_choice":"AGREE","damage_taken":0,"max_hp_gain":0,"max_hp_loss":0,"event_name":"Liars Game","floor":8,"gold_loss":0,"cards_obtained":["Doubt"]},{"damage_healed":0,"gold_gain":0,"player_choice":"Ignored","damage_taken":0,"max_hp_gain":0,"max_hp_loss":0,"event_name":"Golden Wing","floor":11,"gold_loss":0},{"damage_healed":0,"gold_gain":75,"player_choice":"Gather Gold","damage_taken":11,"max_hp_gain":0,"max_hp_loss":0,"event_name":"World of Goop","floor":14,"gold_loss":0},{"damage_healed":0,"gold_gain":0,"player_choice":"Ignored","damage_taken":0,"max_hp_gain":0,"max_hp_loss":0,"event_name":"Vampires","floor":19,"gold_loss":0},{"damage_healed":0,"gold_gain":0,"player_choice":"Inject Mutagens","damage_taken":0,"relics_obtained":["MutagenicStrength"],"max_hp_gain":0,"max_hp_loss":0,"event_name":"Drug Dealer","floor":20,"gold_loss":0},{"damage_healed":0,"gold_gain":0,"player_choice":"Shed Blood","damage_taken":21,"max_hp_gain":5,"max_hp_loss":0,"event_name":"Forgotten Altar","floor":21,"gold_loss":0}],"is_beta":false,"boss_relics":[{"not_picked":["Tiny House","Cursed Key"],"picked":"Philosopher\u0027s Stone"}],"items_purged_floors":[12],"is_endless":false,"potions_floor_spawned":[1,6,16,18],"killed_by":"Book of Stabbing","ascension_level":0}}