{"host":"640uue19m79c7wbt","time":1609115229,"event":{"mods":["BaseMod","Colored Map","Googly Eyes","Highlight Path","Minty Spire (QoL Compilation)","Quick Restart","StSLib"],"gold_per_floor":[119,12,12,23,23,23,48,64,64,64,95,108,108,124,124,221,221,233,248,248,72,72,104,104,129,154,83,83,8,35,61,61,61,61],"floor_reached":33,"playtime":1576,"items_purged":["Strike_G"],"score":492,"play_id":"0bcb1ac7-ef41-4708-a17e-50c887472740","local_time":"20201227192709","is_ascension_mode":true,"campfire_choices":[{"data":"Riddle With Holes","floor":6,"key":"SMITH"},{"data":"Neutralize","floor":10,"key":"SMITH"},{"data":"Tactician","floor":13,"key":"SMITH"},{"data":"Well Laid Plans","floor":15,"key":"SMITH"},{"floor":28,"key":"REST"},{"floor":32,"key":"REST"}],"circlet_count":0,"master_deck":["Strike_G","Strike_G","Strike_G","Defend_G","Defend_G","Defend_G+1","Defend_G","Defend_G","Survivor","Neutralize+1","Heel Hook","Tactician+1","Riddle With Holes+1","Blur","Heel Hook","Dagger Throw","Well Laid Plans+1","Concentrate","Heel Hook","Bullet Time","Slice","PiercingWail","Blade Dance","Prepared+1","Finisher","Underhanded Strike","Blade Dance","Crippling Poison","Acrobatics"],"relics":["Ring of the Snake","NeowsBlessing","Tingsha","Incense Burner","Calipers","WristBlade","Happy Flower","Bag of Preparation","Bottled Lightning","MealTicket","War Paint","PreservedInsect","Red Mask"],"acts_visited":["Exordium","TheCity"],"potions_floor_usage":[11,11,16,18,19],"damage_taken":[{"damage":0,"enemies":"Cultist","floor":1,"turns":1},{"damage":0,"enemies":"Small Slimes","floor":4,"turns":1},{"damage":0,"enemies":"Gremlin Nob","floor":7,"turns":1},{"damage":2,"enemies":"2 Louse","floor":8,"turns":3},{"damage":0,"enemies":"3 Sentries","floor":11,"turns":3},{"damage":0,"enemies":"Blue Slaver","floor":12,"turns":2},{"damage":1,"enemies":"Looter","floor":14,"turns":3},{"damage":62,"enemies":"Hexaghost","floor":16,"turns":13},{"damage":26,"enemies":"2 Thieves","floor":18,"turns":4},{"damage":17,"enemies":"Spheric Guardian","floor":19,"turns":4},{"damage":19,"enemies":"Slavers","floor":23,"turns":7},{"damage":37,"enemies":"Gremlin Leader","floor":30,"turns":5},{"damage":9,"enemies":"Masked Bandits","floor":31,"turns":3},{"damage":74,"enemies":"Collector","floor":33,"turns":6}],"seed_played":"-497633246729360125","potions_obtained":[{"floor":7,"key":"AttackPotion"},{"floor":8,"key":"Fire Potion"},{"floor":11,"key":"Explosive Potion"},{"floor":12,"key":"CunningPotion"},{"floor":18,"key":"BlessingOfTheForge"},{"floor":23,"key":"FairyPotion"}],"is_trial":false,"path_per_floor":["M","$","?","M","$","R","E","M","T","R","E","M","R","M","R","B",null,"M","M","?","$","?","E","T","T","T","$","R","?","E","?","R","B"],"character_chosen":"THE_SILENT","items_purchased":["Tactician","Riddle With Holes","Blade Dance","Prepared","Underhanded Strike","Blade Dance"],"campfire_rested":2,"item_purchase_floors":[2,2,21,21,27,27],"current_hp_per_floor":[63,63,68,68,68,68,68,66,66,66,66,66,66,65,65,3,57,31,14,14,14,39,20,20,20,20,35,57,57,20,11,33,0,0],"gold":61,"neow_bonus":"THREE_ENEMY_KILL","is_daily":false,"chose_seed":false,"campfire_upgraded":4,"win_rate":0.0,"timestamp":1609115229,"path_taken":["M","?","?","M","$","R","E","M","T","R","E","M","R","M","R","BOSS","M","M","?","$","?","E","?","?","T","?","R","?","E","?","R","BOSS"],"items_purchased_type":["Card","Card","Card","Card","Card","Card"],"build_version":"2020-12-22","purchased_purges":1,"victory":false,"max_hp_per_floor":[70,70,75,75,75,75,75,75,75,75,75,75,75,75,75,75,75,75,75,75,75,75,75,75,75,75,75,75,75,75,75,75,75,75],"card_choices":[{"not_picked":["PiercingWail","Bane"],"picked":"Heel Hook","floor":1},{"not_picked":["Sucker Punch","Prepared"],"picked":"Blur","floor":4},{"not_picked":["Blade Dance","Flying Knee"],"picked":"Heel Hook","floor":7},{"not_picked":["Endless Agony","Backflip"],"picked":"Dagger Throw","floor":8},{"not_picked":["Underhanded Strike","Dodge and Roll"],"picked":"Well Laid Plans","floor":11},{"not_picked":["Sucker Punch","Infinite Blades"],"picked":"Concentrate","floor":12},{"not_picked":["Accuracy","Bane"],"picked":"Heel Hook","floor":14},{"not_picked":["Phantasmal Killer","Storm of Steel"],"picked":"Bullet Time","floor":16},{"not_picked":["Concentrate","Outmaneuver"],"picked":"Slice","floor":18},{"not_picked":["Skewer+1","Outmaneuver+1"],"picked":"PiercingWail","floor":19},{"not_picked":["Doppelganger","Bane"],"picked":"Finisher","floor":23},{"not_picked":["Infinite Blades","Well Laid Plans"],"picked":"Crippling Poison","floor":30},{"not_picked":["Slice","Riddle With Holes"],"picked":"Acrobatics","floor":31}],"player_experience":1235585,"relics_obtained":[{"floor":7,"key":"Tingsha"},{"floor":9,"key":"Incense Burner"},{"floor":11,"key":"Calipers"},{"floor":23,"key":"Bag of Preparation"},{"floor":24,"key":"Bottled Lightning"},{"floor":25,"key":"MealTicket"},{"floor":26,"key":"War Paint"},{"floor":30,"key":"PreservedInsect"},{"floor":31,"key":"Red Mask"}],"event_choices":[{"damage_healed":0,"gold_gain":0,"player_choice":"Donut","damage_taken":0,"max_hp_gain":5,"max_hp_loss":0,"event_name":"Big Fish","floor":3,"gold_loss":0},{"damage_healed":0,"gold_gain":0,"player_choice":"Opened","damage_taken":0,"relics_obtained":["Happy Flower"],"max_hp_gain":0,"max_hp_loss":0,"event_name":"The Mausoleum","floor":20,"gold_loss":0},{"damage_healed":25,"gold_gain":0,"player_choice":"Heal","damage_taken":0,"max_hp_gain":0,"max_hp_loss":0,"event_name":"The Library","floor":22,"gold_loss":0},{"cards_removed":["Strike_G"],"damage_healed":0,"gold_gain":0,"player_choice":"Gave Gold","damage_taken":0,"max_hp_gain":0,"max_hp_loss":0,"event_name":"Beggar","floor":29,"gold_loss":75},{"damage_healed":0,"gold_gain":0,"player_choice":"Fought Bandits","damage_taken":0,"max_hp_gain":0,"max_hp_loss":0,"event_name":"Masked Bandits","floor":31,"gold_loss":0}],"is_beta":false,"boss_relics":[{"not_picked":["Runic Dome","Cursed Key"],"picked":"WristBlade"}],"items_purged_floors":[21],"is_endless":false,"potions_floor_spawned":[7,8,11,12,18,23],"killed_by":"Collector","ascension_level":9}}