{"host":"873t0y8ybyo38pfq","time":1609181196,"event":{"mods":["BaseMod","Bestiary","Colored Map","Colored Powertips","Highlight Path","Minty Spire (QoL Compilation)","Quick Restart","RNG Fix","Rare Cards Sparkle","Relic Stats","StSLib"],"gold_per_floor":[119,130,145,159,159,159,172,185,185,185,185,25,43,87,87,183,183,199,19,19,19,19,19,58,58,58,58,92,8,27,27,27],"floor_reached":31,"playtime":1160,"items_purged":["Strike_G","Strike_G"],"score":696,"play_id":"b68b8b6d-8b4a-4c87-83e9-1b2908c14dfe","local_time":"20201228134636","is_ascension_mode":true,"campfire_choices":[{"data":"Blade Dance","floor":6,"key":"SMITH"},{"data":"Cloak And Dagger","floor":11,"key":"SMITH"},{"data":"Noxious Fumes","floor":15,"key":"SMITH"},{"floor":23,"key":"REST"},{"data":"RitualDagger","floor":25,"key":"SMITH"}],"circlet_count":0,"master_deck":["AscendersBane","Strike_G","Strike_G","Strike_G","Defend_G+1","Defend_G+1","Defend_G","Defend_G","Defend_G","Survivor","Neutralize","Prepared","Cloak And Dagger+1","Blade Dance+1","Backstab","Noxious Fumes+1","PiercingWail","Predator","Tools of the Trade","CurseOfTheBell","Deflect","Trip","Cloak And Dagger","RitualDagger+1","Writhe","Deflect","Acrobatics","Flash of Steel"],"relics":["Ring of the Snake","Gambling Chip","White Beast Statue","Golden Idol","Shuriken","Calling Bell","Happy Flower","The Courier","Unceasing Top","Bag of Preparation","The Specimen","MutagenicStrength"],"acts_visited":["Exordium","TheCity"],"potions_floor_usage":[4,14,16,24,28],"damage_taken":[{"damage":1,"enemies":"Small Slimes","floor":1,"turns":3},{"damage":0,"enemies":"2 Louse","floor":2,"turns":5},{"damage":8,"enemies":"Jaw Worm","floor":3,"turns":6},{"damage":8,"enemies":"Exordium Thugs","floor":4,"turns":3},{"damage":0,"enemies":"Looter","floor":7,"turns":3},{"damage":6,"enemies":"Lots of Slimes","floor":8,"turns":3},{"damage":0,"enemies":"Exordium Wildlife","floor":13,"turns":4},{"damage":3,"enemies":"3 Sentries","floor":14,"turns":6},{"damage":0,"enemies":"Hexaghost","floor":16,"turns":7},{"damage":7,"enemies":"3 Byrds","floor":18,"turns":5},{"damage":14,"enemies":"Gremlin Leader","floor":24,"turns":9},{"damage":15,"enemies":"Book of Stabbing","floor":28,"turns":3},{"damage":0,"enemies":"Chosen","floor":30,"turns":3},{"damage":18,"enemies":"Snecko","floor":31,"turns":3}],"seed_played":"6880228695327124054","potions_obtained":[{"floor":2,"key":"SkillPotion"},{"floor":4,"key":"Poison Potion"},{"floor":13,"key":"Explosive Potion"},{"floor":14,"key":"Dexterity Potion"},{"floor":16,"key":"GhostInAJar"},{"floor":24,"key":"Strength Potion"},{"floor":28,"key":"LiquidMemories"}],"is_trial":false,"path_per_floor":["M","M","M","M","?","R","M","M","T","?","R","$","M","E","R","B",null,"M","$","$","?","?","R","E","R","T","?","E","$","M","M"],"character_chosen":"THE_SILENT","items_purchased":["Noxious Fumes","Trip","Cloak And Dagger","Flash of Steel"],"campfire_rested":1,"item_purchase_floors":[12,19,19,29],"current_hp_per_floor":[58,58,50,42,24,24,24,18,18,18,18,18,18,15,15,15,44,37,37,37,31,31,47,33,33,33,33,18,18,18,0,0],"gold":27,"neow_bonus":"ONE_RARE_RELIC","is_daily":false,"chose_seed":false,"campfire_upgraded":4,"win_rate":0.0,"timestamp":1609181196,"path_taken":["M","M","M","M","?","R","M","?","T","?","R","?","?","E","R","BOSS","M","?","$","?","?","R","E","R","T","?","E","?","M","M"],"items_purchased_type":["Card","Card","Card","Card"],"build_version":"2020-12-22","purchased_purges":2,"victory":false,"max_hp_per_floor":[60,60,60,60,60,60,60,60,60,54,54,54,54,54,54,54,54,54,54,54,54,54,54,54,54,54,54,54,54,54,54,54],"relic_stats":{"Happy Flower":[7],"counters":[14,63],"Golden Idol":54,"Shuriken":[23],"Gambling Chip":[44],"Bag of Preparation":[8],"obtain_stats":[{"Calling Bell":17,"Happy Flower":17,"The Specimen":24,"Golden Idol":10,"Shuriken":14,"Gambling Chip":0,"MutagenicStrength":27,"The Courier":17,"Bag of Preparation":22,"White Beast Statue":9,"Unceasing Top":17,"Ring of the Snake":0},{"Calling Bell":9,"Happy Flower":9,"The Specimen":11,"Golden Idol":6,"Shuriken":8,"Gambling Chip":0,"MutagenicStrength":11,"The Courier":9,"Bag of Preparation":10,"White Beast Statue":6,"Unceasing Top":9,"Ring of the Snake":0},{"Calling Bell":40,"Happy Flower":40,"The Specimen":54,"Golden Idol":23,"Shuriken":33,"Gambling Chip":0,"MutagenicStrength":54,"The Courier":40,"Bag of Preparation":45,"White Beast Statue":23,"Unceasing Top":40,"Ring of the Snake":0}],"Unceasing Top":[2],"Ring of the Snake":[28]},"card_choices":[{"not_picked":["Dagger Throw","Dash"],"picked":"Prepared","floor":1},{"not_picked":["Expertise","PiercingWail","Cloak And Dagger"],"picked":"SKIP","floor":2},{"not_picked":["PiercingWail","Concentrate"],"picked":"Cloak And Dagger","floor":3},{"not_picked":["Deflect","Acrobatics"],"picked":"Blade Dance","floor":4},{"not_picked":["Poisoned Stab","Quick Slash"],"picked":"Backstab","floor":7},{"not_picked":["Flying Knee","Backflip","Quick Slash"],"picked":"SKIP","floor":8},{"not_picked":["Dash","Sucker Punch"],"picked":"PiercingWail","floor":13},{"not_picked":["Prepared","Dagger Throw"],"picked":"Predator","floor":14},{"not_picked":["Bullet Time","A Thousand Cuts"],"picked":"Tools of the Trade","floor":16},{"not_picked":["Sucker Punch","Dagger Throw"],"picked":"Deflect","floor":18},{"not_picked":["Predator","Dagger Throw"],"picked":"Deflect","floor":24},{"not_picked":["Riddle With Holes","Underhanded Strike"],"picked":"Acrobatics","floor":28},{"not_picked":["Dash","Flechettes","Dagger Throw"],"picked":"SKIP","floor":30}],"player_experience":1380572,"relics_obtained":[{"floor":9,"key":"White Beast Statue"},{"floor":14,"key":"Shuriken"},{"floor":17,"key":"Happy Flower"},{"floor":17,"key":"The Courier"},{"floor":17,"key":"Unceasing Top"},{"floor":24,"key":"The Specimen"}],"event_choices":[{"damage_healed":0,"gold_gain":0,"player_choice":"Entered Light","damage_taken":18,"max_hp_gain":0,"max_hp_loss":0,"event_name":"Shining Light","floor":5,"gold_loss":0,"cards_upgraded":["Defend_G","Defend_G"]},{"damage_healed":0,"gold_gain":0,"player_choice":"Lose Max HP","damage_taken":0,"relics_obtained":["Golden Idol"],"max_hp_gain":0,"max_hp_loss":6,"event_name":"Golden Idol","floor":10,"gold_loss":0},{"damage_healed":0,"gold_gain":0,"player_choice":"Joined the Cult","damage_taken":6,"max_hp_gain":0,"max_hp_loss":0,"event_name":"Nest","floor":21,"gold_loss":0,"cards_obtained":["RitualDagger"]},{"damage_healed":0,"gold_gain":0,"player_choice":"Opened","damage_taken":0,"relics_obtained":["Bag of Preparation"],"max_hp_gain":0,"max_hp_loss":0,"event_name":"The Mausoleum","floor":22,"gold_loss":0,"cards_obtained":["Writhe"]},{"damage_healed":0,"gold_gain":0,"player_choice":"Inject Mutagens","damage_taken":0,"relics_obtained":["MutagenicStrength"],"max_hp_gain":0,"max_hp_loss":0,"event_name":"Drug Dealer","floor":27,"gold_loss":0}],"is_beta":false,"boss_relics":[{"not_picked":["Ring of the Serpent","Velvet Choker"],"picked":"Calling Bell"}],"items_purged_floors":[12,19],"is_endless":false,"potions_floor_spawned":[2,4,13,14,16,18,24,28,30],"killed_by":"Snecko","ascension_level":20}}