{"host":"4nheqd2tld5ixkgx","time":1609178217,"event":{"mods":["BaseMod","GifTheSpireLib","HololiveMod","Minty Spire (QoL Compilation)","StSLib","The Cursed"],"gold_per_floor":[85,85,94,94,119,119,146,188,188,188,227,227,270,344,344,430,430,455,489,531,565,565,616,650,690,690,690,8,54,114,143,143,312,312,336,620,658,682,19,108,108,174,256,302,344,353,373,441,441,460,467,467,476,27,72,107],"floor_reached":57,"playtime":3981,"items_purged":[],"score":3817,"play_id":"9dbe714a-6d6a-4cba-9697-9a94e238c7cb","local_time":"20201229025657","is_ascension_mode":true,"campfire_choices":[{"data":"Hololive_OvertimeWork","floor":6,"key":"SMITH"},{"data":"Hololive_CallAmaneKanata","floor":10,"key":"SMITH"},{"floor":15,"key":"RECALL"},{"data":"Hololive_StarCraft","floor":32,"key":"SMITH"},{"floor":41,"key":"REST"},{"floor":49,"key":"REST"},{"floor":53,"key":"REST"}],"circlet_count":0,"master_deck":["AscendersBane","Hololive_Strike+1","Hololive_Strike+1","Hololive_Defend+1","Hololive_Defend+1","Hololive_CallDoris","Hololive_CallTokoyamiTowa","Hololive_CallAmaneKanata+1","Hololive_CallHoshimachiSuisei+1","Hololive_CallYuzukiChoco","Hololive_OvertimeWork+1","Hololive_CallUsadaPekora","Hololive_CallFriendA","Hololive_CallNakiriAyame","Hololive_CallDoris+1","Hololive_CallRosalyn+1","Hololive_StarCraft+1","Hololive_CallSakuraMiko+1","Hololive_CallOkamiMio+1","Hololive_CallAkaiHaato+1","Hololive_CallMurasakiShion+1","Hololive_CallNatsuiroMatsuri+1","Hololive_SummonFox+1","Hololive_CallTokinoSora+1","Hololive_CallOzoraSubaru+1","Hololive_Thief+1","Hololive_FlyingPonyTail+1","Hololive_CallShirakamiFubuki+1","Hololive_CallHimemoriLuna+1","Hololive_IdolExercise+1","Hololive_CallShiranuiFlare+1","Regret","Hololive_Yoholoon+1","Hololive_CallYukihanaLamy+1","Hololive_CallKiryuuCoco+1","Hololive_CallSakuraMiko+1","Hololive_CallAmaneKanata+1","Hololive_Rebirth+1","Hololive_CallShiroganeNoel+1","Hololive_IdolExercise+1","Hololive_CallAmaneKanata+1","Hololive_Spy+1","Hololive_CallMinatoAqua+1","Hololive_CallInugamiKorone+1","Hololive_Yoholoon","Hololive_DurableLive+1"],"relics":["Hololive_TheStar","NeowsBlessing","CeramicFish","Matryoshka","Meat on the Bone","Gremlin Horn","Oddly Smooth Stone","White Beast Statue","Anchor","Frozen Egg 2","MealTicket","Runic Dome","Red Mask","Toxic Egg 2","Bag of Preparation","Bottled Tornado","Sundial","Regal Pillow","Bottled Lightning","Fusion Hammer","Prayer Wheel","Ornamental Fan","Potion Belt","Pear","StrikeDummy","Ice Cream","Dream Catcher","Membership Card","Shuriken","Akabeko","Bronze Scales"],"acts_visited":["Exordium","TheCity","TheBeyond","TheEnding"],"potions_floor_usage":[16,19,21,23,24,25,33,33,50,50,51],"damage_taken":[{"damage":0,"enemies":"Cultist","floor":1,"turns":1},{"damage":0,"enemies":"2 Louse","floor":7,"turns":1},{"damage":0,"enemies":"3 Sentries","floor":8,"turns":1},{"damage":0,"enemies":"Gremlin Nob","floor":11,"turns":3},{"damage":0,"enemies":"Lagavulin","floor":13,"turns":5},{"damage":0,"enemies":"Lagavulin Event","floor":14,"turns":5},{"damage":0,"enemies":"Hexaghost","floor":16,"turns":6},{"damage":0,"enemies":"Chosen","floor":18,"turns":3},{"damage":0,"enemies":"Masked Bandits","floor":19,"turns":4},{"damage":0,"enemies":"Shell Parasite","floor":20,"turns":4},{"damage":0,"enemies":"Centurion and Healer","floor":21,"turns":4},{"damage":7,"enemies":"Gremlin Leader","floor":23,"turns":6},{"damage":0,"enemies":"3 Cultists","floor":24,"turns":5},{"damage":0,"enemies":"Slavers","floor":25,"turns":5},{"damage":0,"enemies":"Snecko","floor":29,"turns":3},{"damage":0,"enemies":"Book of Stabbing","floor":30,"turns":3},{"damage":0,"enemies":"Shelled Parasite and Fungi","floor":31,"turns":3},{"damage":0,"enemies":"Champ","floor":33,"turns":8},{"damage":0,"enemies":"Orb Walker","floor":35,"turns":2},{"damage":0,"enemies":"3 Shapes","floor":37,"turns":2},{"damage":0,"enemies":"Sphere and 2 Shapes","floor":38,"turns":3},{"damage":0,"enemies":"Reptomancer","floor":40,"turns":5},{"damage":0,"enemies":"Nemesis","floor":42,"turns":3},{"damage":0,"enemies":"Jaw Worm Horde","floor":44,"turns":2},{"damage":0,"enemies":"Giant Head","floor":45,"turns":5},{"damage":0,"enemies":"Transient","floor":47,"turns":6},{"damage":0,"enemies":"Nemesis","floor":48,"turns":5},{"damage":28,"enemies":"Awakened One","floor":50,"turns":8},{"damage":0,"enemies":"Time Eater","floor":51,"turns":7},{"damage":0,"enemies":"Shield and Spear","floor":55,"turns":6},{"damage":0,"enemies":"The Heart","floor":56,"turns":6}],"seed_played":"-1878750457860740272","potions_obtained":[{"floor":7,"key":"FearPotion"},{"floor":11,"key":"LiquidMemories"},{"floor":13,"key":"AttackPotion"},{"floor":16,"key":"Ancient Potion"},{"floor":19,"key":"AttackPotion"},{"floor":20,"key":"ColorlessPotion"},{"floor":21,"key":"BlessingOfTheForge"},{"floor":23,"key":"Weak Potion"},{"floor":24,"key":"SkillPotion"},{"floor":25,"key":"SpeedPotion"},{"floor":29,"key":"EssenceOfSteel"},{"floor":33,"key":"DuplicationPotion"},{"floor":35,"key":"FearPotion"},{"floor":37,"key":"AttackPotion"},{"floor":40,"key":"Energy Potion"},{"floor":42,"key":"BlessingOfTheForge"},{"floor":44,"key":"PowerPotion"},{"floor":45,"key":"AttackPotion"},{"floor":55,"key":"SteroidPotion"}],"is_trial":false,"path_per_floor":["M","?","?","?","T","R","M","E","T","R","E","?","E","?","R","B",null,"M","?","M","M","?","E","M","E","T","?","$","M","E","M","R","B",null,"M","?","M","M","$","E","R","E","T","M","E","?","M","E","R","B","B",null,"R","$","E","B",null],"character_chosen":"Hololive_HololiveCharacter","items_purchased":["Hololive_CallOzoraSubaru+1","Hololive_Thief+1","Sundial","Regal Pillow","Hololive_CallKiryuuCoco+1","Prayer Wheel","Ornamental Fan","Hololive_CallInugamiKorone+1","Membership Card","Shuriken","Akabeko","Hololive_Yoholoon"],"campfire_rested":3,"item_purchase_floors":[28,28,28,28,39,39,39,54,54,54,54,54],"current_hp_per_floor":[27,16,16,9,9,9,21,21,21,21,21,21,21,21,21,21,28,28,28,28,28,30,23,23,23,23,23,30,30,30,30,30,30,30,30,30,30,30,30,30,30,40,40,40,40,40,40,40,40,24,24,36,40,40,40,40],"gold":107,"neow_bonus":"THREE_ENEMY_KILL","is_daily":false,"chose_seed":false,"campfire_upgraded":3,"win_rate":0.0,"timestamp":1609178217,"path_taken":["M","?","?","?","?","R","M","E","T","R","E","?","E","?","R","BOSS","M","?","M","M","?","E","?","E","T","?","?","M","E","M","R","BOSS","M","?","?","M","$","E","R","E","T","M","E","?","?","E","R","BOSS","BOSS","R","$","E","BOSS"],"items_purchased_type":["Card","Card","Relic","Relic","Card","Relic","Relic","Card","Relic","Relic","Relic","Card"],"build_version":"2020-12-22","purchased_purges":0,"victory":true,"max_hp_per_floor":[30,30,30,30,30,30,30,30,30,30,30,30,30,30,30,30,30,30,30,30,30,30,30,30,30,30,30,30,30,30,30,30,30,30,30,30,30,30,30,30,30,40,40,40,40,40,40,40,40,40,40,40,40,40,40,40],"card_choices":[{"not_picked":["Hololive_BringToTrial","Hololive_StrengthChampion","Hololive_Sequa"],"picked":"Hololive_OvertimeWork","floor":1},{"not_picked":["Hololive_Trident","Hololive_OvertimeWork","Hololive_CocoNews"],"picked":"Hololive_CallUsadaPekora","floor":7},{"not_picked":["Hololive_OvertimeWork","Hololive_CallAyundaRisu","Hololive_FlyingPonyTail"],"picked":"Hololive_CallFriendA","floor":8},{"not_picked":["Hololive_Psychosis","Hololive_OvertimeWork","Hololive_RevenueBasedLive"],"picked":"Hololive_CallNakiriAyame","floor":11},{"not_picked":["Hololive_Breathe","Hololive_Drill","Hololive_OpenUp"],"picked":"Hololive_CallDoris+1","floor":13},{"not_picked":["Hololive_StrengthChampion","Hololive_RevenueBasedLive","Hololive_Breathe"],"picked":"Hololive_CallRosalyn+1","floor":14},{"not_picked":["Hololive_WolfAndLamb","Hololive_FlareMind","Hololive_BeCareful"],"picked":"Hololive_StarCraft","floor":16},{"not_picked":["Hololive_HuntDinosaur","Hololive_Rebound","Hololive_FlyingPonyTail"],"picked":"Hololive_CallSakuraMiko+1","floor":18},{"not_picked":["Hololive_CallSakuraMiko+1","Hololive_HuntDinosaur","Hololive_Psychosis"],"picked":"Hololive_CallOkamiMio+1","floor":19},{"not_picked":["Hololive_CocoNews","Hololive_BeCareful","Hololive_Watashimo"],"picked":"Hololive_CallAkaiHaato+1","floor":20},{"not_picked":["Hololive_CallCivia+1","Hololive_LuckPotion","Hololive_CallYukihanaLamy+1"],"picked":"Hololive_CallMurasakiShion+1","floor":21},{"not_picked":["Hololive_StrengthChampion+1","Hololive_Breathe+1","Hololive_CallMurasakiShion+1"],"picked":"Hololive_CallNatsuiroMatsuri+1","floor":23},{"not_picked":["Hololive_Drill","Hololive_CocoNews","Hololive_Sequa"],"picked":"Hololive_SummonFox+1","floor":24},{"not_picked":["Hololive_Trident","Hololive_OvertimeWork","Hololive_HuntDinosaur+1"],"picked":"Hololive_CallTokinoSora+1","floor":25},{"not_picked":["Hololive_Breathe+1","Hololive_Rebound+1","Hololive_CallNakiriAyame+1"],"picked":"Hololive_FlyingPonyTail+1","floor":29},{"not_picked":["Hololive_CallTokoyamiTowa+1","Hololive_BringToTrial+1","Hololive_ASMR"],"picked":"Hololive_CallShirakamiFubuki+1","floor":30},{"not_picked":["Hololive_LuckPotion+1","Hololive_Rebound+1","Hololive_CallAkaiHaato+1"],"picked":"Hololive_CallHimemoriLuna+1","floor":31},{"not_picked":["Hololive_BeCareful+1","Hololive_ASMR","Hololive_Nanodesu"],"picked":"Hololive_IdolExercise+1","floor":33},{"not_picked":["Hololive_CallOzoraSubaru+1","Hololive_RevenueBasedLive+1","Hololive_Yoholoon"],"picked":"Hololive_CallShiranuiFlare+1","floor":35},{"not_picked":["Hololive_CallYuzukiChoco+1","Hololive_CallAkaiHaato+1","Hololive_LuckPotion+1"],"picked":"Hololive_Yoholoon+1","floor":37},{"not_picked":["Hololive_Breathe+1","Hololive_CallHimemoriLuna+1","Hololive_HuntDinosaur+1"],"picked":"Hololive_CallYukihanaLamy+1","floor":38},{"not_picked":["Hololive_HuntDinosaur+1","Hololive_StarCraft+1","Hololive_Breathe+1"],"picked":"Hololive_CallSakuraMiko+1","floor":40},{"not_picked":["Hololive_Sequa","Hololive_OvertimeWork","Hololive_DevilCharm+1","Hololive_FlyingPonyTail+1"],"picked":"SKIP","floor":42},{"not_picked":["Hololive_Trident","Hololive_LuckPotion+1","Hololive_Psychosis"],"picked":"Hololive_CallAmaneKanata+1","floor":44},{"not_picked":["Hololive_OvertimeWork","Hololive_Breathe+1","Hololive_StrengthChampion+1"],"picked":"Hololive_Rebirth+1","floor":44},{"not_picked":["Hololive_CallAZKi+1","Hololive_Drill","Hololive_OvertimeWork"],"picked":"Hololive_CallShiroganeNoel+1","floor":45},{"not_picked":["Hololive_Drill","Hololive_Trident","Hololive_Psychosis"],"picked":"Hololive_CallAmaneKanata+1","floor":47},{"not_picked":["Hololive_Sequa","Hololive_Rebound+1","Hololive_OvertimeWork","Hololive_CallNakiriAyame+1"],"picked":"SKIP","floor":47},{"not_picked":["Hololive_LuckPotion+1","Hololive_CallYuzukiChoco+1","Hololive_CallShiranuiFlare+1"],"picked":"Hololive_Spy+1","floor":48},{"not_picked":["Hololive_OvertimeWork","Hololive_FlyingPonyTail+1","Hololive_Psychosis+1"],"picked":"Hololive_CallMinatoAqua+1","floor":53},{"not_picked":["Hololive_CallOkamiMio+1","Hololive_CallHoshimachiSuisei+1","Hololive_StrengthChampion"],"picked":"Hololive_DurableLive+1","floor":55}],"player_experience":308136,"relics_obtained":[{"floor":5,"key":"Meat on the Bone"},{"floor":8,"key":"Gremlin Horn"},{"floor":9,"key":"Oddly Smooth Stone"},{"floor":9,"key":"White Beast Statue"},{"floor":11,"key":"Anchor"},{"floor":13,"key":"Frozen Egg 2"},{"floor":14,"key":"MealTicket"},{"floor":19,"key":"Red Mask"},{"floor":23,"key":"Toxic Egg 2"},{"floor":25,"key":"Bag of Preparation"},{"floor":26,"key":"Bottled Tornado"},{"floor":30,"key":"Bottled Lightning"},{"floor":40,"key":"Potion Belt"},{"floor":42,"key":"Pear"},{"floor":43,"key":"StrikeDummy"},{"floor":45,"key":"Ice Cream"},{"floor":48,"key":"Dream Catcher"},{"floor":55,"key":"Bronze Scales"}],"event_choices":[{"damage_healed":0,"gold_gain":0,"player_choice":"Success","damage_taken":11,"relics_obtained":["CeramicFish"],"max_hp_gain":0,"max_hp_loss":0,"event_name":"Scrap Ooze","floor":2,"gold_loss":0},{"damage_healed":0,"gold_gain":0,"player_choice":"Box","damage_taken":0,"relics_obtained":["Matryoshka"],"max_hp_gain":0,"max_hp_loss":0,"event_name":"Big Fish","floor":3,"gold_loss":0,"cards_obtained":["Regret"]},{"cards_removed":["Regret"],"damage_healed":0,"gold_gain":0,"player_choice":"Card Removal","damage_taken":7,"max_hp_gain":0,"max_hp_loss":0,"event_name":"Golden Wing","floor":4,"gold_loss":0},{"damage_healed":0,"gold_gain":0,"player_choice":"Grow","damage_taken":0,"max_hp_gain":0,"max_hp_loss":0,"event_name":"Living Wall","floor":12,"gold_loss":0,"cards_upgraded":["Hololive_CallHoshimachiSuisei"]},{"damage_healed":0,"gold_gain":30,"player_choice":"Searched \u00272\u0027 times","damage_taken":0,"max_hp_gain":0,"max_hp_loss":0,"event_name":"Dead Adventurer","floor":14,"gold_loss":0},{"damage_healed":0,"gold_gain":0,"player_choice":"Fought Bandits","damage_taken":0,"max_hp_gain":0,"max_hp_loss":0,"event_name":"Masked Bandits","floor":19,"gold_loss":0},{"cards_removed":["Hololive_Trident"],"damage_healed":5,"gold_gain":0,"player_choice":"Offered Common","damage_taken":0,"max_hp_gain":0,"max_hp_loss":0,"event_name":"Bonfire Elementals","floor":22,"gold_loss":0},{"cards_removed":["Hololive_Trident"],"damage_healed":5,"gold_gain":0,"player_choice":"Offered Special","damage_taken":0,"max_hp_gain":0,"max_hp_loss":0,"event_name":"Bonfire Elementals","floor":22,"gold_loss":0},{"damage_healed":0,"gold_gain":0,"player_choice":"Simplicity","damage_taken":0,"max_hp_gain":0,"max_hp_loss":0,"event_name":"Back to Basics","floor":27,"gold_loss":0,"cards_upgraded":["Hololive_Strike","Hololive_Strike","Hololive_Defend","Hololive_Defend"]},{"damage_healed":0,"gold_gain":275,"player_choice":"Desecrate","damage_taken":0,"max_hp_gain":0,"max_hp_loss":0,"event_name":"Golden Shrine","floor":36,"gold_loss":0,"cards_obtained":["Regret"]},{"damage_healed":0,"gold_gain":0,"player_choice":"Copied","damage_taken":0,"max_hp_gain":0,"max_hp_loss":0,"event_name":"Duplicator","floor":46,"gold_loss":0,"cards_obtained":["Hololive_IdolExercise"]}],"is_beta":false,"boss_relics":[{"not_picked":["Tiny House","Velvet Choker"],"picked":"Runic Dome"},{"not_picked":["Hololive_Finger","Calling Bell"],"picked":"Fusion Hammer"}],"items_purged_floors":[],"is_endless":false,"potions_floor_spawned":[7,11,13,14,16,18,19,20,21,23,24,25,29,30,31,33,35,37,38,40,42,44,45,47,48,55],"ascension_level":20}}