{"host":"dhyczjm99amxd3qx","time":1609124501,"event":{"mods":["BaseMod","Colored Map","Googly Eyes","Highlight Path","Minty Spire (QoL Compilation)","Quick Restart","StSLib"],"gold_per_floor":[118,293,312,65,140,166,166,166,166,193,193,223,236,252,252,348,348,362,376,393,77,88,123,222,122,122,140,140,140,140],"floor_reached":29,"playtime":1766,"items_purged":["Doubt","Strike_G"],"score":288,"play_id":"7a306673-32d4-43b6-b53e-5e8074070974","local_time":"20201227220141","is_ascension_mode":false,"campfire_choices":[{"data":"Noxious Fumes","floor":7.0,"key":"SMITH"},{"data":"Die Die Die","floor":11.0,"key":"SMITH"},{"data":"Neutralize","floor":15,"key":"SMITH"}],"circlet_count":0,"master_deck":["Strike_G+1","Strike_G+1","Strike_G+1","Strike_G+1","Defend_G+1","Defend_G+1","Defend_G+1","Defend_G+1","Defend_G+1","Survivor","Neutralize+1","Noxious Fumes+1","Die Die Die+1","Heel Hook","Poisoned Stab","Corpse Explosion","Noxious Fumes"],"relics":["Ring of the Snake","Matryoshka","Ice Cream","Ancient Tea Set","Tough Bandages","Oddly Smooth Stone","Sundial","Busted Crown","Molten Egg 2","War Paint","Question Card","White Beast Statue"],"acts_visited":["Exordium","TheCity"],"potions_floor_usage":[14,14,18,20,29,29],"damage_taken":[{"damage":0.0,"enemies":"Jaw Worm","floor":1.0,"turns":6.0},{"damage":2.0,"enemies":"Small Slimes","floor":3.0,"turns":4.0},{"damage":16.0,"enemies":"3 Sentries","floor":6.0,"turns":8.0},{"damage":34.0,"enemies":"Gremlin Nob","floor":10.0,"turns":6.0},{"damage":12.0,"enemies":"Lagavulin","floor":12.0,"turns":8.0},{"damage":0.0,"enemies":"2 Louse","floor":13.0,"turns":2.0},{"damage":0,"enemies":"Red Slaver","floor":14,"turns":2},{"damage":26,"enemies":"Hexaghost","floor":16,"turns":10},{"damage":14,"enemies":"2 Thieves","floor":18,"turns":3},{"damage":3,"enemies":"Shell Parasite","floor":19,"turns":5},{"damage":18,"enemies":"Chosen and Byrds","floor":20,"turns":6},{"damage":0,"enemies":"3 Cultists","floor":22,"turns":2},{"damage":19,"enemies":"Slavers","floor":23,"turns":3},{"damage":20,"enemies":"Centurion and Healer","floor":27,"turns":5},{"damage":8,"enemies":"Sentry and Sphere","floor":29,"turns":3}],"seed_played":"-837031320358198454","potions_obtained":[{"floor":3.0,"key":"Energy Potion"},{"floor":12.0,"key":"CunningPotion"},{"floor":13.0,"key":"FearPotion"},{"floor":18,"key":"ColorlessPotion"},{"floor":22,"key":"FearPotion"},{"floor":27,"key":"ColorlessPotion"}],"is_trial":false,"path_per_floor":["M","?","M","$","?","E","R","?","T","E","R","E","M","M","R","B",null,"M","M","M","$","M","E","?","$","T","M","?","M"],"character_chosen":"THE_SILENT","items_purchased":["Matryoshka","Molten Egg 2"],"campfire_rested":0,"item_purchase_floors":[4,21],"current_hp_per_floor":[77,77,75,75,64,48,48,77,77,43,43,31,31,31,31,5,77,63,60,42,42,42,23,23,23,23,3,3,0,0],"gold":140,"neow_bonus":"TEN_PERCENT_HP_BONUS","is_daily":false,"chose_seed":false,"campfire_upgraded":3,"win_rate":0.0,"timestamp":1609124501,"path_taken":["M","?","M","$","?","E","R","?","T","E","R","E","M","?","R","BOSS","M","M","M","$","M","E","?","$","T","M","?","M"],"items_purchased_type":["Relic","Relic"],"build_version":"2020-12-22","purchased_purges":2,"victory":false,"max_hp_per_floor":[77,77,77,77,77,77,77,77,77,77,77,77,77,77,77,77,77,77,77,77,77,77,77,77,77,77,77,77,77,77],"card_choices":[{"not_picked":["Slice","Deflect"],"picked":"Backstab","floor":1.0},{"not_picked":["Deadly Poison","Quick Slash"],"picked":"Noxious Fumes","floor":3.0},{"not_picked":["Underhanded Strike","Deflect","Outmaneuver"],"picked":"SKIP","floor":6.0},{"not_picked":["Deadly Poison","Dodge and Roll"],"picked":"Die Die Die","floor":10.0},{"not_picked":["Calculated Gamble","PiercingWail","Prepared"],"picked":"SKIP","floor":12.0},{"not_picked":["Dagger Spray","Underhanded Strike"],"picked":"Heel Hook","floor":13.0},{"not_picked":["Quick Slash","Calculated Gamble"],"picked":"Poisoned Stab","floor":14},{"not_picked":["Glass Knife","Malaise"],"picked":"Corpse Explosion","floor":16},{"not_picked":["Underhanded Strike"],"picked":"SKIP","floor":18},{"not_picked":["Slice"],"picked":"SKIP","floor":19},{"not_picked":[],"picked":"Noxious Fumes","floor":20},{"not_picked":["Blade Dance"],"picked":"SKIP","floor":22},{"not_picked":["Blade Dance"],"picked":"SKIP","floor":23},{"not_picked":["Deadly Poison+1","Acrobatics"],"picked":"SKIP","floor":27}],"player_experience":119418,"relics_obtained":[{"floor":6.0,"key":"Ice Cream"},{"floor":9.0,"key":"Ancient Tea Set"},{"floor":9.0,"key":"Tough Bandages"},{"floor":10.0,"key":"Oddly Smooth Stone"},{"floor":12.0,"key":"Sundial"},{"floor":23,"key":"War Paint"},{"floor":26,"key":"Question Card"},{"floor":26,"key":"White Beast Statue"}],"event_choices":[{"damage_healed":0.0,"max_hp_gain":0.0,"max_hp_loss":0.0,"gold_gain":175.0,"event_name":"Liars Game","player_choice":"AGREE","floor":2.0,"gold_loss":0.0,"damage_taken":0.0,"cards_obtained":["Doubt"]},{"damage_healed":0.0,"max_hp_gain":0.0,"max_hp_loss":0.0,"gold_gain":75.0,"event_name":"World of Goop","player_choice":"Gather Gold","floor":5.0,"gold_loss":0.0,"damage_taken":11.0},{"cards_removed":["Backstab"],"damage_healed":29.0,"max_hp_gain":0.0,"max_hp_loss":0.0,"gold_gain":0.0,"event_name":"Bonfire Elementals","player_choice":"Offered Uncommon","floor":8.0,"gold_loss":0.0,"damage_taken":0.0},{"damage_healed":0,"gold_gain":99,"player_choice":"Stole From Cult","damage_taken":0,"max_hp_gain":0,"max_hp_loss":0,"event_name":"Nest","floor":24,"gold_loss":0},{"damage_healed":0,"gold_gain":0,"player_choice":"Simplicity","damage_taken":0,"max_hp_gain":0,"max_hp_loss":0,"event_name":"Back to Basics","floor":28,"gold_loss":0,"cards_upgraded":["Strike_G","Strike_G","Strike_G","Strike_G","Defend_G","Defend_G","Defend_G"]}],"is_beta":false,"boss_relics":[{"not_picked":["Black Star","Tiny House"],"picked":"Busted Crown"}],"items_purged_floors":[21,25],"is_endless":false,"potions_floor_spawned":[3,12,13,18,22,27],"killed_by":"Sentry and Sphere","ascension_level":0}}