{"host":"baymyijz6sxaqj5s","time":1609156416,"event":{"mods":["AchievementEnabler","BaseMod","Colored Map","Colored Powertips","DeckTracker","Highlight Path","KOR Keyword Fix","Keyboard Shortcuts","Minty Spire (QoL Compilation)","Quick Restart","StSLib","SuperFastMode"],"gold_per_floor":[116,96,114,130,141,141,141,141,141,161,172,74,105,119,119,217,217,227,227,227,237,170,182,182,282,305,305,305],"floor_reached":27,"playtime":669,"items_purged":[],"score":237,"play_id":"20b7f568-c205-456c-9577-2b57cd48e0cf","local_time":"20201228205336","is_ascension_mode":true,"campfire_choices":[{"floor":6,"key":"REST"},{"data":"Entrench","floor":8,"key":"SMITH"},{"data":"Body Slam","floor":15,"key":"SMITH"},{"floor":24,"key":"REST"}],"circlet_count":0,"master_deck":["Strike_R","Strike_R","Strike_R","Strike_R","Strike_R","Defend_R","Defend_R","Defend_R","Defend_R","Bash","Entrench+1","Sword Boomerang","Body Slam+1","Barricade","Shrug It Off","Heavy Blade","Thunderclap","Battle Trance","Seeing Red","Infernal Blade"],"relics":["Burning Blood","StoneCalendar","Peace Pipe","Sozu","Tiny Chest"],"acts_visited":["Exordium","TheCity"],"potions_floor_usage":[5,10,11,13],"damage_taken":[{"damage":3,"enemies":"Small Slimes","floor":1,"turns":3},{"damage":1,"enemies":"Cultist","floor":3,"turns":3},{"damage":3,"enemies":"2 Louse","floor":4,"turns":3},{"damage":49,"enemies":"Large Slime","floor":5,"turns":9},{"damage":1,"enemies":"2 Fungi Beasts","floor":10,"turns":3},{"damage":26,"enemies":"Exordium Wildlife","floor":11,"turns":7},{"damage":2,"enemies":"Lagavulin","floor":13,"turns":7},{"damage":25,"enemies":"Large Slime","floor":14,"turns":7},{"damage":25,"enemies":"Slime Boss","floor":16,"turns":13},{"damage":7,"enemies":"Chosen","floor":18,"turns":7},{"damage":49,"enemies":"Spheric Guardian","floor":21,"turns":7},{"damage":38,"enemies":"Centurion and Healer","floor":23,"turns":9},{"damage":47,"enemies":"Sentry and Sphere","floor":27,"turns":5}],"seed_played":"7527763345420251773","potions_obtained":[{"floor":2,"key":"Regen Potion"},{"floor":3,"key":"Explosive Potion"},{"floor":5,"key":"Explosive Potion"},{"floor":10,"key":"BloodPotion"}],"is_trial":false,"path_per_floor":["M","?","M","M","M","R","?","R","T","M","M","$","E","M","R","B",null,"M","?","?","M","$","M","R","?","T","M"],"character_chosen":"IRONCLAD","items_purchased":["Shrug It Off","Heavy Blade","Seeing Red"],"campfire_rested":2,"item_purchase_floors":[12,12,22],"current_hp_per_floor":[88,88,88,88,45,71,71,71,71,76,65,65,86,67,67,48,88,87,87,87,44,44,12,38,38,38,0,0],"gold":305,"neow_bonus":"TEN_PERCENT_HP_BONUS","is_daily":false,"chose_seed":false,"campfire_upgraded":2,"win_rate":0.0,"timestamp":1609156416,"path_taken":["M","?","M","M","?","R","?","R","T","M","M","$","E","M","R","BOSS","M","?","?","?","$","M","R","?","T","M"],"items_purchased_type":["Card","Card","Card"],"build_version":"2020-12-22","purchased_purges":0,"victory":false,"max_hp_per_floor":[88,88,88,88,88,88,88,88,88,88,88,88,88,88,88,88,88,88,88,88,88,88,88,88,88,88,88,88],"card_choices":[{"not_picked":["Flex","Combust","True Grit"],"picked":"SKIP","floor":1},{"not_picked":["Battle Trance","Combust"],"picked":"Entrench","floor":3},{"not_picked":["Evolve","Clash","Iron Wave"],"picked":"SKIP","floor":4},{"not_picked":["Havoc","Pommel Strike"],"picked":"Sword Boomerang","floor":5},{"not_picked":["Clash","Spot Weakness"],"picked":"Body Slam","floor":10},{"not_picked":["Wild Strike","Shrug It Off"],"picked":"Barricade","floor":11},{"not_picked":["Cleave","Heavy Blade","Infernal Blade"],"picked":"SKIP","floor":13},{"not_picked":["Flex","True Grit","Anger"],"picked":"SKIP","floor":14},{"not_picked":["Disarm","Evolve"],"picked":"Thunderclap","floor":18},{"not_picked":["Entrench","Warcry"],"picked":"Battle Trance","floor":21},{"not_picked":["Clothesline","Cleave"],"picked":"Infernal Blade","floor":23}],"player_experience":279403,"relics_obtained":[{"floor":9,"key":"StoneCalendar"},{"floor":13,"key":"Peace Pipe"},{"floor":26,"key":"Tiny Chest"}],"event_choices":[{"damage_healed":0,"gold_gain":0,"player_choice":"Bought 1 Potion","damage_taken":0,"max_hp_gain":0,"max_hp_loss":0,"event_name":"The Woman in Blue","floor":2,"gold_loss":0},{"damage_healed":0,"gold_gain":0,"player_choice":"Ignored","damage_taken":0,"max_hp_gain":0,"max_hp_loss":0,"event_name":"Liars Game","floor":7,"gold_loss":0},{"damage_healed":0,"gold_gain":0,"player_choice":"Ignored","damage_taken":0,"max_hp_gain":0,"max_hp_loss":0,"event_name":"Ghosts","floor":19,"gold_loss":0},{"damage_healed":0,"gold_gain":0,"player_choice":"Ignored","damage_taken":0,"max_hp_gain":0,"max_hp_loss":0,"event_name":"Vampires","floor":20,"gold_loss":0},{"damage_healed":0,"gold_gain":100,"player_choice":"Pray","damage_taken":0,"max_hp_gain":0,"max_hp_loss":0,"event_name":"Golden Shrine","floor":25,"gold_loss":0}],"is_beta":false,"boss_relics":[{"not_picked":["Fusion Hammer","Snecko Eye"],"picked":"Sozu"}],"items_purged_floors":[],"is_endless":false,"potions_floor_spawned":[3,5,10],"killed_by":"Sentry and Sphere","ascension_level":2}}