{"host":"x1qj4d8ympd5jdqh","time":1609159365,"event":{"mods":["AchievementEnabler","AlwaysNeverKeys","BaseMod","Colored Map","Custom Start","DeckTracker","Highlight Path","Minty Spire (QoL Compilation)","StSLib","SuperFastMode"],"gold_per_floor":[111,186,186,235,254,581,594,604,604,614,374,386,396,396,396,475,475,493,504,289,289,289,289],"floor_reached":22,"playtime":655,"items_purged":["Strike_R","Strike_R"],"score":426,"play_id":"e925b668-75a2-4df1-9247-c957614c865a","local_time":"20201228214245","is_ascension_mode":true,"campfire_choices":[{"data":"Armaments","floor":15.0,"key":"SMITH"}],"circlet_count":0,"master_deck":["AscendersBane","Strike_R","Strike_R","Strike_R+1","Defend_R","Defend_R+1","Defend_R","Defend_R","Bash","Clothesline","Pommel Strike","Shrug It Off","Armaments+1","Barricade","Evolve","Bloodletting","Bludgeon","Decay"],"relics":["Burning Blood","NeowsBlessing","Nunchaku","Old Coin","Gremlin Horn","Membership Card","Runic Pyramid","Incense Burner"],"acts_visited":["Exordium","TheCity"],"potions_floor_usage":[16],"damage_taken":[{"damage":0.0,"enemies":"Small Slimes","floor":1.0,"turns":1.0},{"damage":0.0,"enemies":"Jaw Worm","floor":5.0,"turns":1.0},{"damage":0.0,"enemies":"3 Sentries","floor":6.0,"turns":2.0},{"damage":6.0,"enemies":"Cultist","floor":7.0,"turns":3.0},{"damage":3.0,"enemies":"Looter","floor":8.0,"turns":2.0},{"damage":19.0,"enemies":"Exordium Wildlife","floor":10.0,"turns":4.0},{"damage":1.0,"enemies":"3 Louse","floor":12.0,"turns":7.0},{"damage":27.0,"enemies":"Exordium Thugs","floor":13.0,"turns":8.0},{"damage":25,"enemies":"The Guardian","floor":16,"turns":16},{"damage":38,"enemies":"Shell Parasite","floor":18,"turns":7},{"damage":13,"enemies":"Chosen","floor":19,"turns":6},{"damage":11,"enemies":"Snecko","floor":22,"turns":4}],"seed_played":"-3459489778244361021","potions_obtained":[{"floor":6.0,"key":"PowerPotion"},{"floor":7.0,"key":"Fire Potion"},{"floor":8.0,"key":"SneckoOil"},{"floor":16,"key":"SpeedPotion"}],"is_trial":false,"path_per_floor":["M","?","?","T","M","E","M","M","T","M","$","M","M","?","R","B",null,"M","M","$","?","M"],"character_chosen":"IRONCLAD","items_purchased":["Membership Card","LiquidBronze","Incense Burner"],"campfire_rested":0,"item_purchase_floors":[11,11,20],"current_hp_per_floor":[74,63,40,40,46,52,52,55,55,42,42,47,26,51,51,32,64,32,25,25,25,14,14],"gold":289,"neow_bonus":"THREE_ENEMY_KILL","is_daily":false,"chose_seed":false,"campfire_upgraded":1,"win_rate":0.0,"timestamp":1609159365,"path_taken":["M","?","?","?","?","E","?","M","T","M","$","M","M","?","R","BOSS","M","M","$","?","M"],"items_purchased_type":["Relic","Potion","Relic"],"build_version":"2020-12-22","purchased_purges":2,"victory":false,"max_hp_per_floor":[75,75,75,75,75,75,75,75,75,75,75,75,75,75,75,75,75,75,75,75,75,75,75],"card_choices":[{"not_picked":["Entrench","Power Through"],"picked":"Clothesline","floor":1.0},{"not_picked":["Cleave","Shrug It Off"],"picked":"Pommel Strike","floor":5.0},{"not_picked":["Anger","Sword Boomerang"],"picked":"Shrug It Off","floor":6.0},{"not_picked":["Metallicize","Anger"],"picked":"Armaments","floor":7.0},{"not_picked":["Thunderclap","Battle Trance"],"picked":"Barricade","floor":8.0},{"not_picked":["Thunderclap","Infernal Blade"],"picked":"Evolve","floor":10.0},{"not_picked":["Carnage","Dark Embrace"],"picked":"Bloodletting","floor":12.0},{"not_picked":["Blood for Blood","Anger","Havoc"],"picked":"SKIP","floor":13.0},{"not_picked":["Corruption","Exhume"],"picked":"Bludgeon","floor":16},{"not_picked":["Thunderclap","Shrug It Off","Heavy Blade"],"picked":"SKIP","floor":18},{"not_picked":["Sentinel","Pummel","Iron Wave"],"picked":"SKIP","floor":19}],"player_experience":1280021,"relics_obtained":[{"floor":4.0,"key":"Nunchaku"},{"floor":6.0,"key":"Old Coin"},{"floor":9.0,"key":"Gremlin Horn"}],"event_choices":[{"damage_healed":0.0,"max_hp_gain":0.0,"max_hp_loss":0.0,"gold_gain":75.0,"event_name":"World of Goop","player_choice":"Gather Gold","floor":2.0,"gold_loss":0.0,"damage_taken":11.0},{"damage_healed":0.0,"max_hp_gain":0.0,"max_hp_loss":0.0,"gold_gain":0.0,"event_name":"Shining Light","player_choice":"Entered Light","floor":3.0,"gold_loss":0.0,"damage_taken":23.0,"cards_upgraded":["Defend_R","Strike_R"]},{"damage_healed":25.0,"max_hp_gain":0.0,"max_hp_loss":0.0,"gold_gain":0.0,"event_name":"Big Fish","player_choice":"Banana","floor":14.0,"gold_loss":0.0,"damage_taken":0.0},{"damage_healed":0,"gold_gain":0,"player_choice":"Smashed Altar","damage_taken":0,"max_hp_gain":0,"max_hp_loss":0,"event_name":"Forgotten Altar","floor":21,"gold_loss":0,"cards_obtained":["Decay"]}],"is_beta":false,"boss_relics":[{"not_picked":["Astrolabe","Sozu"],"picked":"Runic Pyramid"}],"items_purged_floors":[11,20],"is_endless":false,"potions_floor_spawned":[6,7,8,13,16,19],"killed_by":"Snecko","ascension_level":20}}