{"host":"m77rrhbqzv44va4v","time":1609133022,"event":{"mods":["AchievementEnabler","BaseMod","Colored Map","DeckTracker","Keyboard Shortcuts","Minty Spire (QoL Compilation)","StSLib","SuperFastMode","everything is the same but u backflip on backflip"],"gold_per_floor":[16,31,31,44,44,44,65,78,78,78,28,42,42,65,65,184,184,207,65,115,136,150,150,75,75,75,275,311,332,332,332,332],"floor_reached":31,"playtime":732,"items_purged":["Strike_B"],"score":346,"play_id":"9e72b5bb-df44-4542-93f7-cc5a72b22cf3","local_time":"20201228142342","is_ascension_mode":true,"campfire_choices":[{"data":"Dualcast","floor":6,"key":"SMITH"},{"floor":10,"key":"REST"},{"data":"Darkness","floor":13,"key":"SMITH"},{"data":"Redo","floor":15,"key":"SMITH"},{"floor":23,"key":"REST"},{"floor":30,"key":"REST"}],"circlet_count":0,"master_deck":["Strike_B","Strike_B","Defend_B","Defend_B","Defend_B","Zap","Dualcast+1","Beam Cell","Genetic Algorithm+1","Cold Snap","Darkness+1","Redo+1","Coolheaded","Biased Cognition","Capacitor","Conserve Battery","Ball Lightning","Go for the Eyes+1"],"relics":["Cracked Core","Turnip","Golden Idol","Pear","Snecko Eye","Symbiotic Virus","TungstenRod"],"acts_visited":["Exordium","TheCity"],"potions_floor_usage":[16,18,22],"damage_taken":[{"damage":2.0,"enemies":"Jaw Worm","floor":1.0,"turns":3.0},{"damage":12.0,"enemies":"Small Slimes","floor":2.0,"turns":3.0},{"damage":9,"enemies":"2 Louse","floor":4,"turns":2},{"damage":6,"enemies":"Exordium Wildlife","floor":7,"turns":3},{"damage":29,"enemies":"Gremlin Gang","floor":8,"turns":4},{"damage":2,"enemies":"3 Louse","floor":12,"turns":4},{"damage":10,"enemies":"Large Slime","floor":14,"turns":5},{"damage":9,"enemies":"The Guardian","floor":16,"turns":9},{"damage":31,"enemies":"2 Thieves","floor":18,"turns":4},{"damage":12,"enemies":"Chosen","floor":21,"turns":6},{"damage":15,"enemies":"Sentry and Sphere","floor":22,"turns":5},{"damage":64,"enemies":"Gremlin Leader","floor":28,"turns":7},{"damage":15,"enemies":"Cultist and Chosen","floor":29,"turns":8},{"damage":0,"enemies":"Chosen and Byrds","floor":31,"turns":1}],"seed_played":"5961680094956873831","potions_obtained":[{"floor":1.0,"key":"GamblersBrew"},{"floor":7,"key":"FairyPotion"},{"floor":8,"key":"PowerPotion"},{"floor":14,"key":"Explosive Potion"},{"floor":18,"key":"SteroidPotion"},{"floor":21,"key":"Block Potion"},{"floor":28,"key":"Fire Potion"}],"is_trial":false,"path_per_floor":["M","M","?","M","?","R","M","M","T","R","?","M","R","M","R","B",null,"M","$","?","M","M","R","?","?","T","?","E","M","R","M"],"character_chosen":"DEFECT","items_purchased":["Capacitor"],"campfire_rested":3,"item_purchase_floors":[19],"current_hp_per_floor":[66,54,54,45,45,45,39,10,20,43,43,41,41,31,31,22,65,34,34,34,22,7,30,30,56,56,56,23,8,31,31,31],"gold":332,"neow_bonus":"ONE_RARE_RELIC","is_daily":false,"chose_seed":false,"campfire_upgraded":3,"win_rate":0.0,"timestamp":1609133022,"path_taken":["M","M","?","M","?","R","M","M","T","R","?","M","R","M","R","BOSS","M","$","?","?","M","R","?","?","T","?","E","M","R","M"],"items_purchased_type":["Card"],"build_version":"2020-12-22","purchased_purges":1,"victory":false,"max_hp_per_floor":[75,75,75,75,69,69,69,69,79,79,79,79,79,79,79,79,79,79,79,79,79,79,79,79,79,79,79,79,79,79,79,79],"card_choices":[{"not_picked":["Rebound","Reinforced Body"],"picked":"Beam Cell","floor":1.0},{"not_picked":["Melter","Coolheaded"],"picked":"Genetic Algorithm","floor":2.0},{"not_picked":["Leap","Aggregate"],"picked":"Cold Snap","floor":4},{"not_picked":["Blizzard","Rebound"],"picked":"Darkness","floor":7},{"not_picked":["Barrage","Hologram"],"picked":"Redo","floor":8},{"not_picked":["Hologram","Redo","Steam"],"picked":"SKIP","floor":12},{"not_picked":["Reboot","Ball Lightning"],"picked":"Coolheaded","floor":14},{"not_picked":["Machine Learning","Reboot"],"picked":"Biased Cognition","floor":16},{"not_picked":["Melter","Cold Snap+1","Barrage+1"],"picked":"SKIP","floor":18},{"not_picked":["Cold Snap+1","Tempest"],"picked":"Conserve Battery","floor":21},{"not_picked":["Leap","Auto Shields"],"picked":"Ball Lightning","floor":22},{"not_picked":["Capacitor","Beam Cell+1","Gash+1"],"picked":"SKIP","floor":28},{"not_picked":["Double Energy","Ball Lightning"],"picked":"Go for the Eyes+1","floor":29}],"player_experience":821511,"relics_obtained":[{"floor":9,"key":"Pear"},{"floor":26,"key":"Symbiotic Virus"},{"floor":28,"key":"TungstenRod"}],"event_choices":[{"damage_healed":0,"gold_gain":0,"player_choice":"Grow","damage_taken":0,"max_hp_gain":0,"max_hp_loss":0,"event_name":"Living Wall","floor":3,"gold_loss":0,"cards_upgraded":["Genetic Algorithm"]},{"damage_healed":0,"gold_gain":0,"player_choice":"Lose Max HP","damage_taken":0,"relics_obtained":["Golden Idol"],"max_hp_gain":0,"max_hp_loss":6,"event_name":"Golden Idol","floor":5,"gold_loss":0},{"cards_removed":["Strike_B"],"damage_healed":0,"gold_gain":0,"player_choice":"Card Removal","damage_taken":0,"max_hp_gain":0,"max_hp_loss":0,"event_name":"The Cleric","floor":11,"gold_loss":50},{"damage_healed":0,"gold_gain":100,"player_choice":"Bet on Murderer","damage_taken":0,"max_hp_gain":0,"max_hp_loss":0,"event_name":"The Joust","floor":20,"gold_loss":50},{"cards_removed":["Defend_B"],"damage_healed":0,"gold_gain":0,"player_choice":"Gave Gold","damage_taken":0,"max_hp_gain":0,"max_hp_loss":0,"event_name":"Beggar","floor":24,"gold_loss":75},{"damage_healed":26,"gold_gain":0,"player_choice":"Heal","damage_taken":0,"max_hp_gain":0,"max_hp_loss":0,"event_name":"The Library","floor":25,"gold_loss":0},{"damage_healed":0,"gold_gain":200,"player_choice":"Gold","damage_taken":0,"max_hp_gain":0,"max_hp_loss":0,"event_name":"Wheel of Change","floor":27,"gold_loss":0}],"is_beta":false,"boss_relics":[{"not_picked":["Astrolabe","Runic Dome"],"picked":"Snecko Eye"}],"items_purged_floors":[19],"is_endless":false,"potions_floor_spawned":[1,7,8,14,18,21,28],"killed_by":"Chosen and Byrds","ascension_level":8}}