{"host":"a5lz0e76zb3fcwkm","time":1609159442,"event":{"mods":["AchievementEnabler","BaseMod","Colored Map","Colored Powertips","Minty Spire (QoL Compilation)","StSLib","SuperFastMode"],"gold_per_floor":[360,360,57,76,88,88,106,106,187,187,187],"floor_reached":10,"playtime":192,"items_purged":["Parasite"],"score":116,"play_id":"b07cdccc-5be9-499c-98ba-ce75969187e4","local_time":"20201228214402","is_ascension_mode":true,"campfire_choices":[{"data":"Wild Strike","floor":6,"key":"SMITH"},{"data":"Wild Strike","floor":8,"key":"SMITH"}],"circlet_count":0,"master_deck":["AscendersBane","Strike_R","Strike_R","Strike_R","Strike_R+1","Strike_R","Defend_R","Defend_R","Defend_R","Defend_R","Bash+1","Shrug It Off","Wild Strike+1","Wild Strike+1"],"relics":["Burning Blood","Bag of Preparation","Frozen Egg 2"],"acts_visited":["Exordium"],"potions_floor_usage":[10],"damage_taken":[{"damage":6,"enemies":"2 Louse","floor":1,"turns":3},{"damage":7,"enemies":"Jaw Worm","floor":4,"turns":3},{"damage":0,"enemies":"Cultist","floor":5,"turns":2},{"damage":32,"enemies":"Large Slime","floor":7,"turns":8},{"damage":29,"enemies":"3 Sentries","floor":10,"turns":6}],"seed_played":"8465586548034523908","potions_obtained":[{"floor":1,"key":"DuplicationPotion"}],"is_trial":false,"path_per_floor":["M","?","$","M","M","R","M","R","T","E"],"character_chosen":"IRONCLAD","items_purchased":["Bag of Preparation","Shrug It Off"],"campfire_rested":0,"item_purchase_floors":[3,3],"current_hp_per_floor":[68,45,45,44,50,50,24,24,24,0,0],"gold":187,"neow_bonus":"TWO_FIFTY_GOLD","is_daily":false,"chose_seed":false,"campfire_upgraded":2,"win_rate":0.0,"timestamp":1609159442,"path_taken":["M","?","$","M","M","R","M","R","T","E"],"items_purchased_type":["Relic","Card"],"build_version":"2020-12-22","purchased_purges":1,"victory":false,"max_hp_per_floor":[75,75,72,72,72,72,72,72,72,72,72],"card_choices":[{"not_picked":["Perfected Strike","Ghostly Armor","Clothesline"],"picked":"SKIP","floor":1},{"not_picked":["Shrug It Off","Perfected Strike"],"picked":"Wild Strike","floor":4},{"not_picked":["Iron Wave","Clothesline","Twin Strike"],"picked":"SKIP","floor":5},{"not_picked":["True Grit","Twin Strike"],"picked":"Wild Strike","floor":7}],"player_experience":1655348,"relics_obtained":[{"floor":9,"key":"Frozen Egg 2"}],"event_choices":[{"damage_healed":0,"gold_gain":0,"player_choice":"Entered Light","damage_taken":23,"max_hp_gain":0,"max_hp_loss":0,"event_name":"Shining Light","floor":2,"gold_loss":0,"cards_upgraded":["Strike_R","Bash"]}],"is_beta":false,"boss_relics":[],"items_purged_floors":[3],"is_endless":false,"potions_floor_spawned":[1],"killed_by":"3 Sentries","ascension_level":20}}