{"host":"h78e02h09yhg9y5r","time":1609169673,"event":{"mods":["ATMod(阿瑾Mod)","AchievementEnabler","Act Like it!","Arknights The Spire","Aspiration","BaseMod","BetterRewards","Dota2Spire","Hermit","KinomotoSakuraMod(木之本樱)","Minty Spire (QoL Compilation)","MostiFishMod","RumiaBox-露米娅的神秘盒子","SIMod","Shop Mod","Spicy Shops","StSLib","The Runesmith","【功能Mod】混沌之环修复补丁"],"gold_per_floor":[117,117,117,117,117,155,180,205,232,266,279,298,339,357,357,488,488,516,541,553,584,596,642,678,690,702,714,70,70,108,125,125,252,252,277,277,610,710,155,175,175,187,211,306,349,403,403,72,72,99],"floor_reached":51,"playtime":2090,"items_purged":["ats:Defend","Writhe","Injury","ats:Strike C","ats:Strike V"],"score":1137,"play_id":"c8a46f38-dc33-4ad1-aabe-6b4db29c3a1f","local_time":"20201228233433","is_ascension_mode":false,"campfire_choices":[{"floor":15,"key":"REST"},{"floor":25,"key":"REST"},{"data":"AT_MachinaRedman","floor":32,"key":"SMITH"},{"data":"AT_MachinaRedman","floor":41,"key":"SMITH"},{"data":"ats:Ambush","floor":47,"key":"SMITH"},{"data":"ats:Calcification","floor":49,"key":"SMITH"}],"circlet_count":0,"master_deck":["ats:Strike G","ats:Strike S","ats:Armor Crushing Shot","ats:Defend","ats:Defend","ats:Defend","ats:Emotion Absorption","AT_MachinaRedman+1","ats:Explosion Area Strengthen","ats:Ambush+1","ats:Rapid Magazine","ats:True Silver Slash+1","ats:Leaping Hammer+1","ats:Calcification+1","CurseOfTheBell","ats:Poison Spread+1","ats:Song Of Battle+1","ats:Charging Defense","MostiFishMod:KingOfFree+1","AT_MachinaRedman+1","ats:Shadow Assault+1"],"relics":["ats:Sanity","DaveBox","AT_ATBox","Dodecahedron","SentryEyes","SynthV:TestCard","Pyrelight","aspiration:BabyByrd","Molten Egg 2","Boot","Ccalipers","MagicDraw4","Calling Bell","Torii","Dota2Spire:CrimsonGuard","MawBank","Dota2Spire:OctarineCore","Toy Ornithopter","Bottled Lightning","AT_BellowingDragoncrestRing","Dota2Spire:ArmletOfMordiggian","Transparent","HandDrill","Ornamental Fan","AT_MibuBalloonWealth","HornCleat","Dota2Spire:BladeMail"],"acts_visited":["Exordium","TheCity","TheBeyond"],"potions_floor_usage":[7,23,50,50],"damage_taken":[{"damage":0,"enemies":"2 Louse","floor":1,"turns":1},{"damage":8,"enemies":"Gremlin Nob","floor":6,"turns":3},{"damage":0,"enemies":"Small Slimes","floor":7,"turns":1},{"damage":0,"enemies":"Jaw Worm","floor":8,"turns":1},{"damage":8,"enemies":"Lagavulin","floor":10,"turns":3},{"damage":0,"enemies":"3 Louse","floor":11,"turns":1},{"damage":2,"enemies":"Exordium Thugs","floor":12,"turns":2},{"damage":0,"enemies":"3 Sentries","floor":13,"turns":1},{"damage":6,"enemies":"Blue Slaver","floor":14,"turns":2},{"damage":27,"enemies":"Hexaghost","floor":16,"turns":5},{"damage":6,"enemies":"Shell Parasite","floor":18,"turns":3},{"damage":9,"enemies":"3 Byrds","floor":19,"turns":2},{"damage":0,"enemies":"Snake Plant","floor":21,"turns":3},{"damage":3,"enemies":"Gremlin Leader","floor":23,"turns":3},{"damage":10,"enemies":"Shelled Parasite and Fungi","floor":24,"turns":3},{"damage":0,"enemies":"Book of Stabbing","floor":30,"turns":1},{"damage":0,"enemies":"Centurion and Healer","floor":31,"turns":2},{"damage":44,"enemies":"Champ","floor":33,"turns":7},{"damage":7,"enemies":"Orb Walker","floor":35,"turns":1},{"damage":15,"enemies":"3 Darklings","floor":40,"turns":2},{"damage":22,"enemies":"4 Shapes","floor":42,"turns":2},{"damage":7,"enemies":"Jaw Worm Horde","floor":44,"turns":1},{"damage":28,"enemies":"Transient","floor":45,"turns":5},{"damage":14,"enemies":"Nemesis","floor":46,"turns":2},{"damage":28,"enemies":"Time Eater","floor":50,"turns":5}],"seed_played":"-7285262446752993103","potions_obtained":[{"floor":6,"key":"Fruit Juice"},{"floor":8,"key":"Ancient Potion"},{"floor":10,"key":"Explosive Potion"},{"floor":16,"key":"ColorlessPotion"},{"floor":21,"key":"Dota2Spire:HealingSalve"},{"floor":31,"key":"Ancient Potion"}],"is_trial":false,"path_per_floor":["M","?","?","?","?","E","M","M","T","E","M","M","E","M","R","B",null,"M","M","$","M","?","E","M","R","T","?","$","?","E","M","R","B",null,"M","?","?","?","$","M","R","M","T","M","M","E","R","$","R","B",null],"character_chosen":"DOCTOR_CLASS","items_purchased":["Dodecahedron","AT_BellowingDragoncrestRing","MostiFishMod:KingOfFree+1","HandDrill","Ornamental Fan","Dota2Spire:BladeMail"],"campfire_rested":2,"item_purchase_floors":[0,28,28,39,39,48],"current_hp_per_floor":[72,72,72,72,72,64,69,69,69,61,61,59,59,53,76,50,77,71,65,65,66,66,67,59,77,77,77,77,77,77,77,77,40,77,77,77,77,77,77,77,77,77,77,77,77,77,77,77,77,77],"gold":99,"neow_bonus":"","is_daily":false,"chose_seed":false,"campfire_upgraded":4,"win_rate":0.0,"timestamp":1609169673,"path_taken":["M","?","?","?","?","E","M","M","T","E","M","M","E","M","R","BOSS","M","M","$","M","?","E","M","R","T","?","$","?","E","?","R","BOSS","M","?","?","?","$","M","R","?","T","M","M","E","R","$","R","BOSS"],"items_purchased_type":["Relic","Relic","Card","Relic","Relic","Relic"],"build_version":"2020-12-22","purchased_purges":5,"victory":true,"max_hp_per_floor":[72,72,72,72,72,72,77,77,77,77,77,77,77,77,77,77,77,77,77,77,77,77,77,77,77,77,77,77,77,77,77,77,77,77,77,77,77,77,77,77,77,77,77,77,77,77,77,77,77,77],"card_choices":[{"not_picked":["ats:Neurotoxin","ats:Hammer On"],"picked":"ats:Explosion Area Strengthen","floor":1},{"not_picked":["ats:Very Hot Blade+1","ats:Curse Doll","ats:Revitalization","ats:Burning Ground","ats:Explosion Area Strengthen+1"],"picked":"SKIP","floor":6},{"not_picked":["ats:Encircling Forest","ats:Explosion Area Strengthen+1","ats:Song Of Battle","ats:Mental Burst+1","ats:Consecutive Shot Auto+1"],"picked":"SKIP","floor":7},{"not_picked":["ats:Revitalization","ats:Curse Doll","ats:Shell Defense","ats:Part Time Job","ats:Powerful Strike+1"],"picked":"SKIP","floor":8},{"not_picked":["ats:Consecutive Shot Auto+1","ats:Curse Doll","ats:Charging Defense","ats:Burning Ground"],"picked":"ats:Ambush","floor":10},{"not_picked":["ats:Apocalypse","ats:Thermite Blade+1","ats:Ignite+1","ats:Spore Proliferation","ats:Consecutive Shot Auto+1"],"picked":"SKIP","floor":11},{"not_picked":["ats:Counter Healing Mode","ats:Apocalypse","ats:Spore Proliferation","ats:Hammer On+1"],"picked":"ats:Rapid Magazine","floor":12},{"not_picked":["ats:Explosion Area Strengthen+1","ats:Neurotoxin","ats:Ignite+1","ats:Blood Oath+1"],"picked":"ats:True Silver Slash+1","floor":13},{"not_picked":["ats:Hammer On+1","ats:Shell Defense","ats:Automatic Cover","ats:Guardian Obelisk"],"picked":"ats:Leaping Hammer+1","floor":14},{"not_picked":["ats:Dogmatic Field","ats:Disruption Kick+1","ats:Ambush","ats:Nebulous Foxfire"],"picked":"ats:Calcification","floor":16},{"not_picked":["ats:Assault Order","ats:Ignite+1","ats:Apocalypse","ats:Consecutive Shot Auto+1"],"picked":"ats:Poison Spread+1","floor":18},{"not_picked":["ats:Healing Strengthening","ats:Apocalypse+1","ats:Revitalization+1","ats:Ignite+1","ats:Encircling Forest"],"picked":"SKIP","floor":19},{"not_picked":["ats:Flexible Camouflage","ats:Leaping Hammer+1","ats:Cat Scratch+1","ats:Consecutive Shot Auto+1","ats:Calcification"],"picked":"SKIP","floor":21},{"not_picked":["ats:Closed Bolt Burst Fire+1","ats:Defend Order","ats:Cat Scratch+1","ats:Hook Shot"],"picked":"ats:Song Of Battle+1","floor":23},{"not_picked":["ats:Hammer On+1","ats:Part Time Job","ats:Revitalization","ats:Apocalypse"],"picked":"ats:Charging Defense","floor":24},{"not_picked":["ats:Curse Doll+1","ats:Shell Defense","ats:Closed Bolt Burst Fire+1","ats:Cat Scratch+1","ats:Childhood Dance+1"],"picked":"SKIP","floor":30},{"not_picked":["ats:Cat Scratch+1","ats:Curse Doll","ats:Ignite+1","ats:Powerful Strike+1","ats:Mental Burst+1"],"picked":"SKIP","floor":31},{"not_picked":["ats:Wolf Pack+1","ats:Dogmatic Field","ats:Disruption Kick+1","ats:Calcification"],"picked":"ats:Shadow Assault+1","floor":33},{"not_picked":["ats:Flame Of Heaven+1","ats:LN2 Cannon+1","ats:Shell Defense+1","ats:Poison Spread+1","ats:Explosion Area Strengthen+1"],"picked":"SKIP","floor":35},{"not_picked":["ats:Hook Shot","ats:Assault Order+1","ats:Burning Ground","ats:Explosion Area Strengthen+1","ats:Hammer On+1"],"picked":"SKIP","floor":40},{"not_picked":["ats:Leaping Hammer+1","ats:Explosion Area Strengthen+1","ats:Consecutive Shot Auto+1","ats:Hook Shot","ats:Apocalypse"],"picked":"SKIP","floor":42},{"not_picked":["ats:Curse Doll+1","ats:Consecutive Shot Auto+1","ats:True Silver Slash+1","ats:Poison Spread+1","ats:Ignite+1"],"picked":"SKIP","floor":44},{"not_picked":["ats:Automatic Cover","ats:Revitalization+1","ats:Powerful Strike+1","ats:Directed Diagnosis+1","ats:Thermite Blade+1"],"picked":"SKIP","floor":45},{"not_picked":["ats:Shell Defense","ats:Consecutive Shot Auto+1","ats:Spore Proliferation","ats:Assault Order","ats:Leaping Hammer+1"],"picked":"SKIP","floor":46}],"player_experience":489327,"relics_obtained":[{"floor":1,"key":"SynthV:TestCard"},{"floor":6,"key":"Molten Egg 2"},{"floor":9,"key":"Boot"},{"floor":10,"key":"Ccalipers"},{"floor":13,"key":"MagicDraw4"},{"floor":17,"key":"Torii"},{"floor":17,"key":"Dota2Spire:CrimsonGuard"},{"floor":17,"key":"MawBank"},{"floor":23,"key":"Toy Ornithopter"},{"floor":26,"key":"Bottled Lightning"},{"floor":30,"key":"Dota2Spire:ArmletOfMordiggian"},{"floor":43,"key":"AT_MibuBalloonWealth"},{"floor":46,"key":"HornCleat"}],"event_choices":[{"damage_healed":0,"gold_gain":0,"player_choice":"Take Wound","damage_taken":0,"relics_obtained":["Golden Idol"],"max_hp_gain":0,"max_hp_loss":0,"event_name":"Golden Idol","floor":4,"gold_loss":0,"cards_obtained":["Injury"]},{"damage_healed":0,"gold_gain":0,"player_choice":"Opened","damage_taken":0,"relics_obtained":["Dota2Spire:OctarineCore"],"max_hp_gain":0,"max_hp_loss":0,"event_name":"The Mausoleum","floor":22,"gold_loss":0,"cards_obtained":["Writhe"]},{"damage_healed":0,"gold_gain":0,"player_choice":"Copied","damage_taken":0,"max_hp_gain":0,"max_hp_loss":0,"event_name":"Duplicator","floor":29,"gold_loss":0,"cards_obtained":["AT_MachinaRedman"]},{"damage_healed":0,"gold_gain":0,"player_choice":"Memory 1","damage_taken":0,"max_hp_gain":0,"max_hp_loss":0,"event_name":"SensoryStone","floor":36,"gold_loss":0},{"damage_healed":0,"gold_gain":333,"player_choice":"Gave Idol","damage_taken":0,"max_hp_gain":0,"max_hp_loss":0,"event_name":"The Moai Head","floor":37,"relics_lost":["Golden Idol"],"gold_loss":0},{"damage_healed":0,"gold_gain":100,"player_choice":"Pray","damage_taken":0,"max_hp_gain":0,"max_hp_loss":0,"event_name":"Golden Shrine","floor":38,"gold_loss":0}],"is_beta":false,"boss_relics":[{"not_picked":["Black Star","FixedStarFall"],"picked":"Calling Bell"},{"not_picked":["FrostBlade","Coffee Dripper"],"picked":"Transparent"}],"items_purged_floors":[0,28,28,39,48],"is_endless":false,"potions_floor_spawned":[6,8,10,16,18,21,31,35,40,46],"ascension_level":0}}