{"host":"llw0pmdvm5059l3n","time":1609192129,"event":{"mods":["BaseMod","Block Reminder","Challenge The Spire","Colored Map","Custom Start","DeckTracker","Downfall","Duelist Mod","Hermit","Highlight Path","Marisa（霧雨　魔理沙）","Minty Spire (QoL Compilation)","Permanent Neow","Random Character Button","Remilia（蕾米莉亚）","Shop Mod","StSLib","The Senshi","Yuyuko"],"gold_per_floor":[112,112,212,223,82,82,7,20,74,100,100,116,131,151,151,254,254,274,274,290,310,310,310,310],"floor_reached":23,"playtime":1257,"items_purged":["Strike_P"],"score":203,"play_id":"49cf81e5-c0c5-4d67-b3d5-e166fd365b0b","local_time":"20201228224849","is_ascension_mode":true,"campfire_choices":[{"floor":6,"key":"REST"},{"floor":15,"key":"REST"}],"circlet_count":0,"master_deck":["Strike_P+1","Strike_P+1","Strike_P+1","Defend_P+1","Defend_P+1","Defend_P+1","Defend_P+1","Eruption","Vigilance","PathToVictory+1","Alpha+1","EmptyBody","DeusExMachina","Parasite","EmptyMind","ThirdEye","Sanctity","LessonLearned","PathToVictory","LikeWater","JustLucky"],"relics":["PureWater","NeowsBlessing","Toy Ornithopter","ScarletDevilRocket","Black Star"],"acts_visited":["Exordium","TheCity"],"potions_floor_usage":[16,16,23,23],"damage_taken":[{"damage":0,"enemies":"Small Slimes","floor":1,"turns":1},{"damage":0,"enemies":"Cultist","floor":4,"turns":1},{"damage":0,"enemies":"Jaw Worm","floor":8,"turns":1},{"damage":53,"enemies":"Gremlin Nob","floor":10,"turns":5},{"damage":0,"enemies":"2 Fungi Beasts","floor":12,"turns":3},{"damage":8,"enemies":"Gremlin Gang","floor":13,"turns":5},{"damage":4,"enemies":"Exordium Wildlife","floor":14,"turns":5},{"damage":5,"enemies":"Hexaghost","floor":16,"turns":8},{"damage":12,"enemies":"Shell Parasite","floor":18,"turns":4},{"damage":21,"enemies":"2 Thieves","floor":20,"turns":4},{"damage":13,"enemies":"Chosen and Byrds","floor":21,"turns":4},{"damage":48,"enemies":"Slavers","floor":23,"turns":4}],"seed_played":"-5240134616125946312","potions_obtained":[{"floor":10,"key":"Block Potion"},{"floor":12,"key":"EssenceOfSteel"},{"floor":13,"key":"Explosive Potion"},{"floor":16,"key":"Fire Potion"},{"floor":20,"key":"CultistPotion"}],"is_trial":false,"path_per_floor":["M","?","?","M","$","R","$","M","T","E","?","M","M","M","R","B",null,"M","?","M","M","?","E"],"character_chosen":"WATCHER","items_purchased":["Alpha"],"campfire_rested":2,"item_purchase_floors":[5],"current_hp_per_floor":[72,58,58,58,58,72,72,72,72,19,37,37,29,25,46,51,72,60,60,39,26,26,0,0],"gold":310,"neow_bonus":"THREE_ENEMY_KILL","is_daily":false,"chose_seed":false,"campfire_upgraded":0,"win_rate":0.0,"timestamp":1609192129,"path_taken":["M","?","?","?","?","R","$","M","T","E","?","M","M","M","R","BOSS","M","?","M","?","?","E"],"items_purchased_type":["Card"],"build_version":"2020-12-22","purchased_purges":1,"victory":false,"max_hp_per_floor":[72,72,72,72,72,72,72,72,72,72,72,72,72,72,72,72,72,72,72,72,72,72,72,72],"card_choices":[{"not_picked":["Prostrate","InnerPeace"],"picked":"PathToVictory","floor":1},{"not_picked":["Adaptation","SignatureMove","FlyingSleeves"],"picked":"SKIP","floor":4},{"not_picked":["CrushJoints","CutThroughFate"],"picked":"EmptyBody","floor":8},{"not_picked":["InnerPeace","ClearTheMind"],"picked":"DeusExMachina","floor":10},{"not_picked":["Wireheading","Tantrum"],"picked":"EmptyMind","floor":12},{"not_picked":["Crescendo","FollowUp"],"picked":"ThirdEye","floor":13},{"not_picked":["TalkToTheHand","Consecrate"],"picked":"Sanctity","floor":14},{"not_picked":["ConjureBlade","Establishment"],"picked":"LessonLearned","floor":16},{"not_picked":["EmptyMind","FlurryOfBlows"],"picked":"PathToVictory","floor":18},{"not_picked":["MentalFortress","WheelKick"],"picked":"LikeWater","floor":20},{"not_picked":["FollowUp","CutThroughFate"],"picked":"JustLucky","floor":21}],"player_experience":116871,"relics_obtained":[{"floor":9,"key":"Toy Ornithopter"},{"floor":10,"key":"ScarletDevilRocket"}],"event_choices":[{"damage_healed":0,"gold_gain":0,"player_choice":"Entered Light","damage_taken":14,"max_hp_gain":0,"max_hp_loss":0,"event_name":"Shining Light","floor":2,"gold_loss":0,"cards_upgraded":["Strike_P","PathToVictory"]},{"damage_healed":0,"gold_gain":100,"player_choice":"Pray","damage_taken":0,"max_hp_gain":0,"max_hp_loss":0,"event_name":"Golden Shrine","floor":3,"gold_loss":0},{"damage_healed":18,"gold_gain":0,"player_choice":"Healed and dodged fight","damage_taken":0,"max_hp_gain":0,"max_hp_loss":0,"event_name":"Mushrooms","floor":11,"gold_loss":0,"cards_obtained":["Parasite"]},{"damage_healed":0,"gold_gain":0,"player_choice":"Forge","damage_taken":0,"max_hp_gain":0,"max_hp_loss":0,"event_name":"Accursed Blacksmith","floor":19,"gold_loss":0,"cards_upgraded":["Alpha"]},{"damage_healed":0,"gold_gain":0,"player_choice":"Simplicity","damage_taken":0,"max_hp_gain":0,"max_hp_loss":0,"event_name":"Back to Basics","floor":22,"gold_loss":0,"cards_upgraded":["Strike_P","Strike_P","Defend_P","Defend_P","Defend_P","Defend_P"]}],"is_beta":false,"boss_relics":[{"not_picked":["Runic Dome","Coffee Dripper"],"picked":"Black Star"}],"items_purged_floors":[7],"is_endless":false,"potions_floor_spawned":[10,12,13,16,20,21],"killed_by":"Slavers","ascension_level":1}}