{"host":"x4eg333i40dafwq4","time":1609133081,"event":{"mods":["AchievementEnabler","BaseMod","Bestiary","Colored Powertips","Minty Spire (QoL Compilation)","Relic Stats"],"gold_per_floor":[115,128,147,162,162,200,37,37,87,87,87,112,143,161,161,260,260,278,9,24,24,24,64,64,87,112,6,24,24,24,49,49,49,49],"floor_reached":33,"playtime":1673,"items_purged":[],"score":554,"play_id":"16afd7ab-98da-4d96-a25e-34ec2953c48a","local_time":"20201228002441","is_ascension_mode":true,"campfire_choices":[{"data":"Skewer","floor":8,"key":"SMITH"},{"data":"Crippling Poison","floor":11,"key":"SMITH"},{"data":"Blade Dance","floor":15,"key":"SMITH"},{"data":"Footwork","floor":24,"key":"SMITH"},{"floor":30,"key":"REST"},{"data":"Apotheosis","floor":32,"key":"SMITH"}],"circlet_count":0,"master_deck":["AscendersBane","Strike_G","Strike_G","Strike_G","Defend_G","Defend_G","Defend_G","Defend_G","Defend_G","Survivor","Neutralize","CurseOfTheBell","Bouncing Flask","Crippling Poison+1","Skewer+1","Sucker Punch","Blade Dance+1","Dash","Bane","Burst","Blur","Apotheosis+1","Footwork+1","Acrobatics","Sucker Punch","Deflect","Dodge and Roll","Footwork","PiercingWail","Night Terror"],"relics":["Calling Bell","Ancient Tea Set","Ninja Scroll","Du-Vu Doll","Golden Idol","Sundial","PreservedInsect","MealTicket","Art of War","Empty Cage","MutagenicStrength","Matryoshka","Mercury Hourglass"],"acts_visited":["Exordium","TheCity"],"potions_floor_usage":[23,25,33],"damage_taken":[{"damage":0,"enemies":"Cultist","floor":1,"turns":3},{"damage":0,"enemies":"Jaw Worm","floor":2,"turns":3},{"damage":4,"enemies":"2 Louse","floor":3,"turns":2},{"damage":4,"enemies":"Red Slaver","floor":4,"turns":3},{"damage":12,"enemies":"Lagavulin","floor":6,"turns":5},{"damage":0,"enemies":"Exordium Thugs","floor":12,"turns":2},{"damage":6,"enemies":"Gremlin Nob","floor":13,"turns":3},{"damage":15,"enemies":"Large Slime","floor":14,"turns":5},{"damage":35,"enemies":"Slime Boss","floor":16,"turns":8},{"damage":0,"enemies":"3 Byrds","floor":18,"turns":7},{"damage":15,"enemies":"Chosen","floor":20,"turns":4},{"damage":13,"enemies":"Gremlin Leader","floor":23,"turns":4},{"damage":24,"enemies":"3 Cultists","floor":25,"turns":6},{"damage":12,"enemies":"Snake Plant","floor":28,"turns":6},{"damage":0,"enemies":"Snecko","floor":31,"turns":2},{"damage":55,"enemies":"Champ","floor":33,"turns":11}],"seed_played":"7091019606705475411","potions_obtained":[{"floor":1,"key":"Energy Potion"},{"floor":4,"key":"LiquidBronze"},{"floor":23,"key":"FairyPotion"},{"floor":25,"key":"FearPotion"}],"is_trial":false,"path_per_floor":["M","M","M","M","?","E","$","R","T","?","R","M","E","M","R","B",null,"M","$","M","?","?","E","R","M","T","$","M","?","R","M","R","B"],"character_chosen":"THE_SILENT","items_purchased":["PreservedInsect","Apotheosis","Footwork","Footwork","PiercingWail"],"campfire_rested":1,"item_purchase_floors":[7,19,19,27,27],"current_hp_per_floor":[59,59,55,51,51,39,39,39,39,60,60,60,54,39,39,4,46,46,60,45,45,45,32,32,8,8,23,11,11,29,29,29,0,0],"gold":49,"neow_bonus":"BOSS_RELIC","is_daily":false,"chose_seed":false,"campfire_upgraded":5,"win_rate":0.0,"timestamp":1609133081,"path_taken":["M","?","M","M","?","E","$","R","T","?","R","?","E","M","R","BOSS","M","$","M","?","?","E","R","M","T","$","?","?","R","M","R","BOSS"],"items_purchased_type":["Relic","Card","Card","Card","Card"],"build_version":"2020-12-22","purchased_purges":0,"victory":false,"max_hp_per_floor":[66,66,66,66,60,60,60,60,60,60,60,60,60,60,60,60,60,60,60,60,60,60,60,60,60,60,60,60,60,60,60,60,60,60],"relic_stats":{"counters":[16,74],"Golden Idol":72,"Sundial":[4],"MealTicket":29,"PreservedInsect":74,"Art of War":[5],"obtain_stats":[{"Golden Idol":5,"PreservedInsect":7,"Ancient Tea Set":0,"Empty Cage":17,"Mercury Hourglass":26,"Calling Bell":0,"Du-Vu Doll":0,"Matryoshka":23,"Ninja Scroll":0,"Sundial":6,"MutagenicStrength":21,"MealTicket":9,"Art of War":13,"Ring of the Snake":0},{"Golden Idol":4,"PreservedInsect":5,"Ancient Tea Set":0,"Empty Cage":9,"Mercury Hourglass":13,"Calling Bell":0,"Du-Vu Doll":0,"Matryoshka":12,"Ninja Scroll":0,"Sundial":5,"MutagenicStrength":11,"MealTicket":5,"Art of War":7,"Ring of the Snake":0},{"Golden Idol":11,"PreservedInsect":16,"Ancient Tea Set":0,"Empty Cage":34,"Mercury Hourglass":55,"Calling Bell":0,"Du-Vu Doll":0,"Matryoshka":49,"Ninja Scroll":0,"Sundial":16,"MutagenicStrength":45,"MealTicket":16,"Art of War":21,"Ring of the Snake":0}],"Mercury Hourglass":[30]},"card_choices":[{"not_picked":["Flechettes","Distraction"],"picked":"Bouncing Flask","floor":1},{"not_picked":["Eviscerate","Underhanded Strike"],"picked":"Crippling Poison","floor":2},{"not_picked":["Predator","Dagger Throw"],"picked":"Skewer","floor":3},{"not_picked":["Outmaneuver","Bane"],"picked":"Escape Plan","floor":4},{"not_picked":["Well Laid Plans","Deadly Poison"],"picked":"Sucker Punch","floor":6},{"not_picked":["Outmaneuver","Eviscerate"],"picked":"Blade Dance","floor":12},{"not_picked":["Flying Knee","Predator"],"picked":"Dash","floor":13},{"not_picked":["Grand Finale","Crippling Poison"],"picked":"Bane","floor":14},{"not_picked":["Tools of the Trade","Phantasmal Killer"],"picked":"Burst","floor":16},{"not_picked":["Sucker Punch","Outmaneuver"],"picked":"Blur","floor":18},{"not_picked":["Underhanded Strike","Bane"],"picked":"Acrobatics","floor":20},{"not_picked":["Backflip","Skewer"],"picked":"Deflect","floor":23},{"not_picked":["Sucker Punch+1","Skewer+1"],"picked":"Dodge and Roll","floor":25},{"not_picked":["Prepared","Poisoned Stab","Slice"],"picked":"SKIP","floor":28},{"not_picked":["Quick Slash","Terror"],"picked":"Night Terror","floor":31}],"player_experience":1432487,"relics_obtained":[{"floor":0,"key":"Ancient Tea Set"},{"floor":0,"key":"Ninja Scroll"},{"floor":0,"key":"Du-Vu Doll"},{"floor":6,"key":"Sundial"},{"floor":9,"key":"MealTicket"},{"floor":13,"key":"Art of War"},{"floor":23,"key":"Matryoshka"},{"floor":26,"key":"Mercury Hourglass"}],"event_choices":[{"damage_healed":0,"gold_gain":0,"player_choice":"Lose Max HP","damage_taken":0,"relics_obtained":["Golden Idol"],"max_hp_gain":0,"max_hp_loss":6,"event_name":"Golden Idol","floor":5,"gold_loss":0},{"cards_removed":["Escape Plan"],"damage_healed":21,"gold_gain":0,"player_choice":"Offered Uncommon","damage_taken":0,"max_hp_gain":0,"max_hp_loss":0,"event_name":"Bonfire Elementals","floor":10,"gold_loss":0},{"damage_healed":0,"gold_gain":0,"player_choice":"Inject Mutagens","damage_taken":0,"relics_obtained":["MutagenicStrength"],"max_hp_gain":0,"max_hp_loss":0,"event_name":"Drug Dealer","floor":21,"gold_loss":0},{"damage_healed":0,"gold_gain":0,"player_choice":"1 cards matched","damage_taken":0,"max_hp_gain":0,"max_hp_loss":0,"event_name":"Match and Keep!","floor":22,"gold_loss":0,"cards_obtained":["Sucker Punch"]}],"is_beta":false,"boss_relics":[{"not_picked":["Sozu","Ectoplasm"],"picked":"Empty Cage"}],"items_purged_floors":[],"is_endless":false,"potions_floor_spawned":[1,4,6,12,16,23,25,31],"killed_by":"Champ","ascension_level":20}}