{"host":"tvwbxqry54t86y0v","time":1609192127,"event":{"mods":["2.2 Compatiblity","A Magickal Journey","Astrologer","BaseMod","Beaked The Cultist","BetterRewards","Block Reminder","Clockwork Mod","Colored Powertips","DeckTracker","Downfall","GungeonMod","Hermit","Hubris","Infinite Spire","Ironclad Rager","Marked Mod","Mimic Mod","Minty Spire (QoL Compilation)","Potionbrewer","Replay The Spire","Shade Mod","Somnambulant","StSLib","The Bug Knight","The Cursed","The Druid","The Elementalist","The Exalted","The Forsaken","The Hierophant","The Jungle","The Marked","The Mystic","The Problem Sleuth","The Runesmith","The Senshi","The Spell Scribe","The Valiant","The Wild Card","TheFirefly","TheHeartMod","Unceasing Turn Reminder","thorton"],"gold_per_floor":[117,117,132,182,198,198,232,251,251,284,294,337,350,387,387,387,387],"floor_reached":16,"playtime":1091,"items_purged":[],"score":154,"play_id":"1d96fbb8-dd56-4df1-af1c-b8aed7816d88","local_time":"20201229084847","is_ascension_mode":true,"campfire_choices":[{"data":"DemoMod:StickyCrossBow","floor":6,"key":"SMITH"},{"floor":15,"key":"DIG"}],"circlet_count":0,"master_deck":["DemoMod:Strike_Huntress","DemoMod:Strike_Huntress","DemoMod:Strike_Huntress","DemoMod:Defend_Huntress","DemoMod:Defend_Huntress","DemoMod:Defend_Huntress","DemoMod:Defend_Huntress","DemoMod:Roll","DemoMod:ManualReload","DemoMod:RustySidearm","DemoMod:CrossBow","expansioncontent:Collect","DemoMod:StickyCrossBow+1","DemoMod:Camera","DemoMod:BalloonGun","DemoMod:Evolver","DemoMod:HardPowerCard","DemoMod:StickyCrossBow","DemoMod:MegaHand","DemoMod:LifeOrb"],"relics":["DemoMod:Dog","hubris:OldNail","Replay:Bottled Snecko","Replay:Rubber Ducky","CeramicFish","potionbrewer:Torch","theForsaken:Lifeblossom"],"acts_visited":["Exordium"],"potions_floor_usage":[7,11,14],"damage_taken":[{"damage":2,"enemies":"Jaw Worm","floor":1,"turns":6},{"damage":0,"enemies":"Cultist","floor":3,"turns":4},{"damage":0,"enemies":"Small Slimes","floor":5,"turns":5},{"damage":0,"enemies":"2 Fungi Beasts","floor":7,"turns":10},{"damage":0,"enemies":"2 Fungi Beasts","floor":8,"turns":4},{"damage":0,"enemies":"HollowMod:MossKnight","floor":10,"turns":5},{"damage":0,"enemies":"Exordium Thugs","floor":11,"turns":5},{"damage":34,"enemies":"Lagavulin","floor":12,"turns":9},{"damage":0,"enemies":"Lots of Slimes","floor":13,"turns":1},{"damage":16,"enemies":"Replay:BlueRogue","floor":14,"turns":5},{"damage":22,"enemies":"Hexaghost","floor":16,"turns":10}],"seed_played":"-8537693728468326644","potions_obtained":[{"floor":5,"key":"sneckomod:MuddlingPotion"},{"floor":10,"key":"Fire Potion"},{"floor":12,"key":"Explosive Potion"},{"floor":14,"key":"Ancient Potion"}],"is_trial":false,"path_per_floor":["M","?","M","?","M","R","MIM","M","T","E","M","E","M","E","R","B"],"character_chosen":"HUNTRESS","items_purchased":[],"campfire_rested":0,"item_purchase_floors":[],"current_hp_per_floor":[68,68,68,68,68,68,68,68,68,68,68,34,34,18,18,0,0],"gold":387,"neow_bonus":"RANDOM_COLORLESS","is_daily":false,"chose_seed":false,"campfire_upgraded":1,"win_rate":0.0,"timestamp":1609192127,"path_taken":["M","?","?","?","M","R","?","M","T","E","M","E","M","E","R","BOSS"],"items_purchased_type":[],"build_version":"2020-12-22","purchased_purges":0,"victory":false,"max_hp_per_floor":[70,70,70,70,70,70,70,70,70,70,70,70,70,70,70,70,70],"card_choices":[{"not_picked":["Survey Options","Replay:SS_fish_3"],"picked":"expansioncontent:Collect","floor":0},{"not_picked":["DemoMod:Purify","DemoMod:DoubleSwitch"],"picked":"DemoMod:StickyCrossBow","floor":1},{"not_picked":["DemoMod:ConditionalReflex","DemoMod:JK47"],"picked":"DemoMod:Camera","floor":3},{"not_picked":["DemoMod:SkilledReload","DemoMod:FortunesFavor"],"picked":"DemoMod:BalloonGun","floor":5},{"not_picked":["DemoMod:HardPowerCard","DemoMod:Ejector"],"picked":"DemoMod:Evolver","floor":7},{"not_picked":["DemoMod:FastSwitch","DemoMod:AWP"],"picked":"DemoMod:HardPowerCard","floor":8},{"not_picked":["DemoMod:TripleGun","DemoMod:GunstockTap"],"picked":"DemoMod:StickyCrossBow","floor":10},{"not_picked":["DemoMod:BlackHoleGun","DemoMod:GunstockTap","DemoMod:Unmoved"],"picked":"SKIP","floor":11},{"not_picked":["DemoMod:BattleInHaste","DemoMod:FastSwitch"],"picked":"DemoMod:MegaHand","floor":12},{"not_picked":["DemoMod:Unmoved","DemoMod:BattleInHaste","DemoMod:FastSwitch"],"picked":"SKIP","floor":13},{"not_picked":["DemoMod:GunstockTap","DemoMod:DarkMarker","DemoMod:FastSwitch"],"picked":"SKIP","floor":13},{"not_picked":["DemoMod:ProbeStrike","DemoMod:HardPowerCard"],"picked":"DemoMod:LifeOrb","floor":14}],"player_experience":1079139,"relics_obtained":[{"floor":7,"key":"hubris:OldNail"},{"floor":9,"key":"Replay:Bottled Snecko"},{"floor":10,"key":"Replay:Rubber Ducky"},{"floor":12,"key":"CeramicFish"},{"floor":14,"key":"potionbrewer:Torch"},{"floor":15,"key":"DemoMod:WeirdEgg"}],"event_choices":[{"damage_healed":0,"gold_gain":0,"player_choice":"Ignored","damage_taken":0,"max_hp_gain":0,"max_hp_loss":0,"event_name":"Purifier","floor":2,"gold_loss":0}],"is_beta":false,"boss_relics":[],"items_purged_floors":[],"is_endless":false,"potions_floor_spawned":[5,10,12,14],"killed_by":"Hexaghost","ascension_level":1}}