{"host":"h7xtspmc2x3i8s2i","time":1609191403,"event":{"mods":["2.2 Compatiblity","AchievementEnabler","Act Like it!","AlwaysNeverKeys","Aspiration","Astrologer","BaseMod","Beaked The Cultist","Bestiary","Better Altar","Better Match","Better Note","Better Sensory Stone","Better Skull","Better Third Choice","Better Vampires","Better-Laid Plans","BetterRewards","Challenge The Spire","Colored Map","Colored Powertips","Colorless Booster Pack","Curses Come First","Defuse TimeMaze Blight","Dio Mod","Disable Question Mark Monsters","Downfall","Duelist Mod","EXCEPTION","Emptier Cage","Energized Spire","Friendly Minions","GifTheSpireLib","Gold Saver","Gremlin Skip","Halation","Hubris","Ironclad Rager","Jedi Mod","Key Reminder","Marked Mod","Minty Spire (QoL Compilation)","Permanent Neow","Potion Indicator Mod","Quick Restart","Random Character Button","Random Character Mod","Rare Cards Sparkle","Relic Filter","Relic Stats","Replay The Spire","SacredBarkPlus","Shop Mod","Somnambulant","Spicy Shops","Spikes Relics","Spire Birthday Party","StSLib","Steal the Spire","Stuff the Spire","SuperFastMode","The Awakened One except there are too many feathers","The Blue Laboratory","The Cursed","The Death Knight","The Dragon Tamer","The Edgeheg","The Hierophant","The Problem Sleuth","The Runesmith","The Wild Card","TheVelvet","Transform Curses","Uncapped","Unceasing Turn Reminder","Virulent Crown","everything is the same but u backflip on backflip","slay the spire mod where everything is the same but ironclad has a cowboy hat","vexMod"],"gold_per_floor":[1203,1353,1369,538,556,481,481,14,31,46,46,46,46,146,156,259,259,259,278,298,298,317,317,364,400,430,430,430,443,455,455,473,570,570,420,436,536,105,116,144,144,194,194,194,194,194,194,219,229,229,229,259,50,50,50],"floor_reached":56,"playtime":2178,"items_purged":["Slimebound:Icky","dioMod:Strike","dioMod:Strike"],"score":1592,"play_id":"dfbdf66a-d17a-46cb-b871-dad6a52c500a","local_time":"20201228163642","is_ascension_mode":true,"campfire_choices":[{"floor":1,"key":"RECALL"},{"data":"dioMod:Muda","floor":6,"key":"SMITH"},{"data":"dioMod:Muda","floor":11,"key":"SMITH"},{"floor":13,"key":"REST"},{"data":"dioMod:Refresh","floor":18,"key":"SMITH"},{"data":"dioMod:Muda","floor":23,"key":"SMITH"},{"data":"dioMod:Muda","floor":35,"key":"SMITH"},{"data":"dioMod:Muda","floor":43,"key":"SMITH"},{"floor":47,"key":"REST"},{"data":"dioMod:DominatingPresence","floor":54,"key":"SMITH"}],"circlet_count":0,"master_deck":["dioMod:Strike+1","dioMod:Strike","Bite+1","dioMod:Defend","dioMod:Defend","dioMod:Defend","dioMod:Defend","dioMod:Muda+1","dioMod:CautiousMuda+1","dioMod:SecretPlan","expansioncontent:Collect+1","dioMod:HeavyLifting","dioMod:Muda+1","dioMod:CautiousMuda","dioMod:DominatingPresence+1","dioMod:VengefulMuda","dioMod:Refresh+1","dioMod:Muda+1","dioMod:HeavyLifting","dioMod:Muda+1","dioMod:Pluck","dioMod:Muda+1","dioMod:SevenPageMuda","expansioncontent:Collect","expansioncontent:ManipulateTime","dioMod:SevenPageMuda","dioMod:VengefulMuda","jedi:forcepull+1"],"relics":["dioMod:VampireBlood","MerchantsRug","Sling","jedi:gremlinknob","downfall:HeartBlessingRed","Blood Vial","Lantern","RollingBoulder","halation:QuantumPhysicsTextbook","halation:LettersToHer","MutagenicStrength","Turnip","halation:AfternoonTea","Replay:Rubber Ducky","halation:EternalFortune","Centennial Puzzle","DeathKnight:PutricidesVial","downfall:HeartBlessingGreen","downfall:HeartBlessingBlue","halation:LostSnail","BrokenLever","RetroEgg","Pondfish Scales","vexMod:PlasmaPancake","hubris:CuriousFeather","Guardian:GemstoneGun","vexMod:BarristanHead","Bag of Marbles"],"acts_visited":["Exordium","TheCity","TheBeyond","TheEnding"],"potions_floor_usage":[16,16,19,20,26,32,42,42,42,52,55,55],"damage_taken":[{"damage":4,"enemies":"Small Slimes","floor":3,"turns":5},{"damage":0,"enemies":"downfall:FleeingMerchant","floor":4,"turns":4},{"damage":11,"enemies":"Jaw Worm","floor":5,"turns":6},{"damage":10,"enemies":"downfall:FleeingMerchant","floor":8,"turns":4},{"damage":0,"enemies":"Cultist","floor":9,"turns":3},{"damage":0,"enemies":"Exordium Thugs","floor":10,"turns":2},{"damage":0,"enemies":"Large Slime","floor":15,"turns":2},{"damage":0,"enemies":"downfall:Ironclad","floor":16,"turns":9},{"damage":0,"enemies":"Chosen","floor":19,"turns":3},{"damage":9,"enemies":"Shell Parasite","floor":20,"turns":2},{"damage":24,"enemies":"Snake Plant","floor":22,"turns":5},{"damage":4,"enemies":"downfall:FleeingMerchant","floor":25,"turns":4},{"damage":0,"enemies":"theDuelist:KaibaA2","floor":26,"turns":2},{"damage":6,"enemies":"Snecko","floor":29,"turns":4},{"damage":1,"enemies":"Centurion and Healer","floor":30,"turns":4},{"damage":0,"enemies":"Chosen and Byrds","floor":32,"turns":3},{"damage":24,"enemies":"downfall:Watcher","floor":33,"turns":5},{"damage":0,"enemies":"3 Shapes","floor":36,"turns":1},{"damage":0,"enemies":"downfall:LadyInBlue","floor":37,"turns":1},{"damage":0,"enemies":"Orb Walker","floor":39,"turns":1},{"damage":6,"enemies":"Reptomancer","floor":40,"turns":2},{"damage":2,"enemies":"Mind Bloom Boss Battle","floor":42,"turns":3},{"damage":0,"enemies":"Giant Head","floor":48,"turns":5},{"damage":0,"enemies":"Jaw Worm Horde","floor":49,"turns":2},{"damage":0,"enemies":"downfall:Silent","floor":50,"turns":4},{"damage":17,"enemies":"downfall:CharBossMerchant","floor":52,"turns":4},{"damage":78,"enemies":"downfall:NeowBoss","floor":55,"turns":20}],"seed_played":"-4346859445745554287","potions_obtained":[{"floor":10,"key":"blueLaboratory:NullPotion"},{"floor":15,"key":"DeathKnight:RimePotion"},{"floor":16,"key":"blueLaboratory:Moonshine"},{"floor":19,"key":"blueLaboratory:FruitPunch"},{"floor":22,"key":"Reflective Coating"},{"floor":29,"key":"Elixir"},{"floor":30,"key":"PowerPotion"},{"floor":36,"key":"Death Potion"},{"floor":37,"key":"DeathKnight:RimePotion"},{"floor":37,"key":"blueLaboratory:Moonshine"},{"floor":37,"key":"blueLaboratory:NullPotion"},{"floor":40,"key":"Dexterity Potion"},{"floor":48,"key":"PowerPotion"},{"floor":52,"key":"dioMod:HumanBlood"}],"is_trial":false,"path_per_floor":["R","?","M","$","M","R","T","$","M","M","R","?","R","?","M","B",null,"R","M","M","?","M","R","T","$","E","?","T","M","M","T","M","B",null,"R","M","?","$","M","E","T","?","R","?","?","$","R","E","M","B",null,"E","$","R","B",null],"character_chosen":"THE_DEFAULT","items_purchased":["expansioncontent:Collect","dioMod:HumanBlood","MerchantsRug","Sling","jedi:gremlinknob","dioMod:CautiousMuda","Lantern","Guide Book","dioMod:Muda","Turnip","halation:AfternoonTea","dioMod:SevenPageMuda","halation:LostSnail","vexMod:PlasmaPancake","Whetstone","hubris:CuriousFeather","Guardian:GemstoneGun","Bag of Marbles","jedi:forcepull"],"campfire_rested":2,"item_purchase_floors":[4,4,4,4,4,8,8,8,25,25,25,38,38,46,46,46,46,53,53],"current_hp_per_floor":[75,75,75,75,67,67,67,63,68,75,75,43,65,65,70,75,75,75,75,71,71,55,55,55,56,61,64,64,66,73,73,80,62,80,90,90,90,90,90,90,90,90,90,90,90,26,54,76,87,92,96,85,85,85,30],"gold":50,"neow_bonus":"THREE_CARDS","is_daily":false,"chose_seed":false,"campfire_upgraded":7,"win_rate":0.0,"timestamp":1609191402,"path_taken":["R","?","M","?","?","R","T","?","?","M","R","?","R","?","M","BOSS","R","M","?","?","M","R","T","?","E","?","?","M","?","?","M","BOSS","R","M","?","$","?","E","T","?","R","?","?","?","R","E","M","BOSS","E","$","R","BOSS"],"items_purchased_type":["Card","Potion","Relic","Relic","Relic","Card","Relic","Relic","Card","Relic","Relic","Card","Relic","Relic","Relic","Relic","Relic","Relic","Card"],"build_version":"2020-12-22","purchased_purges":3,"victory":true,"max_hp_per_floor":[75,75,75,75,75,75,75,75,75,75,75,75,75,75,75,75,75,75,75,77,77,77,77,77,77,77,80,80,80,80,80,80,80,80,90,90,90,90,90,90,90,90,90,90,90,96,96,96,96,96,96,96,96,96,96],"relic_stats":{"Blood Vial":30,"Centennial Puzzle":[21],"counters":[27,110],"Turnip":[2],"obtain_stats":[{"vexMod:PlasmaPancake":46,"Lantern":8,"RetroEgg":41,"downfall:HeartBlessingGreen":35,"BrokenLever":40,"Whetstone":46,"Sling":4,"Replay:Rubber Ducky":26,"Blood Vial":7,"Centennial Puzzle":28,"hubris:Backtick":17,"downfall:HeartBlessingBlue":35,"RollingBoulder":12,"hubris:CuriousFeather":46,"halation:LettersToHer":17,"Potion Belt":37,"MerchantsRug":4,"downfall:HeartBlessingRed":6,"halation:QuantumPhysicsTextbook":12,"Guide Book":8,"Guardian:GemstoneGun":46,"jedi:gremlinknob":4,"PreservedInsect":52,"keyreminder:keyreminder":1,"Pondfish Scales":42,"vexMod:BarristanHead":48,"dioMod:VampireBlood":0,"MutagenicStrength":21,"halation:EternalFortune":27,"DeathKnight:PutricidesVial":31,"Turnip":25,"Bag of Marbles":53,"halation:AfternoonTea":25,"halation:LostSnail":38},{"vexMod:PlasmaPancake":22,"Lantern":4,"RetroEgg":21,"downfall:HeartBlessingGreen":17,"BrokenLever":21,"Whetstone":22,"Sling":2,"Replay:Rubber Ducky":13,"Blood Vial":3,"Centennial Puzzle":13,"hubris:Backtick":8,"downfall:HeartBlessingBlue":17,"RollingBoulder":6,"hubris:CuriousFeather":22,"halation:LettersToHer":8,"Potion Belt":19,"MerchantsRug":2,"downfall:HeartBlessingRed":3,"halation:QuantumPhysicsTextbook":6,"Guide Book":4,"Guardian:GemstoneGun":22,"jedi:gremlinknob":2,"PreservedInsect":26,"keyreminder:keyreminder":0,"Pondfish Scales":22,"vexMod:BarristanHead":23,"dioMod:VampireBlood":0,"MutagenicStrength":10,"halation:EternalFortune":13,"DeathKnight:PutricidesVial":15,"Turnip":12,"Bag of Marbles":26,"halation:AfternoonTea":12,"halation:LostSnail":19},{"vexMod:PlasmaPancake":75,"Lantern":19,"RetroEgg":72,"downfall:HeartBlessingGreen":67,"BrokenLever":72,"Whetstone":75,"Sling":9,"Replay:Rubber Ducky":51,"Blood Vial":15,"Centennial Puzzle":51,"hubris:Backtick":35,"downfall:HeartBlessingBlue":67,"RollingBoulder":24,"hubris:CuriousFeather":75,"halation:LettersToHer":35,"Potion Belt":69,"MerchantsRug":9,"downfall:HeartBlessingRed":15,"halation:QuantumPhysicsTextbook":24,"Guide Book":19,"Guardian:GemstoneGun":75,"jedi:gremlinknob":9,"PreservedInsect":90,"keyreminder:keyreminder":0,"Pondfish Scales":75,"vexMod:BarristanHead":80,"dioMod:VampireBlood":0,"MutagenicStrength":40,"halation:EternalFortune":51,"DeathKnight:PutricidesVial":59,"Turnip":49,"Bag of Marbles":90,"halation:AfternoonTea":49,"halation:LostSnail":69}]},"card_choices":[{"not_picked":["dioMod:BloodShield","dioMod:DominatingPresence"],"picked":"dioMod:Muda","floor":0},{"not_picked":["dioMod:StreetSign","dioMod:BloodSplash"],"picked":"dioMod:CautiousMuda","floor":3},{"not_picked":["dioMod:DaggerToss","dioMod:DarkRebirth"],"picked":"dioMod:SecretPlan","floor":4},{"not_picked":["dioMod:Freeze","dioMod:SecretPlan"],"picked":"dioMod:HeavyLifting","floor":5},{"not_picked":["dioMod:Hiss","dioMod:Roundabout"],"picked":"dioMod:Muda","floor":8},{"not_picked":["dioMod:SlashThroughTime","dioMod:ComboFever","dioMod:DaggerToss"],"picked":"SKIP","floor":9},{"not_picked":["dioMod:StreetSign","dioMod:Roundabout"],"picked":"dioMod:DominatingPresence","floor":10},{"not_picked":["dioMod:SecretPlan","dioMod:CutDeep"],"picked":"dioMod:VengefulMuda","floor":15},{"not_picked":["dioMod:RoadRoller","dioMod:GoldVial"],"picked":"dioMod:Refresh","floor":16},{"not_picked":["dioMod:Hiss","dioMod:BloodShield+1","dioMod:FlyAway"],"picked":"SKIP","floor":19},{"not_picked":["dioMod:Freeze+1","dioMod:TripleThreat"],"picked":"dioMod:Muda","floor":20},{"not_picked":["dioMod:Hiss","dioMod:BloodSplash+1","dioMod:FlyAway"],"picked":"SKIP","floor":22},{"not_picked":["dioMod:TripleThreat","dioMod:DaggerToss"],"picked":"dioMod:HeavyLifting","floor":25},{"not_picked":["dioMod:DominatingPresence","dioMod:BloodTransfusion"],"picked":"dioMod:Pluck","floor":26},{"not_picked":["dioMod:SecretPlan","dioMod:BloodSplash","dioMod:FlyAway"],"picked":"SKIP","floor":29},{"not_picked":["dioMod:Freeze","dioMod:FlyAway"],"picked":"dioMod:Muda","floor":30},{"not_picked":["dioMod:BlendIn","dioMod:BloodSplash","dioMod:Roundabout"],"picked":"SKIP","floor":32},{"not_picked":["dioMod:TripleThreat","dioMod:Roundabout+1","dioMod:Freeze+1"],"picked":"SKIP","floor":36},{"not_picked":["dioMod:BloodSuck+1","dioMod:BloodShield+1","dioMod:LaserVision"],"picked":"SKIP","floor":39},{"not_picked":["dioMod:Diversion","dioMod:TripleThreat+1","dioMod:Roundabout+1"],"picked":"SKIP","floor":40},{"not_picked":["Sharp Hide","Trip"],"picked":"expansioncontent:Collect","floor":45},{"not_picked":["jedi:LeechingStrike","Purity"],"picked":"expansioncontent:ManipulateTime","floor":45},{"not_picked":["dioMod:KonoDioDa","dioMod:PhantomBlood"],"picked":"dioMod:SevenPageMuda","floor":48},{"not_picked":["dioMod:FlyAway+1","dioMod:SlashThroughTime"],"picked":"dioMod:VengefulMuda","floor":49},{"not_picked":["dioMod:CutDeep","dioMod:FlyAway+1","dioMod:Hiss"],"picked":"SKIP","floor":52}],"player_experience":599927,"relics_obtained":[{"floor":7,"key":"Blood Vial"},{"floor":24,"key":"halation:LettersToHer"},{"floor":26,"key":"Replay:Rubber Ducky"},{"floor":28,"key":"halation:LettersToHer"},{"floor":28,"key":"Centennial Puzzle"},{"floor":31,"key":"halation:LettersToHer"},{"floor":31,"key":"DeathKnight:PutricidesVial"},{"floor":37,"key":"Potion Belt"},{"floor":40,"key":"BrokenLever"},{"floor":41,"key":"halation:LettersToHer"},{"floor":41,"key":"RetroEgg"},{"floor":42,"key":"Pondfish Scales"},{"floor":48,"key":"vexMod:BarristanHead"},{"floor":52,"key":"PreservedInsect"}],"event_choices":[{"damage_healed":0,"gold_gain":1,"player_choice":"Relic Relic ","damage_taken":32,"max_hp_gain":0,"max_hp_loss":0,"event_name":"betterThird:BetterScrap","floor":12,"gold_loss":0,"cards_obtained":["Noxious Fumes"]},{"damage_healed":0,"gold_gain":0,"player_choice":"Inject Mutagens","damage_taken":0,"relics_obtained":["MutagenicStrength"],"max_hp_gain":0,"max_hp_loss":0,"event_name":"Drug Dealer","floor":21,"gold_loss":0},{"damage_healed":0,"gold_gain":3,"player_choice":"1","damage_taken":0,"max_hp_gain":0,"max_hp_loss":0,"event_name":"betterStone:BetterStone","floor":45,"gold_loss":0}],"is_beta":false,"boss_relics":[{"not_picked":["Runic Dome","Ectoplasm"],"picked":"hubris:Backtick"},{"not_picked":["halation:MonkeysPaw","energizedSpire:HugeHouse","halation:PinkAlligatorPlush"]}],"items_purged_floors":[4,8,25],"is_endless":false,"potions_floor_spawned":[10,15,16,19,22,29,30,36,40,48,52],"ascension_level":2}}