{"host":"dhyczjm99amxd3qx","time":1609139444,"event":{"mods":["BaseMod","Colored Map","Googly Eyes","Highlight Path","Minty Spire (QoL Compilation)","Quick Restart","StSLib"],"gold_per_floor":[112,112,112,130,130,130,159,12,12,12,187,221,221,254,254,357,357,369,369,386,386,397,96,114,145,172,192,192,221,236,271,271,367,367,382,430,251,264,282,282,282,312,312,116,0,13,48,59,59,59],"floor_reached":51,"playtime":4421,"items_purged":["Strike_G","Strike_G+1","Strike_G+1","Sucker Punch+1"],"score":806,"play_id":"fd4e74a8-ea3b-4bc2-b24d-4e1b83f97f0f","local_time":"20201228021044","is_ascension_mode":false,"campfire_choices":[{"data":"Poisoned Stab","floor":6.0,"key":"SMITH"},{"data":"Infinite Blades","floor":10.0,"key":"SMITH"},{"floor":13.0,"key":"REST"},{"floor":15.0,"key":"REST"},{"data":"Adrenaline","floor":32.0,"key":"SMITH"},{"data":"After Image","floor":40.0,"key":"SMITH"},{"data":"Leg Sweep","floor":49.0,"key":"SMITH"}],"circlet_count":0,"master_deck":["Defend_G+1","Defend_G+1","Defend_G+1","Defend_G+1","Survivor","Neutralize","Infinite Blades","Infinite Blades+1","Leg Sweep+1","Adrenaline+1","Infinite Blades","Dodge and Roll+1","Dagger Spray+1","Accuracy","Infinite Blades+1","After Image+1","Backflip+1","Dodge and Roll","Infinite Blades","Accuracy","Dodge and Roll+1"],"relics":["Ring of the Snake","Lizard Tail","Ninja Scroll","Shuriken","Molten Egg 2","Mercury Hourglass","Empty Cage","MutagenicStrength","Ancient Tea Set","Smiling Mask","PreservedInsect","Orichalcum","Centennial Puzzle","Sozu","Torii","Pantograph","Bottled Tornado","Lee\u0027s Waffle","Red Mask","Happy Flower"],"acts_visited":["Exordium","TheCity","TheBeyond"],"potions_floor_usage":[],"damage_taken":[{"damage":2.0,"enemies":"Small Slimes","floor":1.0,"turns":4.0},{"damage":0.0,"enemies":"2 Louse","floor":4.0,"turns":3.0},{"damage":18.0,"enemies":"Lagavulin","floor":7.0,"turns":5.0},{"damage":14.0,"enemies":"Gremlin Nob","floor":12.0,"turns":3.0},{"damage":10.0,"enemies":"3 Sentries","floor":14.0,"turns":6.0},{"damage":19.0,"enemies":"The Guardian","floor":16.0,"turns":7.0},{"damage":12.0,"enemies":"3 Byrds","floor":18.0,"turns":5.0},{"damage":0.0,"enemies":"Chosen","floor":20.0,"turns":3.0},{"damage":15.0,"enemies":"Shelled Parasite and Fungi","floor":22.0,"turns":4.0},{"damage":0.0,"enemies":"Chosen and Byrds","floor":24.0,"turns":4.0},{"damage":31.0,"enemies":"Slavers","floor":25.0,"turns":5.0},{"damage":7.0,"enemies":"Snake Plant","floor":27.0,"turns":5.0},{"damage":1.0,"enemies":"Gremlin Leader","floor":29.0,"turns":4.0},{"damage":0.0,"enemies":"3 Cultists","floor":30.0,"turns":3.0},{"damage":2.0,"enemies":"Book of Stabbing","floor":31.0,"turns":3.0},{"damage":1.0,"enemies":"Champ","floor":33.0,"turns":7.0},{"damage":0.0,"enemies":"3 Darklings","floor":35.0,"turns":4.0},{"damage":3.0,"enemies":"2 Orb Walkers","floor":36.0,"turns":5.0},{"damage":0.0,"enemies":"3 Shapes","floor":38.0,"turns":3.0},{"damage":0.0,"enemies":"3 Darklings","floor":39.0,"turns":5.0},{"damage":0.0,"enemies":"Nemesis","floor":42.0,"turns":5.0},{"damage":0.0,"enemies":"Transient","floor":46.0,"turns":5.0},{"damage":0.0,"enemies":"Reptomancer","floor":47.0,"turns":6.0},{"damage":0.0,"enemies":"Spire Growth","floor":48.0,"turns":5.0},{"damage":18,"enemies":"Time Eater","floor":50,"turns":11}],"seed_played":"7127951935591323505","potions_obtained":[{"floor":1.0,"key":"Strength Potion"},{"floor":14.0,"key":"EntropicBrew"},{"floor":16.0,"key":"EssenceOfSteel"},{"floor":18.0,"key":"Strength Potion"},{"floor":20.0,"key":"SmokeBomb"},{"floor":27.0,"key":"Strength Potion"},{"floor":30.0,"key":"LiquidBronze"},{"floor":31.0,"key":"Strength Potion"},{"floor":33.0,"key":"DistilledChaos"}],"is_trial":false,"path_per_floor":["M","?","?","M","?","R","E","$","T","R","?","E","R","E","R","B",null,"M","?","M","?","M","$","M","E","T","M","?","E","M","E","R","B",null,"M","?","$","M","M","R","?","E","T","$","?","M","E","M","R","B",null],"character_chosen":"THE_SILENT","items_purchased":["Infinite Blades","Dagger Spray+1","Ancient Tea Set","Dodge and Roll","Infinite Blades","Lee\u0027s Waffle"],"campfire_rested":2,"item_purchase_floors":[8,23,23,37,37,44],"current_hp_per_floor":[47,33,33,33,33,33,15,15,15,15,15,1,22,12,33,14,70,58,58,58,58,43,43,43,12,12,5,5,4,4,2,2,1,70,70,67,67,67,67,67,67,67,67,77,77,77,77,77,77,59],"gold":59,"neow_bonus":"ONE_RARE_RELIC","is_daily":false,"chose_seed":false,"campfire_upgraded":5,"win_rate":0.0,"timestamp":1609139444,"path_taken":["M","?","?","?","?","R","E","?","T","R","?","E","R","E","R","BOSS","M","?","M","?","M","$","M","E","T","M","?","E","?","E","R","BOSS","M","?","$","M","M","R","?","E","T","$","?","M","E","M","R","BOSS"],"items_purchased_type":["Card","Card","Relic","Card","Card","Relic"],"build_version":"2020-12-22","purchased_purges":4,"victory":true,"max_hp_per_floor":[70,70,70,70,70,70,70,70,70,70,70,70,70,70,70,70,70,70,70,70,70,70,70,70,70,70,70,70,70,70,70,70,70,70,70,70,70,70,70,70,70,70,70,77,77,77,77,77,77,77],"card_choices":[{"not_picked":["Expertise","Dagger Spray"],"picked":"Poisoned Stab","floor":1.0},{"not_picked":["Flying Knee","Blade Dance","Riddle With Holes"],"picked":"SKIP","floor":4.0},{"not_picked":["Blade Dance","Tactician"],"picked":"Infinite Blades","floor":7.0},{"not_picked":["Acrobatics","Doppelganger","Endless Agony+1"],"picked":"SKIP","floor":12.0},{"not_picked":["Poisoned Stab+1","Deflect"],"picked":"Leg Sweep","floor":14.0},{"not_picked":["Glass Knife+1","Corpse Explosion"],"picked":"Adrenaline","floor":16.0},{"not_picked":["Poisoned Stab+1","Bane+1"],"picked":"Sucker Punch+1","floor":18.0},{"not_picked":["Prepared","PiercingWail"],"picked":"Infinite Blades","floor":20.0},{"not_picked":["Calculated Gamble+1","Bouncing Flask"],"picked":"Dodge and Roll+1","floor":22.0},{"not_picked":["Dagger Throw+1","Backflip+1","Dodge and Roll"],"picked":"SKIP","floor":24.0},{"not_picked":["Dagger Throw+1","Deadly Poison","Well Laid Plans"],"picked":"SKIP","floor":25.0},{"not_picked":["Backflip","Quick Slash+1","Slice+1"],"picked":"SKIP","floor":27.0},{"not_picked":["Bouncing Flask","Acrobatics","Finisher+1"],"picked":"SKIP","floor":29.0},{"not_picked":["Riddle With Holes+1","Flying Knee+1"],"picked":"Infinite Blades+1","floor":30.0},{"not_picked":["Acrobatics","Eviscerate+1","Escape Plan"],"picked":"SKIP","floor":31.0},{"not_picked":["Malaise","Envenom"],"picked":"After Image","floor":33.0},{"not_picked":["Deadly Poison+1","Dagger Spray+1"],"picked":"Backflip+1","floor":35.0},{"not_picked":["Flying Knee+1","Quick Slash+1","Bouncing Flask"],"picked":"SKIP","floor":38.0},{"not_picked":["Leg Sweep","Dagger Throw+1","Outmaneuver"],"picked":"SKIP","floor":39.0},{"not_picked":["Expertise+1","Blade Dance+1"],"picked":"Accuracy","floor":42.0},{"not_picked":["Skewer+1","Outmaneuver"],"picked":"Dodge and Roll+1","floor":46.0},{"not_picked":["Tactician","Burst","Eviscerate+1"],"picked":"SKIP","floor":47.0},{"not_picked":["Cloak And Dagger+1","Dagger Spray+1","Caltrops+1"],"picked":"SKIP","floor":48.0}],"player_experience":131000,"relics_obtained":[{"floor":7.0,"key":"Ninja Scroll"},{"floor":9.0,"key":"Shuriken"},{"floor":12.0,"key":"Molten Egg 2"},{"floor":14.0,"key":"Mercury Hourglass"},{"floor":25.0,"key":"Smiling Mask"},{"floor":26.0,"key":"PreservedInsect"},{"floor":29.0,"key":"Orichalcum"},{"floor":31.0,"key":"Centennial Puzzle"},{"floor":36.0,"key":"Torii"},{"floor":42.0,"key":"Pantograph"},{"floor":43.0,"key":"Bottled Tornado"},{"floor":47.0,"key":"Happy Flower"}],"event_choices":[{"damage_healed":0.0,"max_hp_gain":0.0,"max_hp_loss":0.0,"gold_gain":0.0,"event_name":"Shining Light","player_choice":"Entered Light","floor":2.0,"gold_loss":0.0,"damage_taken":14.0,"cards_upgraded":["Strike_G","Defend_G"]},{"cards_removed":["Strike_G"],"damage_healed":0.0,"max_hp_gain":0.0,"max_hp_loss":0.0,"gold_gain":0.0,"event_name":"Bonfire Elementals","player_choice":"Offered Basic","floor":3.0,"gold_loss":0.0,"damage_taken":0.0},{"cards_removed":["Defend_G"],"damage_healed":0.0,"max_hp_gain":0.0,"max_hp_loss":0.0,"gold_gain":0.0,"event_name":"Living Wall","player_choice":"Forget","floor":5.0,"gold_loss":0.0,"damage_taken":0.0},{"damage_healed":0.0,"max_hp_gain":0.0,"max_hp_loss":0.0,"gold_gain":175.0,"event_name":"Liars Game","player_choice":"AGREE","floor":11.0,"gold_loss":0.0,"damage_taken":0.0,"cards_obtained":["Doubt"]},{"damage_healed":0.0,"max_hp_gain":0.0,"max_hp_loss":0.0,"gold_gain":0.0,"event_name":"Drug Dealer","player_choice":"Inject Mutagens","floor":19.0,"gold_loss":0.0,"damage_taken":0.0,"relics_obtained":["MutagenicStrength"]},{"damage_healed":0.0,"max_hp_gain":0.0,"max_hp_loss":0.0,"gold_gain":0.0,"event_name":"Back to Basics","player_choice":"Simplicity","floor":21.0,"gold_loss":0.0,"damage_taken":0.0,"cards_upgraded":["Strike_G","Strike_G","Defend_G","Defend_G","Defend_G"]},{"damage_healed":0.0,"max_hp_gain":0.0,"max_hp_loss":0.0,"gold_gain":0.0,"event_name":"The Library","player_choice":"Read","floor":28.0,"gold_loss":0.0,"damage_taken":0.0,"cards_obtained":["Accuracy"]},{"damage_healed":0.0,"max_hp_gain":0.0,"max_hp_loss":0.0,"gold_gain":0.0,"event_name":"Mysterious Sphere","player_choice":"Fight","floor":36.0,"gold_loss":0.0,"damage_taken":0.0},{"cards_removed":["Poisoned Stab"],"damage_healed":0.0,"max_hp_gain":0.0,"max_hp_loss":0.0,"gold_gain":0.0,"event_name":"Falling","player_choice":"Removed Attack","floor":41.0,"gold_loss":0.0,"damage_taken":0.0},{"damage_healed":0.0,"max_hp_gain":0.0,"max_hp_loss":0.0,"gold_gain":0.0,"event_name":"Tomb of Lord Red Mask","player_choice":"Paid","floor":45.0,"gold_loss":116.0,"damage_taken":0.0,"relics_obtained":["Red Mask"]}],"is_beta":false,"boss_relics":[{"not_picked":["Astrolabe","Runic Dome"],"picked":"Empty Cage"},{"not_picked":["Velvet Choker","Philosopher\u0027s Stone"],"picked":"Sozu"}],"items_purged_floors":[8,23,37,44],"is_endless":false,"potions_floor_spawned":[1,14,16,18,20,27,30,31,33,35,38,39,42,47],"ascension_level":0}}