{"host":"Terry","time":1609192085,"event":{"mods":["BaseMod","Downfall","Hubris","Minty Spire (QoL Compilation)","Replay The Spire","StSLib"],"gold_per_floor":[99,111,123,33,50,50,50,50,79,92,122,142,152,152,172,274,274,199,214,2,2,2,13,65,93,104,104,104,132,146,246,257,257,257,257],"floor_reached":33,"playtime":2434,"items_purged":["champ:Strike"],"score":314,"play_id":"c8b1b899-0c88-48bd-a579-a6b3787bb8e0","local_time":"20201228164805","is_ascension_mode":true,"campfire_choices":[{"data":"champ:GladiatorStyle","floor":8,"key":"SMITH"},{"data":"champ:VampiricStrike","floor":18,"key":"SMITH"},{"floor":28,"key":"REST"}],"circlet_count":0,"master_deck":["champ:Strike","champ:Strike","champ:Defend","champ:Defend","champ:Defend","champ:Defend","champ:Execute","champ:Taunt","champ:HeavySlash","champ:GladiatorStyle+1","champ:TornadoPunch","champ:Control","champ:StanceDance+1","champ:BringItOn+1","champ:Riposte+1","champ:Control+1","champ:ViciousMockery+1","Amnesia","champ:AdrenalArmor+1","champ:VampiricStrike+1","CurseOfTheBell","champ:Duel+1","champ:FalseCounter+1","Midas Touch+1","champ:SwordThrow","champ:RecklessLeap+1","champ:IronFortress","champ:CheapShot","champ:StrikeOfGenius","champ:Haymaker"],"relics":["champ:ChampionCrown","hubris:Towel","Toxic Egg 2","Meat on the Bone","ReplayFunnel","Calling Bell","hubris:SphereOfDissonance","Torii","downfall:HeartBlessingGreen","downfall:RedIOU","Nunchaku","Oddly Smooth Stone","Replay:Towering Pillar of Hats"],"acts_visited":["Exordium","TheCity"],"potions_floor_usage":[6,9,11,13],"damage_taken":[{"damage":13,"enemies":"Jaw Worm","floor":2,"turns":4},{"damage":5,"enemies":"2 Louse","floor":3,"turns":2},{"damage":7,"enemies":"downfall:FleeingMerchant","floor":4,"turns":4},{"damage":9,"enemies":"Cultist","floor":5,"turns":4},{"damage":37,"enemies":"Gremlin Nob","floor":9,"turns":4},{"damage":20,"enemies":"Large Slime","floor":10,"turns":6},{"damage":42,"enemies":"3 Sentries","floor":11,"turns":7},{"damage":12,"enemies":"2 Fungi Beasts","floor":12,"turns":3},{"damage":17,"enemies":"Exordium Thugs","floor":13,"turns":1},{"damage":7,"enemies":"3 Louse","floor":15,"turns":3},{"damage":59,"enemies":"downfall:Silent","floor":16,"turns":9},{"damage":1,"enemies":"3 Byrds","floor":19,"turns":6},{"damage":6,"enemies":"downfall:FleeingMerchant","floor":20,"turns":4},{"damage":18,"enemies":"Chosen","floor":23,"turns":4},{"damage":34,"enemies":"Book of Stabbing","floor":25,"turns":7},{"damage":49,"enemies":"Shelled Parasite and Fungi","floor":26,"turns":3},{"damage":59,"enemies":"Gremlin Leader","floor":29,"turns":8},{"damage":24,"enemies":"Snecko","floor":30,"turns":3},{"damage":27,"enemies":"Centurion and Healer","floor":32,"turns":5},{"damage":109,"enemies":"downfall:Watcher","floor":33,"turns":8}],"seed_played":"-6297142597581764249","potions_obtained":[{"floor":3,"key":"Languid Potion"},{"floor":6,"key":"Fruit Juice"},{"floor":6,"key":"SteroidPotion"},{"floor":6,"key":"PowerPotion"},{"floor":10,"key":"sneckomod:MuddlingPotion"},{"floor":11,"key":"Death Potion"},{"floor":15,"key":"ColorlessPotion"},{"floor":16,"key":"PowerPotion"},{"floor":26,"key":"champ:CounterPotion"}],"is_trial":false,"path_per_floor":["R","M","M","$","M","?","T","R","E","M","E","M","M","?","M","B",null,"R","M","$","?","?","M","T","E","M","?","R","E","M","?","M","B"],"character_chosen":"THE_CHAMP","items_purchased":["Midas Touch+1"],"campfire_rested":1,"item_purchase_floors":[20],"current_hp_per_floor":[90,77,77,75,71,76,76,76,49,44,19,19,14,95,88,74,95,95,94,95,95,95,85,85,51,53,53,81,68,80,80,80,0,0,0],"gold":257,"neow_bonus":"ONE_RANDOM_RARE_CARD","is_daily":false,"chose_seed":false,"campfire_upgraded":2,"win_rate":0.0,"timestamp":1609192085,"path_taken":["R","M","M","?","M","?","T","R","E","?","E","M","M","?","M","BOSS","R","M","$","?","?","M","T","E","?","?","R","E","M","?","M","BOSS"],"items_purchased_type":["Card"],"build_version":"2020-12-18","purchased_purges":1,"victory":false,"max_hp_per_floor":[90,90,90,90,90,95,95,95,95,95,95,95,95,95,95,95,95,95,95,95,95,95,95,95,95,95,95,95,95,95,95,95,95,95,95],"card_choices":[{"not_picked":["champ:PerfectedStrike","champ:Shatter"],"picked":"champ:GladiatorStyle","floor":2},{"not_picked":["champ:Circumvent","champ:EndlessRage"],"picked":"champ:TornadoPunch","floor":3},{"not_picked":["champ:Circumvent","champ:BladeFlurry"],"picked":"champ:Control","floor":4},{"not_picked":["champ:HeartStrike","champ:Circumvent","champ:BladeFlurry"],"picked":"SKIP","floor":5},{"not_picked":["champ:FanOfKnives","champ:FocusedBerserking+1"],"picked":"champ:StanceDance+1","floor":9},{"not_picked":["champ:GladiatorStyle","champ:DefensiveStyle"],"picked":"champ:BringItOn+1","floor":10},{"not_picked":["champ:StrikeOfGenius","champ:FocusedBerserking+1"],"picked":"champ:Riposte+1","floor":11},{"not_picked":["champ:GladiatorsShout+1","champ:Backstep+1"],"picked":"champ:Control+1","floor":12},{"not_picked":["champ:DefensiveShout+1","champ:FaceSlap"],"picked":"champ:ViciousMockery+1","floor":13},{"not_picked":["champ:Backstep+1","champ:Circumvent+1"],"picked":"champ:AdrenalArmor+1","floor":15},{"not_picked":["champ:CheapShot","champ:StrikeOfGenius"],"picked":"champ:VampiricStrike","floor":16},{"not_picked":["champ:CrookedStrike","champ:DeathBlow"],"picked":"champ:Duel+1","floor":19},{"not_picked":["champ:Backstep+1","champ:CrookedStrike"],"picked":"champ:FalseCounter+1","floor":20},{"not_picked":["champ:DefensiveShout+1","champ:BerserkersShout+1"],"picked":"champ:SwordThrow","floor":23},{"not_picked":["champ:GladiatorsShout+1","champ:DeathBlow"],"picked":"champ:RecklessLeap+1","floor":25},{"not_picked":["champ:BerserkersShout+1","champ:Circumvent+1"],"picked":"champ:IronFortress","floor":26},{"not_picked":["champ:GladiatorStyle","champ:DefensiveShout+1"],"picked":"champ:CheapShot","floor":29},{"not_picked":["champ:Haymaker","champ:BerserkersShout+1"],"picked":"champ:StrikeOfGenius","floor":30},{"not_picked":["champ:StanceDance+1","champ:PerfectedStrike"],"picked":"champ:Haymaker","floor":32}],"player_experience":580705,"relics_obtained":[{"floor":7,"key":"Toxic Egg 2"},{"floor":9,"key":"Meat on the Bone"},{"floor":11,"key":"ReplayFunnel"},{"floor":17,"key":"Anchor"},{"floor":17,"key":"hubris:SphereOfDissonance"},{"floor":17,"key":"Torii"},{"floor":24,"key":"Nunchaku"},{"floor":25,"key":"Oddly Smooth Stone"},{"floor":29,"key":"Replay:Towering Pillar of Hats"}],"event_choices":[{"damage_healed":0,"gold_gain":0,"player_choice":"Got Potions","damage_taken":0,"max_hp_gain":0,"max_hp_loss":0,"event_name":"Lab","floor":6,"gold_loss":0},{"cards_removed":["champ:Strike"],"damage_healed":0,"gold_gain":0,"player_choice":"Purged","damage_taken":0,"max_hp_gain":0,"max_hp_loss":0,"event_name":"Purifier","floor":22,"gold_loss":0},{"damage_healed":0,"gold_gain":0,"player_choice":"Ignored","damage_taken":0,"max_hp_gain":0,"max_hp_loss":0,"event_name":"Ghosts","floor":27,"gold_loss":0}],"is_beta":true,"boss_relics":[{"not_picked":["Busted Crown","hubris:CrackedHourglass"],"picked":"Calling Bell"}],"items_purged_floors":[4],"is_endless":false,"potions_floor_spawned":[3,10,11,15,16,23,25,26,30],"killed_by":"downfall:Watcher","ascension_level":1}}