{"host":"ejlkif6fbtpy1quk","time":1609166808,"event":{"mods":["BaseMod","BetterRewards","Minty Spire (QoL Compilation)","StSLib"],"gold_per_floor":[115,115,133,57,71,110,110,60,112,150,173,217,241,40,40,163,163,182,38,54,54,54,90,102,128,140,177,189,232,259,370,382,514,526,559,591,621,633,670,682,737,749,749],"floor_reached":42,"playtime":4117,"items_purged":["Expertise"],"score":528,"play_id":"99959bf6-818c-43ca-9836-b4312a4cc546","local_time":"20201228154648","is_ascension_mode":false,"campfire_choices":[{"floor":7,"key":"REST"},{"data":"Blade Dance","floor":15,"key":"SMITH"},{"floor":24,"key":"REST"},{"floor":28,"key":"REST"},{"floor":32,"key":"REST"},{"floor":40,"key":"REST"}],"circlet_count":0,"master_deck":["Strike_G","Strike_G","Strike_G","Strike_G","Strike_G","Defend_G","Defend_G","Defend_G+1","Defend_G","Survivor+1","Neutralize","Backstab","Blade Dance","Dagger Spray","Deflect","Die Die Die","Blade Dance+1","Unload","Dagger Spray","Blade Dance","Corpse Explosion","Infinite Blades","Prepared","Dagger Spray+1","Slice","Terror+1","Masterful Stab+1","Calculated Gamble+1","Finisher+1","Writhe","Blade Dance"],"relics":["Ring of the Serpent","Nunchaku","Golden Idol","Regal Pillow","War Paint","Odd Mushroom","White Beast Statue","Frozen Eye","MawBank","Kunai","The Specimen","Philosopher\u0027s Stone","Bag of Marbles"],"acts_visited":["Exordium","TheCity","TheBeyond"],"potions_floor_usage":[16,16,16,16,16,16,30,33,33,37,39],"damage_taken":[{"damage":0,"enemies":"2 Louse","floor":1,"turns":4},{"damage":0,"enemies":"Jaw Worm","floor":3,"turns":4},{"damage":0,"enemies":"Cultist","floor":5,"turns":2},{"damage":10,"enemies":"3 Sentries","floor":6,"turns":8},{"damage":1,"enemies":"The Mushroom Lair","floor":10,"turns":4},{"damage":0,"enemies":"2 Fungi Beasts","floor":11,"turns":2},{"damage":17,"enemies":"Gremlin Nob","floor":12,"turns":4},{"damage":0,"enemies":"Large Slime","floor":13,"turns":3},{"damage":16,"enemies":"The Guardian","floor":16,"turns":13},{"damage":10,"enemies":"Spheric Guardian","floor":18,"turns":3},{"damage":20,"enemies":"2 Thieves","floor":20,"turns":2},{"damage":46,"enemies":"Book of Stabbing","floor":23,"turns":6},{"damage":20,"enemies":"Centurion and Healer","floor":25,"turns":4},{"damage":11,"enemies":"Shelled Parasite and Fungi","floor":27,"turns":5},{"damage":34,"enemies":"Slavers","floor":29,"turns":3},{"damage":15,"enemies":"Snake Plant","floor":30,"turns":6},{"damage":20,"enemies":"Collector","floor":33,"turns":8},{"damage":11,"enemies":"3 Darklings","floor":35,"turns":2},{"damage":16,"enemies":"3 Shapes","floor":36,"turns":2},{"damage":33,"enemies":"Sphere and 2 Shapes","floor":37,"turns":3},{"damage":12,"enemies":"Maw","floor":39,"turns":7},{"damage":7,"enemies":"Reptomancer","floor":41,"turns":5},{"damage":58,"enemies":"Writhing Mass","floor":42,"turns":4}],"seed_played":"8597650839640705363","potions_obtained":[{"floor":1,"key":"EssenceOfSteel"},{"floor":6,"key":"GamblersBrew"},{"floor":10,"key":"EntropicBrew"},{"floor":16,"key":"FearPotion"},{"floor":18,"key":"Swift Potion"},{"floor":20,"key":"Weak Potion"},{"floor":23,"key":"AttackPotion"},{"floor":33,"key":"BlessingOfTheForge"},{"floor":35,"key":"PowerPotion"},{"floor":36,"key":"BlessingOfTheForge"},{"floor":37,"key":"SpeedPotion"},{"floor":39,"key":"Fruit Juice"},{"floor":41,"key":"Fire Potion"}],"is_trial":false,"path_per_floor":["M","?","M","$","M","E","R","?","T","?","M","E","M","$","R","B",null,"M","$","M","?","?","E","R","M","T","M","R","E","M","?","R","B",null,"M","M","M","?","M","R","E","M"],"character_chosen":"THE_SILENT","items_purchased":["Blade Dance","Dagger Spray","Dagger Spray","Blade Dance","Strength Potion","Frozen Eye"],"campfire_rested":5,"item_purchase_floors":[4,4,14,14,14,19],"current_hp_per_floor":[70,53,53,53,53,43,70,70,70,69,69,52,52,52,52,36,70,60,60,40,63,63,17,53,33,33,22,58,24,9,9,45,25,70,59,43,10,28,21,58,51,0,0],"gold":749,"neow_bonus":"RANDOM_COMMON_RELIC","is_daily":false,"chose_seed":false,"campfire_upgraded":1,"win_rate":0.0,"timestamp":1609166808,"path_taken":["M","?","M","$","M","E","R","?","T","?","M","E","?","$","R","BOSS","M","?","M","?","?","E","R","M","T","M","R","E","M","?","R","BOSS","M","M","M","?","M","R","E","M"],"items_purchased_type":["Card","Card","Card","Card","Potion","Relic"],"build_version":"2020-12-22","purchased_purges":1,"victory":false,"max_hp_per_floor":[70,70,70,70,70,70,70,70,70,70,70,70,70,70,70,70,70,70,70,70,70,70,70,70,70,70,70,70,70,70,70,70,70,70,70,70,70,70,75,75,75,75,75],"card_choices":[{"not_picked":["Caltrops","Calculated Gamble","Deflect"],"picked":"SKIP","floor":1},{"not_picked":["Masterful Stab","Poisoned Stab"],"picked":"Backstab","floor":3},{"not_picked":["Quick Slash","Choke"],"picked":"Expertise","floor":5},{"not_picked":["Blade Dance","Backflip"],"picked":"Deflect","floor":6},{"not_picked":["Bane","Flying Knee"],"picked":"Die Die Die","floor":10},{"not_picked":["Riddle With Holes","Expertise"],"picked":"Blade Dance","floor":11},{"not_picked":["Skewer","Dash"],"picked":"Unload","floor":12},{"not_picked":["Poisoned Stab","Dagger Throw","Expertise"],"picked":"SKIP","floor":13},{"not_picked":["Die Die Die","Glass Knife"],"picked":"Corpse Explosion","floor":16},{"not_picked":["Bouncing Flask","Blade Dance+1"],"picked":"Infinite Blades","floor":18},{"not_picked":["Dodge and Roll","Outmaneuver"],"picked":"Prepared","floor":20},{"not_picked":["Acrobatics","After Image","Footwork"],"picked":"SKIP","floor":23},{"not_picked":["Tactician","Prepared"],"picked":"Dagger Spray+1","floor":25},{"not_picked":["Deflect","Deadly Poison"],"picked":"Slice","floor":27},{"not_picked":["Venomology","Predator","All Out Attack"],"picked":"SKIP","floor":29},{"not_picked":["Quick Slash+1","Bane"],"picked":"Terror+1","floor":30},{"not_picked":["Crippling Poison","Terror"],"picked":"Masterful Stab+1","floor":35},{"not_picked":["Underhanded Strike+1","Expertise"],"picked":"Calculated Gamble+1","floor":36},{"not_picked":["Expertise","Quick Slash+1"],"picked":"Finisher+1","floor":37},{"not_picked":["Crippling Poison+1","PiercingWail"],"picked":"Blade Dance","floor":39},{"not_picked":["Choke","Footwork","Underhanded Strike"],"picked":"SKIP","floor":41}],"player_experience":69529,"relics_obtained":[{"floor":6,"key":"Regal Pillow"},{"floor":9,"key":"War Paint"},{"floor":10,"key":"Odd Mushroom"},{"floor":12,"key":"White Beast Statue"},{"floor":23,"key":"MawBank"},{"floor":26,"key":"Kunai"},{"floor":29,"key":"The Specimen"},{"floor":41,"key":"Bag of Marbles"}],"event_choices":[{"damage_healed":0,"gold_gain":0,"player_choice":"Take Damage","damage_taken":17,"relics_obtained":["Golden Idol"],"max_hp_gain":0,"max_hp_loss":0,"event_name":"Golden Idol","floor":2,"gold_loss":0},{"cards_removed":["Defend_G"],"damage_healed":0,"gold_gain":0,"player_choice":"Card Removal","damage_taken":0,"max_hp_gain":0,"max_hp_loss":0,"event_name":"The Cleric","floor":8,"gold_loss":50},{"damage_healed":0,"gold_gain":0,"player_choice":"Fought Mushrooms","damage_taken":0,"max_hp_gain":0,"max_hp_loss":0,"event_name":"Mushrooms","floor":10,"gold_loss":0},{"damage_healed":23,"gold_gain":0,"player_choice":"Heal","damage_taken":0,"max_hp_gain":0,"max_hp_loss":0,"event_name":"The Library","floor":21,"gold_loss":0},{"damage_healed":0,"gold_gain":0,"player_choice":"Ignored","damage_taken":0,"max_hp_gain":0,"max_hp_loss":0,"event_name":"Vampires","floor":22,"gold_loss":0},{"damage_healed":0,"gold_gain":99,"player_choice":"Stole From Cult","damage_taken":0,"max_hp_gain":0,"max_hp_loss":0,"event_name":"Nest","floor":31,"gold_loss":0},{"damage_healed":18,"gold_gain":0,"player_choice":"Writhe","damage_taken":0,"max_hp_gain":0,"max_hp_loss":0,"event_name":"Winding Halls","floor":38,"gold_loss":0,"cards_obtained":["Writhe"]}],"is_beta":false,"boss_relics":[{"not_picked":["Velvet Choker","Busted Crown"],"picked":"Ring of the Serpent"},{"not_picked":["SlaversCollar","Snecko Eye"],"picked":"Philosopher\u0027s Stone"}],"items_purged_floors":[14],"is_endless":false,"potions_floor_spawned":[1,6,10,12,13,16,18,20,23,25,27,29,30,33,35,36,37,39,41],"killed_by":"Writhing Mass","ascension_level":0}}