{"host":"c5slkkw8hp42e20v","time":1609131874,"event":{"mods":["AchievementEnabler","BaseMod","Better Note","BetterRewards","Colored Powertips","DeckTracker","Duelist Mod","GifTheSpireLib","Hermit","Highlight Path","Minty Spire (QoL Compilation)","Quick Restart","Rare Cards Sparkle","Spicy Shops","StSLib","The Animator","The Hierophant","The Poker Player"],"gold_per_floor":[110,110,125,142,160,191,203,215,284,339,339,339],"floor_reached":11,"playtime":1225,"items_purged":[],"score":77,"play_id":"ef04556a-1134-49e7-a8ab-b194f0019dfc","local_time":"20201227230434","is_ascension_mode":false,"campfire_choices":[],"circlet_count":0,"master_deck":["Strike_R","Strike_R","Strike_R","Strike_R","Strike_R","Defend_R","Defend_R","Defend_R","Defend_R","Metamorphosis+1","Armaments+1","Shockwave","Cleave","Headbutt","Metallicize","Armaments","Berserk","Clash","Dark Embrace","Pommel Strike"],"relics":["Burning Blood","Lantern","Ginger","Nunchaku","Pear","Omamori"],"acts_visited":["Exordium"],"potions_floor_usage":[],"damage_taken":[{"damage":2,"enemies":"Small Slimes","floor":1,"turns":3},{"damage":5,"enemies":"2 Louse","floor":3,"turns":2},{"damage":6,"enemies":"Jaw Worm","floor":4,"turns":3},{"damage":9,"enemies":"Blue Slaver","floor":5,"turns":4},{"damage":23,"enemies":"Lagavulin","floor":6,"turns":8},{"damage":13,"enemies":"Exordium Wildlife","floor":7,"turns":6},{"damage":0,"enemies":"Looter","floor":8,"turns":3},{"damage":25,"enemies":"Lagavulin Event","floor":10,"turns":5},{"damage":46,"enemies":"Gremlin Nob","floor":11,"turns":5}],"seed_played":"-7862934183431011904","potions_obtained":[{"floor":4,"key":"Fire Potion"},{"floor":7,"key":"DuplicationPotion"},{"floor":8,"key":"AttackPotion"}],"is_trial":false,"path_per_floor":["M","?","M","M","M","E","M","M","T","?","E"],"character_chosen":"IRONCLAD","items_purchased":["Metamorphosis","Lantern","Armaments"],"campfire_rested":0,"item_purchase_floors":[0,0,0],"current_hp_per_floor":[80,64,65,65,62,45,38,44,54,35,0,0],"gold":339,"neow_bonus":"","is_daily":false,"chose_seed":false,"campfire_upgraded":0,"win_rate":0.0,"timestamp":1609131874,"path_taken":["M","?","M","M","M","E","M","M","T","?","E"],"items_purchased_type":["Card","Relic","Card"],"build_version":"2020-12-22","purchased_purges":0,"victory":false,"max_hp_per_floor":[80,80,80,80,80,80,80,80,90,90,90,90],"card_choices":[{"not_picked":["Clothesline","Pommel Strike"],"picked":"Cleave","floor":1},{"not_picked":["Armaments","Dark Embrace"],"picked":"Headbutt","floor":3},{"not_picked":["Twin Strike","Dark Embrace"],"picked":"Metallicize","floor":4},{"not_picked":["Pummel","Sword Boomerang"],"picked":"Armaments","floor":5},{"not_picked":["Wild Strike","Fiend Fire"],"picked":"Berserk","floor":6},{"not_picked":["Perfected Strike","Evolve"],"picked":"Clash","floor":7},{"not_picked":["Anger","Power Through"],"picked":"Dark Embrace","floor":8},{"not_picked":["Clash","Disarm"],"picked":"Pommel Strike","floor":10}],"player_experience":40664,"relics_obtained":[{"floor":6,"key":"Nunchaku"},{"floor":9,"key":"Pear"},{"floor":10,"key":"Omamori"}],"event_choices":[{"damage_healed":0,"gold_gain":0,"player_choice":"Entered Light","damage_taken":16,"max_hp_gain":0,"max_hp_loss":0,"event_name":"Shining Light","floor":2,"gold_loss":0,"cards_upgraded":["Metamorphosis","Armaments"]},{"damage_healed":0,"gold_gain":0,"player_choice":"Searched \u00271\u0027 times","damage_taken":0,"max_hp_gain":0,"max_hp_loss":0,"event_name":"Dead Adventurer","floor":10,"gold_loss":0}],"is_beta":false,"boss_relics":[],"items_purged_floors":[],"is_endless":false,"potions_floor_spawned":[4,7,8],"killed_by":"Gremlin Nob","ascension_level":0}}