{"host":"pszcj3piwl6eu8b1","time":1609188121,"event":{"mods":["2.2 Compatiblity","Act Like it!","Aspiration","BaseMod","Better Altar","Better Match","Better Note","Better Sensory Stone","Better Skull","Better Third Choice","Better Vampires","CCEM","CapriCore","Energized Spire","Gensokyo","GifTheSpireLib","Hallownest","Hermit","Hubris","Jorbs\u0027s Wanderer Trilogy","Marisa????????","Marked Mod","Minty Spire (QoL Compilation)","Permanent Neow","Quarter Circle Forward PUNCH!","Quick Restart","Replay The Spire","Shop Mod","StSLib","Stuff the Spire","The Animator","The Blue Laboratory","The Immortal"],"gold_per_floor":[112,143,143,117,42,42,59,91,118,118,118,138,138,138,138,211,211,231,231,231,231,248,248,248],"floor_reached":23,"playtime":1950,"items_purged":["animator:Defend"],"score":358,"play_id":"41f6caa2-98b6-48e7-b2cc-4df8f4c3d850","local_time":"20201228124201","is_ascension_mode":true,"campfire_choices":[{"floor":6.0,"key":"RECALL"},{"data":"animator:ShidoItsuka","floor":10.0,"key":"SMITH"},{"data":"animator:DolaRiku","floor":15.0,"key":"SMITH"}],"circlet_count":0,"master_deck":["AscendersBane","animator:Strike_DateALive","animator:Defend_DateALive","animator:Strike","animator:Strike","animator:Strike","animator:Defend","animator:Defend","animator:ShidoItsuka+1","ReplayTheSpireMod:Splinters","animator:DolaRiku+1","animator:NiaHonjou","animator:JunSakurada+1","animator:Yuuichirou","animator:ReimuHakurei","animator:KoishiKomeiji","animator:KaguyaHouraisan","animator:Ara"],"relics":["animator:LivingPicture","animator:TheMissingPiece","animator:PurgingStone","animator:PurpleTeddyBear","Happy Flower","Juzu Bracelet","hubris:ScarierMask","Mummified Hand"],"acts_visited":["Gensokyo:Gensokyo","Gensokyo:Gensokyoer"],"potions_floor_usage":[23],"damage_taken":[{"damage":6.0,"enemies":"Gensokyo:3_Fairies","floor":1.0,"turns":5.0},{"damage":1.0,"enemies":"Gensokyo:Python","floor":2.0,"turns":3.0},{"damage":2.0,"enemies":"Gensokyo:Gryphon","floor":7.0,"turns":3.0},{"damage":11.0,"enemies":"Gensokyo:VengefulSpirit","floor":8.0,"turns":6.0},{"damage":0.0,"enemies":"Gensokyo:Gryphon_and_Rabbit","floor":12.0,"turns":7.0},{"damage":29.0,"enemies":"Gensokyo:Reimu","floor":16.0,"turns":8.0},{"damage":25.0,"enemies":"Gensokyo:AngelMirror","floor":18.0,"turns":6.0},{"damage":5.0,"enemies":"Gensokyo:3_Dogs","floor":22.0,"turns":5.0},{"damage":24,"enemies":"Gensokyo:Wraith","floor":23,"turns":5}],"seed_played":"8522904247405767804","potions_obtained":[{"floor":1.0,"key":"Energy Potion"},{"floor":12.0,"key":"SkillPotion"},{"floor":22.0,"key":"blueLaboratory:BubblePotion"}],"is_trial":false,"path_per_floor":["M","M","?","?","$","R","M","M","T","R","?","M","T","?","R","B",null,"M","?","?","T","M","M"],"character_chosen":"THE_ANIMATOR","items_purchased":[],"campfire_rested":0,"item_purchase_floors":[],"current_hp_per_floor":[48,47,47,60,60,60,58,47,47,47,47,47,47,47,47,18,50,25,25,25,25,20,0,0],"gold":248,"neow_bonus":"ONE_RARE_RELIC","is_daily":false,"chose_seed":true,"campfire_upgraded":2,"win_rate":0.0,"timestamp":1609188121,"path_taken":["M","M","?","?","?","R","M","M","T","R","?","M","?","?","R","BOSS","M","?","?","?","M","M"],"items_purchased_type":[],"build_version":"2020-12-22","purchased_purges":1,"victory":false,"max_hp_per_floor":[60,60,60,60,60,60,60,60,60,60,60,60,60,60,60,60,60,60,60,60,60,60,60,60],"card_choices":[{"not_picked":["animator:OrikoMikuni","animator:KrulTepes","animator:Hitei"],"picked":"SKIP","floor":1.0},{"not_picked":["animator:Fredrika","animator:Azekura"],"picked":"animator:DolaRiku","floor":2.0},{"not_picked":["animator:UneriGinkaku","animator:NarberalGamma","animator:YuukaKazami"],"picked":"SKIP","floor":7.0},{"not_picked":["animator:ShidoItsuka","animator:Natsumi"],"picked":"animator:NiaHonjou","floor":8.0},{"not_picked":["animator:ShidoItsuka","animator:Konayuki"],"picked":"animator:JunSakurada","floor":12.0},{"not_picked":["animator:UneriGinkaku","animator:YoshinoHaruhiko"],"picked":"animator:Yuuichirou","floor":14.0},{"not_picked":["animator:Demiurge","animator:Gillette"],"picked":"animator:ReimuHakurei","floor":14.0},{"not_picked":["animator:ItamiYouji","animator:KanadeTachibana"],"picked":"animator:KoishiKomeiji","floor":16.0},{"not_picked":["animator:NagisaMomoe","animator:Tyuule","animator:Fredrika"],"picked":"SKIP","floor":18.0},{"not_picked":["animator:Gillette","animator:MarisaKirisame"],"picked":"animator:Ara","floor":22.0}],"player_experience":1514637,"relics_obtained":[{"floor":9.0,"key":"Juzu Bracelet"},{"floor":21.0,"key":"Mummified Hand"}],"event_choices":[],"is_beta":false,"boss_relics":[{"not_picked":["CCEMRelics:GreenEgg","aspiration:RitualDagger"],"picked":"hubris:ScarierMask"}],"items_purged_floors":[5],"is_endless":false,"potions_floor_spawned":[1,12,22],"killed_by":"Gensokyo:Wraith","ascension_level":20}}