{"host":"k5dhp0bkccqfauyu","time":1609123415,"event":{"mods":["BaseMod","Better Note","Better Skull","Better Vampires","Colored Map","Colored Powertips","DeckTracker","Minty Spire (QoL Compilation)","Permanent Neow","StSLib","SuperFastMode"],"gold_per_floor":[112,131,150,160,160,191,191,151,203,215,231,260,260,295,295,391,391,407,417,417,98,114,147,165,165,165,15,40,55,68,88,88,191,191,208,208,208,222,240,240,269,287,287,298,298,315,350,363,363,363,363,363,21,54,54],"floor_reached":56,"playtime":1766,"items_purged":["Strike_R","Strike_R"],"score":1349,"play_id":"d07dcd75-1f4a-4afd-8471-dd2e7a9a6dd5","local_time":"20201228134335","is_ascension_mode":true,"campfire_choices":[{"data":"Uppercut","floor":7,"key":"SMITH"},{"data":"Demon Form","floor":13,"key":"SMITH"},{"data":"Body Slam","floor":15,"key":"SMITH"},{"data":"Immolate","floor":25,"key":"SMITH"},{"data":"Limit Break","floor":32,"key":"SMITH"},{"data":"Heavy Blade","floor":40,"key":"SMITH"},{"data":"Demon Form","floor":45,"key":"SMITH"},{"floor":49,"key":"RECALL"},{"data":"Impervious","floor":52,"key":"SMITH"}],"circlet_count":0,"master_deck":["Strike_R","Strike_R","Defend_R","Defend_R","Defend_R","Defend_R","Bash","Thunderclap","Uppercut+1","Seeing Red","Impervious+1","Shrug It Off","Body Slam+1","Demon Form+1","Immolate+1","Heavy Blade+1","Feel No Pain+1","Reaper","Dark Embrace+1","Limit Break+1","Demon Form+1","True Grit+1","Evolve","Carnage","Exhume","Shrug It Off+1","Entrench+1","Flame Barrier","Flame Barrier+1","Reaper"],"relics":["Burning Blood","The Courier","Red Skull","Dream Catcher","Potion Belt","Snecko Eye","HornCleat","Eternal Feather","Pear","Membership Card","Nunchaku","Coffee Dripper","Vajra","Letter Opener","Lantern","CaptainsWheel","TungstenRod","Turnip"],"acts_visited":["Exordium","TheCity","TheBeyond","TheEnding"],"potions_floor_usage":[6,10,12,16,28,33,55,55,55,55,55],"damage_taken":[{"damage":3,"enemies":"Small Slimes","floor":1,"turns":3},{"damage":1,"enemies":"Cultist","floor":2,"turns":3},{"damage":2,"enemies":"2 Louse","floor":3,"turns":3},{"damage":10,"enemies":"2 Fungi Beasts","floor":4,"turns":3},{"damage":14,"enemies":"Gremlin Nob","floor":6,"turns":4},{"damage":19,"enemies":"Exordium Thugs","floor":10,"turns":5},{"damage":5,"enemies":"Looter","floor":11,"turns":3},{"damage":8,"enemies":"Lagavulin","floor":12,"turns":6},{"damage":29,"enemies":"3 Sentries","floor":14,"turns":8},{"damage":24,"enemies":"The Guardian","floor":16,"turns":8},{"damage":4,"enemies":"Chosen","floor":18,"turns":4},{"damage":10,"enemies":"Shell Parasite","floor":19,"turns":3},{"damage":10,"enemies":"Sentry and Sphere","floor":22,"turns":6},{"damage":7,"enemies":"Book of Stabbing","floor":23,"turns":4},{"damage":0,"enemies":"Chosen and Byrds","floor":24,"turns":3},{"damage":14,"enemies":"Slavers","floor":28,"turns":4},{"damage":0,"enemies":"Snecko","floor":29,"turns":5},{"damage":14,"enemies":"Sentry and Sphere","floor":30,"turns":4},{"damage":5,"enemies":"3 Cultists","floor":31,"turns":4},{"damage":53,"enemies":"Automaton","floor":33,"turns":7},{"damage":11,"enemies":"Orb Walker","floor":35,"turns":2},{"damage":2,"enemies":"3 Darklings","floor":38,"turns":5},{"damage":0,"enemies":"Transient","floor":39,"turns":5},{"damage":7,"enemies":"Nemesis","floor":41,"turns":7},{"damage":10,"enemies":"Maw","floor":42,"turns":6},{"damage":6,"enemies":"Spire Growth","floor":44,"turns":5},{"damage":7,"enemies":"4 Shapes","floor":46,"turns":4},{"damage":4,"enemies":"Giant Head","floor":47,"turns":7},{"damage":10,"enemies":"3 Darklings","floor":48,"turns":3},{"damage":65,"enemies":"Time Eater","floor":50,"turns":10},{"damage":5,"enemies":"Shield and Spear","floor":54,"turns":6},{"damage":41,"enemies":"The Heart","floor":55,"turns":7}],"seed_played":"5625038691879497143","potions_obtained":[{"floor":4,"key":"BlessingOfTheForge"},{"floor":6,"key":"LiquidMemories"},{"floor":8,"key":"BloodPotion"},{"floor":8,"key":"Weak Potion"},{"floor":10,"key":"Strength Potion"},{"floor":14,"key":"Block Potion"},{"floor":16,"key":"LiquidMemories"},{"floor":18,"key":"SteroidPotion"},{"floor":22,"key":"Regen Potion"},{"floor":28,"key":"SpeedPotion"},{"floor":30,"key":"LiquidBronze"},{"floor":33,"key":"CultistPotion"},{"floor":39,"key":"SneckoOil"},{"floor":47,"key":"Energy Potion"}],"is_trial":false,"path_per_floor":["M","M","M","M","?","E","R","?","T","M","M","E","R","E","R","B",null,"M","M","?","$","M","E","M","R","T","$","E","M","M","M","R","B",null,"M","?","?","M","M","R","E","M","T","M","R","M","E","M","R","B",null,"R","$","E","B",null],"character_chosen":"IRONCLAD","items_purchased":["Reaper","HornCleat","Membership Card","Limit Break","Lantern","CaptainsWheel","TungstenRod"],"campfire_rested":0,"item_purchase_floors":[21,21,27,27,53,53,53],"current_hp_per_floor":[75,80,84,80,73,65,65,65,65,71,72,70,70,47,47,29,96,96,92,92,92,92,95,96,96,106,106,98,106,106,106,106,78,106,106,96,106,106,106,106,105,101,101,101,106,106,106,106,106,86,106,106,106,106,101],"gold":54,"neow_bonus":"TWENTY_PERCENT_HP_BONUS","is_daily":false,"chose_seed":false,"campfire_upgraded":8,"win_rate":0.0,"timestamp":1609123415,"path_taken":["M","M","M","M","?","E","R","?","T","M","M","E","R","E","R","BOSS","M","?","?","$","?","E","M","R","T","$","E","M","?","M","R","BOSS","M","?","?","M","M","R","E","M","T","M","R","M","E","?","R","BOSS","R","$","E","BOSS"],"items_purchased_type":["Card","Relic","Relic","Card","Relic","Relic","Relic"],"build_version":"2020-12-22","purchased_purges":2,"victory":true,"max_hp_per_floor":[96,96,96,96,96,96,96,96,96,96,96,96,96,96,96,96,96,96,96,96,96,96,96,96,96,106,106,106,106,106,106,106,106,106,106,106,106,106,106,106,106,106,106,106,106,106,106,106,106,106,106,106,106,106,106],"card_choices":[{"not_picked":["Heavy Blade","Perfected Strike"],"picked":"Thunderclap","floor":1},{"not_picked":["Shrug It Off","Perfected Strike"],"picked":"Uppercut","floor":2},{"not_picked":["Fire Breathing","Sword Boomerang"],"picked":"Seeing Red","floor":3},{"not_picked":["Warcry","Flex","Hemokinesis"],"picked":"SKIP","floor":4},{"not_picked":["Cleave","Flex"],"picked":"Impervious","floor":6},{"not_picked":["Infernal Blade","Twin Strike"],"picked":"Shrug It Off","floor":10},{"not_picked":["Combust","Heavy Blade"],"picked":"Body Slam","floor":11},{"not_picked":["Shockwave","Shrug It Off"],"picked":"Demon Form","floor":12},{"not_picked":["Pommel Strike","Warcry","Headbutt"],"picked":"SKIP","floor":14},{"not_picked":["Bludgeon","Juggernaut"],"picked":"Immolate","floor":16},{"not_picked":["Warcry","Dropkick","Seeing Red"],"picked":"SKIP","floor":18},{"not_picked":["Spot Weakness","Whirlwind"],"picked":"Heavy Blade","floor":19},{"not_picked":["Armaments","Searing Blow","Thunderclap+1"],"picked":"SKIP","floor":22},{"not_picked":["Second Wind","Seeing Red"],"picked":"Dark Embrace+1","floor":23},{"not_picked":["Sword Boomerang","Thunderclap+1","Body Slam+1"],"picked":"SKIP","floor":24},{"not_picked":["Pommel Strike","Impervious"],"picked":"Demon Form","floor":28},{"not_picked":["Sword Boomerang","Hemokinesis"],"picked":"True Grit+1","floor":29},{"not_picked":["Disarm","Wild Strike"],"picked":"Evolve","floor":30},{"not_picked":["Cleave","True Grit"],"picked":"Carnage","floor":31},{"not_picked":["Brutality","Juggernaut"],"picked":"Exhume","floor":33},{"not_picked":["Metallicize+1","Sentinel","Heavy Blade"],"picked":"SKIP","floor":35},{"not_picked":["Sword Boomerang","Body Slam+1"],"picked":"Shrug It Off+1","floor":38},{"not_picked":["Battle Trance","Twin Strike+1"],"picked":"Entrench+1","floor":39},{"not_picked":["Perfected Strike+1","Offering","Thunderclap+1"],"picked":"SKIP","floor":41},{"not_picked":["Flex+1","Sword Boomerang+1"],"picked":"Flame Barrier","floor":42},{"not_picked":["Shrug It Off+1","Entrench+1"],"picked":"Flame Barrier+1","floor":44},{"not_picked":["Iron Wave+1","Wild Strike+1","Headbutt"],"picked":"SKIP","floor":46},{"not_picked":["True Grit","Sword Boomerang+1"],"picked":"Reaper","floor":47},{"not_picked":["Rampage","Body Slam+1","Combust"],"picked":"SKIP","floor":48},{"not_picked":["Rampage+1","Anger+1","Headbutt"],"picked":"SKIP","floor":54}],"player_experience":1840912,"relics_obtained":[{"floor":6,"key":"The Courier"},{"floor":9,"key":"Red Skull"},{"floor":12,"key":"Dream Catcher"},{"floor":14,"key":"Potion Belt"},{"floor":23,"key":"Eternal Feather"},{"floor":26,"key":"Pear"},{"floor":28,"key":"Nunchaku"},{"floor":41,"key":"Vajra"},{"floor":47,"key":"Letter Opener"},{"floor":54,"key":"Turnip"}],"event_choices":[{"cards_removed":["Strike_R"],"damage_healed":0,"gold_gain":0,"player_choice":"Card Removal","damage_taken":7,"max_hp_gain":0,"max_hp_loss":0,"event_name":"Golden Wing","floor":5,"gold_loss":0},{"damage_healed":0,"gold_gain":0,"player_choice":"Bought 3 Potions","damage_taken":0,"max_hp_gain":0,"max_hp_loss":0,"event_name":"The Woman in Blue","floor":8,"gold_loss":0},{"cards_removed":["Demon Form"],"damage_healed":0,"gold_gain":0,"player_choice":"Take \u0026 Give","damage_taken":0,"max_hp_gain":0,"max_hp_loss":0,"event_name":"betterNote:BetterNote","floor":20,"gold_loss":0,"cards_obtained":["Feel No Pain"]},{"damage_healed":0,"gold_gain":0,"player_choice":"Memory 3","damage_taken":10,"max_hp_gain":0,"max_hp_loss":0,"event_name":"SensoryStone","floor":36,"gold_loss":0},{"damage_healed":10,"gold_gain":0,"player_choice":"Full Heal","damage_taken":0,"max_hp_gain":0,"max_hp_loss":0,"event_name":"Wheel of Change","floor":37,"gold_loss":0}],"is_beta":false,"boss_relics":[{"not_picked":["Sozu","Tiny House"],"picked":"Snecko Eye"},{"not_picked":["Philosopher\u0027s Stone","Runic Dome"],"picked":"Coffee Dripper"}],"items_purged_floors":[21,53],"is_endless":false,"potions_floor_spawned":[4,6,10,14,16,18,22,28,30,31,33,35,39,46,47],"ascension_level":1}}