{"host":"f1miojwxaupu79sp","time":1609140226,"event":{"mods":["BaseMod","Better Vampires","Minty Spire (QoL Compilation)","Shop Mod"],"gold_per_floor":[11,11,11,23,23,23,23,39,39,50,113,93,93,126,126,126,126],"floor_reached":16,"playtime":3306,"items_purged":[],"score":167,"play_id":"6e70adda-70d0-4a70-9127-70e5a3c733ba","local_time":"20201228022346","is_ascension_mode":true,"campfire_choices":[{"data":"Sucker Punch","floor":6,"key":"SMITH"},{"floor":15,"key":"REST"}],"circlet_count":0,"master_deck":["AscendersBane","Strike_G","Strike_G","Strike_G","Strike_G","Defend_G","Defend_G","Defend_G","Defend_G","Defend_G","Survivor","Neutralize","Sadistic Nature+1","Deadly Poison","Sucker Punch+1","Deflect","PiercingWail","Distraction"],"relics":["Ring of the Snake","InkBottle","Regal Pillow","CultistMask","Bottled Flame"],"acts_visited":["Exordium"],"potions_floor_usage":[11,11,16],"damage_taken":[{"damage":3,"enemies":"Jaw Worm","floor":1,"turns":5},{"damage":5,"enemies":"2 Louse","floor":4,"turns":3},{"damage":2,"enemies":"Small Slimes","floor":8,"turns":4},{"damage":8,"enemies":"3 Louse","floor":10,"turns":4},{"damage":12,"enemies":"Lagavulin Event","floor":11,"turns":5},{"damage":10,"enemies":"3 Sentries","floor":14,"turns":7},{"damage":27,"enemies":"Hexaghost","floor":16,"turns":16}],"seed_played":"-2745368361181598741","potions_obtained":[{"floor":4,"key":"AttackPotion"},{"floor":10,"key":"BlessingOfTheForge"},{"floor":14,"key":"GhostInAJar"}],"is_trial":false,"path_per_floor":["M","$","?","M","$","R","?","M","T","M","?","?","?","E","R","B"],"character_chosen":"THE_SILENT","items_purchased":[],"campfire_rested":1,"item_purchase_floors":[],"current_hp_per_floor":[56,56,56,51,51,51,44,42,42,34,22,22,22,12,46,19,19],"gold":126,"neow_bonus":"RANDOM_COLORLESS_2","is_daily":false,"chose_seed":false,"campfire_upgraded":1,"win_rate":0.0,"timestamp":1609140226,"path_taken":["M","$","?","M","$","R","?","?","T","M","?","?","?","E","R","BOSS"],"items_purchased_type":[],"build_version":"2020-12-22","purchased_purges":0,"victory":false,"max_hp_per_floor":[66,66,66,66,66,66,66,66,66,66,66,66,66,66,66,66,66],"card_choices":[{"not_picked":["Magnetism","Panache"],"picked":"Sadistic Nature","floor":0},{"not_picked":["Cloak And Dagger","Infinite Blades"],"picked":"Deadly Poison","floor":1},{"not_picked":["Reflex","Acrobatics"],"picked":"Sucker Punch","floor":4},{"not_picked":["Prepared","Flechettes"],"picked":"Deflect","floor":8},{"not_picked":["Blade Dance","Skewer"],"picked":"PiercingWail","floor":10},{"not_picked":["Distraction","Cloak And Dagger","Quick Slash"],"picked":"SKIP","floor":14},{"not_picked":["Cloak And Dagger","Quick Slash"],"picked":"Distraction","floor":14}],"player_experience":882324,"relics_obtained":[{"floor":9,"key":"InkBottle"},{"floor":11,"key":"Regal Pillow"},{"floor":14,"key":"Bottled Flame"}],"event_choices":[{"damage_healed":0,"gold_gain":0,"player_choice":"Grow","damage_taken":0,"max_hp_gain":0,"max_hp_loss":0,"event_name":"Living Wall","floor":3,"gold_loss":0,"cards_upgraded":["Sadistic Nature"]},{"cards_removed":["Strike_G"],"damage_healed":0,"gold_gain":0,"player_choice":"Card Removal","damage_taken":7,"max_hp_gain":0,"max_hp_loss":0,"event_name":"Golden Wing","floor":7,"gold_loss":0},{"damage_healed":0,"gold_gain":30,"player_choice":"Searched \u00272\u0027 times","damage_taken":0,"max_hp_gain":0,"max_hp_loss":0,"event_name":"Dead Adventurer","floor":11,"gold_loss":0},{"damage_healed":0,"gold_gain":0,"player_choice":"Left Gold","damage_taken":0,"max_hp_gain":0,"max_hp_loss":0,"event_name":"World of Goop","floor":12,"gold_loss":20},{"damage_healed":0,"gold_gain":0,"player_choice":"Trade","damage_taken":0,"relics_obtained":["CultistMask"],"max_hp_gain":0,"max_hp_loss":0,"event_name":"FaceTrader","floor":13,"gold_loss":0}],"is_beta":false,"boss_relics":[],"items_purged_floors":[],"is_endless":false,"potions_floor_spawned":[4,10,14],"killed_by":"Hexaghost","ascension_level":14}}