{"host":"wy23tj84iquxuyyu","time":1609121777,"event":{"mods":["Aspiration","BaseMod","Better Note","Colored Map","Fireblade Mod","Hermit","Marked Mod","Minty Spire (QoL Compilation)","Random Character Button","Rare Cards Sparkle","Relic Stats","Replay The Spire","Retaliation","Spicy Shops","StSLib","The Cursed","The Death Knight","The Necromancer","Trackpad"],"gold_per_floor":[109,109,109,34,49,49,67,67,120,130,130,147,164,179,179,283,283,283,283],"floor_reached":18,"playtime":1973,"items_purged":["Entrench"],"score":154,"play_id":"5652a955-5510-4c12-89c7-ff417eccc8c0","local_time":"20201227211617","is_ascension_mode":false,"campfire_choices":[{"data":"Magnetism","floor":6,"key":"SMITH"},{"data":"Feel No Pain","floor":11,"key":"SMITH"},{"floor":15,"key":"REST"}],"circlet_count":0,"master_deck":["Strike_R","Strike_R","Strike_R","Strike_R","Defend_R","Defend_R","Defend_R","Defend_R","Bash","Injury","Magnetism+1","Regret","DDmod:SpikedSkill+1","Havoc","Feel No Pain+1","DDmod:EasePowerCard","Seeing Red"],"relics":["Burning Blood","aspiration:FetidBarrel","Dream Catcher","SlaversCollar"],"acts_visited":["Exordium","TheCity"],"potions_floor_usage":[14,16,16,16,18,18],"damage_taken":[{"damage":8.0,"enemies":"Small Slimes","floor":1.0,"turns":4.0},{"damage":8,"enemies":"Jaw Worm","floor":5,"turns":5},{"damage":12,"enemies":"Cultist","floor":7,"turns":5},{"damage":16,"enemies":"Looter","floor":10,"turns":4},{"damage":16,"enemies":"3 Louse","floor":12,"turns":4},{"damage":25,"enemies":"Large Slime","floor":13,"turns":9},{"damage":23,"enemies":"Gremlin Gang","floor":14,"turns":5},{"damage":42,"enemies":"Fading Forest","floor":16,"turns":11},{"damage":92,"enemies":"3 Byrds","floor":18,"turns":9}],"seed_played":"7776515938481098242","potions_obtained":[{"floor":5,"key":"Explosive Potion"},{"floor":7,"key":"Death Potion"},{"floor":10,"key":"ColorlessPotion"}],"is_trial":false,"path_per_floor":["M","?","?","$","M","R","M","$","T","M","R","M","M","M","R","B",null,"M"],"character_chosen":"IRONCLAD","items_purchased":[],"campfire_rested":1,"item_purchase_floors":[],"current_hp_per_floor":[78,78,78,78,76,76,70,70,70,60,60,50,42,29,53,46,80,0,0],"gold":283,"neow_bonus":"RANDOM_COLORLESS_2","is_daily":false,"chose_seed":false,"campfire_upgraded":2,"win_rate":0.0,"timestamp":1609121777,"path_taken":["M","?","?","?","M","R","?","$","T","M","R","M","M","M","R","BOSS","M"],"items_purchased_type":[],"build_version":"2020-12-22","purchased_purges":1,"victory":false,"max_hp_per_floor":[80,80,80,80,80,80,80,80,80,80,80,80,80,80,80,80,80,80,80],"relic_stats":{"Dream Catcher":1,"counters":[9,56],"obtain_stats":[{"SlaversCollar":17,"Dream Catcher":9,"aspiration:FetidBarrel":2,"Burning Blood":0},{"SlaversCollar":8,"Dream Catcher":3,"aspiration:FetidBarrel":1,"Burning Blood":0},{"SlaversCollar":47,"Dream Catcher":14,"aspiration:FetidBarrel":4,"Burning Blood":0}],"Burning Blood":48},"card_choices":[{"not_picked":["Poisoned Strike","Metamorphosis"],"picked":"Magnetism","floor":0.0},{"not_picked":["Hemokinesis","Pommel Strike"],"picked":"Entrench","floor":1.0},{"not_picked":["Cleave","DDmod:ScaleUpSkill","Dropkick"],"picked":"SKIP","floor":5},{"not_picked":["Clash","Iron Wave"],"picked":"Havoc","floor":7},{"not_picked":["DDmod:PokeAttack","Dropkick"],"picked":"Feel No Pain","floor":10},{"not_picked":["ReplayReversal","Iron Wave"],"picked":"DDmod:EasePowerCard","floor":12},{"not_picked":["Dual Wield","Fire Breathing"],"picked":"Seeing Red","floor":13},{"not_picked":["Headbutt","Entrench","Evolve"],"picked":"SKIP","floor":14}],"player_experience":836644,"relics_obtained":[{"floor":9,"key":"Dream Catcher"}],"event_choices":[{"damage_healed":0.0,"max_hp_gain":0.0,"max_hp_loss":0.0,"gold_gain":0.0,"event_name":"Big Fish","player_choice":"Box","floor":2.0,"gold_loss":0.0,"damage_taken":0.0,"relics_obtained":["aspiration:FetidBarrel"],"cards_obtained":["Regret"]}],"is_beta":false,"boss_relics":[{"not_picked":["aspiration:DefectSkillbook","Runic Dome"],"picked":"SlaversCollar"}],"items_purged_floors":[4],"is_endless":false,"potions_floor_spawned":[5,7,10,16],"killed_by":"3 Byrds","ascension_level":0}}