{"host":"dxhqtkke6bt2qzoz","time":1609141307,"event":{"mods":["ATMod(∞¢Ë™Mod)","Act Like it!","Astrologer","BaseMod","Chen","Dota2Spire","Gensokyo","Koishi","Marisa£®ÏF”Í°°ƒß¿Ì…≥£©","Minty Spire (QoL Compilation)","MostiFishMod","Prisma Mod","Reimu£®≤©¿ˆ¡È√Œ£©","Remilia£®¿Ÿ√◊¿Ú—«£©","SIMod","StSLib","TestMod","The Animator","The Dragon Tamer","The Hierophant","The Marked","Waifu the Spire","WarShipGirlsR/’ΩΩ¢…Ÿ≈ÆR mod","Yakumo Yukari mod","Youmu£®ªÍ∆«—˝√Œ£©","Yuri Mod","Yuyuko","[IsaacMod]“‘»ˆº‚À˛","vexMod","°æ“≈ŒÔø®≈∆°øREMEMod"],"gold_per_floor":[111,111,121,137,212,243,243,300,325,365,365,365,404,471,471,597,597,686,351,351,229,229,335,379,423,423,477,512,512,304,304,304,476,476,621,200,200,0,0,0,60,149,149,149,24,24,64,109,109,234],"floor_reached":51,"playtime":1303,"items_purged":["Enlightenment","yuri:yuriStrike","yuri:CalmingAura","yuri:DuplicateCode","yuri:yuriDefend"],"score":998,"play_id":"58fde84e-ba3e-4581-acaf-ef7d62af381d","local_time":"20201228154147","is_ascension_mode":false,"campfire_choices":[{"data":"yuri:yuriStab","floor":7,"key":"SMITH"},{"data":"yuri:Oolong","floor":12,"key":"SMITH"},{"floor":15,"key":"REST"},{"data":"yuri:SeeingDouble","floor":29,"key":"SMITH"},{"data":"yuri:DragonForm","floor":32,"key":"SMITH"},{"data":"yuri:HeavierStrike","floor":40,"key":"SMITH"},{"data":"testmod-Collector","floor":44,"key":"SMITH"},{"data":"MostiFishMod:SparklingWater","floor":49,"key":"SMITH"}],"circlet_count":0,"master_deck":["yuri:yuriDefend","yuri:yuriDefend","yuri:yuriDefend","yuri:Oolong+1","yuri:Stare","yuri:SeeingDouble+1","yuri:TeaSet","yuri:Torment","yuri:BrokenCode+1","yuri:SeeingDouble+1","yuri:DragonForm+1","MostiFishMod:SparklingWater+1","MostiFishMod:FantasySummer","MostiFishMod:NightSea","yuri:MultiDip+1","yuri:DisableStrike+1","yuri:Parry+1","yuri:Parry+1","yuri:MultiDip+1","yuri:Spin+1","testmod-Mystery+1","yuri:MultiDip+1","yuri:RecklessStrike+1","yuri:GlitchedStrike+1","testmod-RabbitOfFibonacci+1","HandOfGreed+1","yuri:ThrowingKnives+1","yuri:yuriQuickStrike+1","yuri:TeaSet+1","yuri:Stalk+1"],"relics":["yuri:yuriKnife","HushsDoor","DaveBox","AT_ATBox","REME_ComplimentaryCards","testmod-TestBox","Membership Card","DeadEye","AT_MibuBalloonWealth","vexMod:ScavengeHelm","testmod-AssaultLearning","AT_TrinityForce","SatanicBible","testmod-ArcanaOfDestiny","Juzu Bracelet","Dota2Spire:MonkeyKingBar","REME_LimitBreaker","Dota2Spire:ArcaneBoots","Dota2Spire:UrnOfShadows","MoonlightInvasionPlan","HornCleat","GuppysPaw","Strange Spoon","Red Mask","AT_SpeedBoots","Dota2Spire:MaskOfMadness","Molten Egg 2"],"acts_visited":["Exordium","TheCity","TheBeyond"],"potions_floor_usage":[14,14,16,23,33,33,41],"damage_taken":[{"damage":2,"enemies":"Cultist","floor":1,"turns":3},{"damage":0,"enemies":"2 Louse","floor":3,"turns":2},{"damage":5,"enemies":"Jaw Worm","floor":4,"turns":3},{"damage":19,"enemies":"Gremlin Nob","floor":6,"turns":3},{"damage":25,"enemies":"Lagavulin","floor":8,"turns":5},{"damage":1,"enemies":"Blue Slaver","floor":10,"turns":2},{"damage":2,"enemies":"Looter","floor":13,"turns":2},{"damage":11,"enemies":"Exordium Thugs","floor":14,"turns":2},{"damage":52,"enemies":"Hexaghost","floor":16,"turns":11},{"damage":11,"enemies":"3 Byrds","floor":18,"turns":4},{"damage":0,"enemies":"Gremlin Leader","floor":23,"turns":2},{"damage":0,"enemies":"Chosen","floor":24,"turns":2},{"damage":0,"enemies":"Snecko","floor":25,"turns":1},{"damage":0,"enemies":"REME_1_Revenger","floor":27,"turns":1},{"damage":0,"enemies":"Snake Plant","floor":28,"turns":2},{"damage":0,"enemies":"Automaton","floor":33,"turns":4},{"damage":0,"enemies":"3 Darklings","floor":35,"turns":4},{"damage":0,"enemies":"Nemesis","floor":41,"turns":2},{"damage":3,"enemies":"3 Shapes","floor":42,"turns":2},{"damage":0,"enemies":"Maw","floor":47,"turns":1},{"damage":10,"enemies":"Transient","floor":48,"turns":5},{"damage":0,"enemies":"Awakened One","floor":50,"turns":4}],"seed_played":"-489355434012721799","potions_obtained":[{"floor":3,"key":"Energy Potion"},{"floor":10,"key":"GamblersBrew"},{"floor":13,"key":"DuplicationPotion"},{"floor":14,"key":"LiquidBronze"},{"floor":16,"key":"Weak Potion"},{"floor":18,"key":"testmod-TestPotion"},{"floor":23,"key":"Dexterity Potion"},{"floor":35,"key":"SkillPotion"},{"floor":47,"key":"Block Potion"}],"is_trial":false,"path_per_floor":["M","?","M","M","?","E","R","E","T","M","?","R","M","M","R","B",null,"M","$","?","$","?","E","M","M","T","E","M","R","$","?","R","B",null,"M","$","?","?","?","R","E","M","T","R","$","?","M","M","R","B",null],"character_chosen":"YURI","items_purchased":["SatanicBible","testmod-ArcanaOfDestiny","testmod-Collector","yuri:ExploitStrike","Dota2Spire:UrnOfShadows","yuri:DragonForm","HornCleat","GuppysPaw","Strange Spoon","Molten Egg 2"],"campfire_rested":1,"item_purchase_floors":[19,19,19,21,30,30,36,36,36,45],"current_hp_per_floor":[88,88,88,83,72,57,57,36,36,42,35,35,33,36,62,31,88,84,84,84,84,84,84,84,84,84,84,88,88,88,88,88,88,83,83,83,83,83,83,83,83,80,80,80,80,80,80,78,78,83],"gold":234,"neow_bonus":"TEN_PERCENT_HP_BONUS","is_daily":false,"chose_seed":false,"campfire_upgraded":7,"win_rate":0.0,"timestamp":1609141307,"path_taken":["M","?","M","M","?","E","R","E","T","M","?","R","M","M","R","BOSS","M","$","?","$","?","E","M","M","T","E","M","R","$","?","R","BOSS","M","$","?","?","?","R","E","M","T","R","$","?","M","M","R","BOSS"],"items_purchased_type":["Relic","Relic","Card","Card","Relic","Card","Relic","Relic","Relic","Relic"],"build_version":"2020-12-22","purchased_purges":5,"victory":true,"max_hp_per_floor":[88,88,88,88,88,88,88,88,88,88,88,88,88,88,88,88,88,88,88,88,88,88,88,88,88,88,88,88,88,88,88,88,88,83,83,83,83,83,83,83,83,83,83,83,83,83,83,83,83,83],"card_choices":[{"not_picked":["yuri:ThrowBook","yuri:BrokenCode"],"picked":"Bomb","floor":1},{"not_picked":["yuri:TPose","yuri:Spin"],"picked":"yuri:Stare","floor":3},{"not_picked":["yuri:UnstableStrike","Bomb"],"picked":"yuri:ThrowingKnives","floor":4},{"not_picked":["yuri:ThrowBook","yuri:yuriHeavyStrike"],"picked":"yuri:SeeingDouble","floor":6},{"not_picked":["yuri:Skip","yuri:GlitchedStrike"],"picked":"yuri:TeaSet","floor":8},{"not_picked":["yuri:ThrowingKnives","yuri:DeepBreathing"],"picked":"yuri:DuplicateCode","floor":10},{"not_picked":["yuri:Stare","yuri:Spin"],"picked":"yuri:ThrowBook","floor":13},{"not_picked":["yuri:Spin","yuri:AdaptiveAI"],"picked":"yuri:CalmingAura","floor":14},{"not_picked":["yuri:RelentlessStrikes","yuri:ConsumeGlitch"],"picked":"yuri:Torment","floor":16},{"not_picked":["yuri:yuriHeavyStrike","yuri:yuriQuickStrike"],"picked":"yuri:BrokenCode+1","floor":18},{"not_picked":["yuri:SelfHarm+1","yuri:Skip"],"picked":"yuri:MultiDip+1","floor":23},{"not_picked":["yuri:ThrowingKnives+1","yuri:BrokenCode","yuri:RepairCode"],"picked":"SKIP","floor":24},{"not_picked":["yuri:TeaSet","yuri:RecklessStrike+1"],"picked":"yuri:HeavierStrike","floor":25},{"not_picked":["yuri:DebugCard","yuri:InsanityDefense"],"picked":"yuri:SeeingDouble+1","floor":27},{"not_picked":["yuri:DebugCard+1","yuri:NerfBat","yuri:Stare+1"],"picked":"SKIP","floor":28},{"not_picked":["yuri:CalmingAura","yuri:ThrowingKnives"],"picked":"yuri:RecklessStrike","floor":35},{"not_picked":["yuri:GhostForm","yuri:InduceGlitch"],"picked":"yuri:NerfBat+1","floor":41},{"not_picked":["yuri:AdaptiveAI","yuri:ThrowingKnives+1","yuri:BrokenCode"],"picked":"SKIP","floor":42},{"not_picked":["yuri:DejaVu","yuri:ReactiveMadness+1"],"picked":"yuri:TeaSet+1","floor":47},{"not_picked":["yuri:DebugCard","yuri:CalmingAura"],"picked":"yuri:Stalk+1","floor":48}],"player_experience":164454,"relics_obtained":[{"floor":6,"key":"AT_MibuBalloonWealth"},{"floor":8,"key":"vexMod:ScavengeHelm"},{"floor":9,"key":"testmod-AssaultLearning"},{"floor":23,"key":"Dota2Spire:MonkeyKingBar"},{"floor":26,"key":"REME_LimitBreaker"},{"floor":27,"key":"Dota2Spire:ArcaneBoots"},{"floor":41,"key":"AT_SpeedBoots"},{"floor":43,"key":"Dota2Spire:MaskOfMadness"}],"event_choices":[{"damage_healed":0,"gold_gain":75,"player_choice":"Gather Gold","damage_taken":11,"max_hp_gain":0,"max_hp_loss":0,"event_name":"World of Goop","floor":5,"gold_loss":0},{"cards_removed":["yuri:yuriStrike"],"damage_healed":0,"gold_gain":0,"player_choice":"Card Removal","damage_taken":7,"max_hp_gain":0,"max_hp_loss":0,"event_name":"Golden Wing","floor":11,"gold_loss":0},{"damage_healed":0,"gold_gain":0,"player_choice":"Swap Relic","damage_taken":0,"relics_obtained":["Juzu Bracelet"],"max_hp_gain":0,"max_hp_loss":0,"event_name":"∏¯◊‘º∫µƒ∫–◊”","floor":20,"relics_lost":["Pyrelight"],"gold_loss":0},{"damage_healed":0,"gold_gain":0,"player_choice":"Ignored","damage_taken":0,"max_hp_gain":0,"max_hp_loss":0,"event_name":"Ghosts","floor":31,"gold_loss":0},{"damage_healed":0,"gold_gain":0,"player_choice":"Paid","damage_taken":0,"relics_obtained":["Red Mask"],"max_hp_gain":0,"max_hp_loss":0,"event_name":"Tomb of Lord Red Mask","floor":38,"gold_loss":200},{"cards_removed":["yuri:yuriDefend"],"damage_healed":0,"gold_gain":0,"player_choice":"Removed Skill","damage_taken":0,"max_hp_gain":0,"max_hp_loss":0,"event_name":"Falling","floor":39,"gold_loss":0}],"is_beta":false,"boss_relics":[{"not_picked":["PatriotShield","REME_DuelDisc"],"picked":"AT_TrinityForce"},{"not_picked":[]},{"not_picked":["testmod-EnergyCheck","Coffee Dripper"],"picked":"MoonlightInvasionPlan"},{"not_picked":[]}],"items_purged_floors":[19,21,30,34,36],"is_endless":false,"potions_floor_spawned":[3,10,13,14,16,18,23,24,35,41,47],"ascension_level":0}}