{"host":"6j8r4uax2c577qhw","time":1609143798,"event":{"mods":["2.2 Compatiblity","BaseMod","BetterRewards","Colored Map","Downfall","Highlight Path","Hubris","Infinite Spire","MarisaÅiñ∂âJÅ@ñÇóùçπÅj","Minty Spire (QoL Compilation)","Replay The Spire","Reworked Bosses","StSLib","The Animator"],"gold_per_floor":[113,124,143,163,180,180,210,64,64,64,64,80,80,109,109,213,213,230,244,260,200,200,234,149,149,173,204,217,237,237,237,237,269,269,269,269],"floor_reached":35,"playtime":2558,"items_purged":["Defend_MRS"],"score":452,"play_id":"96f7c3e7-a901-4f74-930e-d621208d2237","local_time":"20201228172318","is_ascension_mode":true,"campfire_choices":[{"data":"FinalSpark","floor":6,"key":"SMITH"},{"data":"UpSweep","floor":10,"key":"SMITH"},{"floor":13,"key":"REST"},{"data":"StarlightTyphoon","floor":15,"key":"SMITH"},{"floor":25,"key":"REST"},{"floor":32,"key":"REST"},{"floor":34,"key":"REST"}],"circlet_count":0,"master_deck":["Strike_MRS","Strike_MRS","Strike_MRS","Defend_MRS","Defend_MRS","Defend_MRS","MasterSpark","UpSweep+1","GasGiant","FinalSpark+1","StarlightTyphoon+1","ShootTheMoon","MaximisePower","Guardian:BronzeArmor","ChargingUp","DarkMatter","DoubleSpark"],"relics":["MiniHakkero","Gremlin Horn","Replay:WaspNest","Replay:Accelerometer","hubris:ScarierMask","Matryoshka","Ancient Tea Set","Juzu Bracelet","Blue Doll","Turnip","Orichalcum"],"acts_visited":["Exordium","TheCity"],"potions_floor_usage":[5,23,23,33],"damage_taken":[{"damage":0,"enemies":"Small Slimes","floor":1,"turns":3},{"damage":4,"enemies":"2 Louse","floor":2,"turns":3},{"damage":2,"enemies":"Jaw Worm","floor":3,"turns":4},{"damage":10,"enemies":"Exordium Wildlife","floor":4,"turns":4},{"damage":3,"enemies":"Exordium Thugs","floor":5,"turns":6},{"damage":21,"enemies":"Lagavulin","floor":7,"turns":4},{"damage":1,"enemies":"3 Louse","floor":12,"turns":2},{"damage":4,"enemies":"Gremlin Nob","floor":14,"turns":4},{"damage":0,"enemies":"Slime Boss","floor":16,"turns":4},{"damage":9,"enemies":"Shell Parasite","floor":18,"turns":3},{"damage":0,"enemies":"3 Byrds","floor":19,"turns":3},{"damage":0,"enemies":"Sentry and Sphere","floor":20,"turns":2},{"damage":39,"enemies":"Book of Stabbing","floor":23,"turns":5},{"damage":11,"enemies":"Slavers","floor":27,"turns":4},{"damage":3,"enemies":"Snake Plant","floor":28,"turns":3},{"damage":8,"enemies":"Chosen and Byrds","floor":29,"turns":3},{"damage":19,"enemies":"Book of Stabbing","floor":33,"turns":5},{"damage":53,"enemies":"bossMod:newCollector","floor":35,"turns":6}],"seed_played":"5814990534785068111","potions_obtained":[{"floor":1,"key":"SpeedPotion"},{"floor":2,"key":"Elixir"},{"floor":7,"key":"BlessingOfTheForge"},{"floor":12,"key":"champ:CounterPotion"},{"floor":19,"key":"SpeedPotion"},{"floor":28,"key":"champ:CounterPotion"}],"is_trial":false,"path_per_floor":["M","M","M","M","M","R","E","$","T","R","?","M","R","E","R","B",null,"M","M","M","?","?","E","?","R","T","E","M","M","PTL","PTL","R","E","R_BF","B"],"character_chosen":"MARISA","items_purchased":["ShootTheMoon"],"campfire_rested":4,"item_purchase_floors":[8],"current_hp_per_floor":[75,71,69,59,56,56,35,35,35,35,35,34,56,52,52,52,75,66,66,66,66,66,27,27,49,49,38,35,27,27,27,49,30,52,0,0],"gold":269,"neow_bonus":"REMOVE_CARD","is_daily":false,"chose_seed":false,"campfire_upgraded":3,"win_rate":0.0,"timestamp":1609143798,"path_taken":["M","M","M","M","M","R","E","$","T","R","?","M","R","E","R","BOSS","M","M","M","?","?","E","?","R","T","E","M","M","PTL","PTL","R","E","R_BF","BOSS"],"items_purchased_type":["Card"],"build_version":"2020-12-22","purchased_purges":1,"victory":false,"max_hp_per_floor":[75,75,75,75,75,75,75,75,75,75,75,75,75,75,75,75,75,75,75,75,75,75,75,75,75,75,75,75,75,75,75,75,75,75,75,75],"card_choices":[{"not_picked":["LuminesStrike","6A"],"picked":"GasGiant","floor":1},{"not_picked":["WitchOfGreed","PowerUp","DoubleSpark"],"picked":"SKIP","floor":2},{"not_picked":["FairyDestructionRay","ShootingEcho"],"picked":"FinalSpark","floor":3},{"not_picked":["Acceleration","GrandCross"],"picked":"StarlightTyphoon","floor":4},{"not_picked":["GalacticHalo","ManaConvection","6A"],"picked":"SKIP","floor":5},{"not_picked":["OrrerysSun","OpenUniverse","Acceleration"],"picked":"SKIP","floor":7},{"not_picked":["Acceleration","GravityBeat","GalacticHalo"],"picked":"SKIP","floor":12},{"not_picked":["SporeBomb","WitchOfGreed","StarDustReverie"],"picked":"SKIP","floor":14},{"not_picked":["AbsoluteMagnitude","StarDustReverie"],"picked":"MaximisePower","floor":16},{"not_picked":["LuminesStrike+1","SporeBomb","WitchLeyline"],"picked":"SKIP","floor":18},{"not_picked":["GalacticHalo","WitchLeyline","WitchOfGreed"],"picked":"SKIP","floor":19},{"not_picked":["DC","NonDirectionalLaser","WitchLeyline"],"picked":"SKIP","floor":20},{"not_picked":["AsteroidBelt","SporeBomb+1"],"picked":"ChargingUp","floor":23},{"not_picked":["LuminesStrike","BlazeAway"],"picked":"DarkMatter","floor":27},{"not_picked":["PulseMagic","6A+1","PowerUp"],"picked":"SKIP","floor":28},{"not_picked":["SuperPerseids+1","AsteroidBelt"],"picked":"DoubleSpark","floor":29},{"not_picked":["MysteriousBeam","DragonMeteor+1","IllusionStar"],"picked":"SKIP","floor":33}],"player_experience":792692,"relics_obtained":[{"floor":7,"key":"Gremlin Horn"},{"floor":11,"key":"Replay:WaspNest"},{"floor":14,"key":"Replay:Accelerometer"},{"floor":23,"key":"Matryoshka"},{"floor":26,"key":"Juzu Bracelet"},{"floor":26,"key":"Blue Doll"},{"floor":27,"key":"Turnip"},{"floor":33,"key":"Orichalcum"}],"event_choices":[{"damage_healed":0,"gold_gain":0,"player_choice":"Read","damage_taken":0,"max_hp_gain":0,"max_hp_loss":0,"event_name":"The Library","floor":22,"gold_loss":0,"cards_obtained":["Guardian:BronzeArmor"]},{"damage_healed":0,"gold_gain":0,"player_choice":"Obtained Relic","damage_taken":0,"relics_obtained":["Ancient Tea Set"],"max_hp_gain":0,"max_hp_loss":0,"event_name":"Addict","floor":24,"gold_loss":85}],"is_beta":false,"boss_relics":[{"not_picked":["Astrolabe","Fusion Hammer"],"picked":"hubris:ScarierMask"}],"items_purged_floors":[8],"is_endless":false,"potions_floor_spawned":[1,2,7,12,19,23,28],"killed_by":"bossMod:newCollector","ascension_level":4}}