{"host":"d8d3jqle49sogkjv","time":1609115516,"event":{"mods":["BaseMod","Colored Map","Colored Powertips","Minty Spire (QoL Compilation)","StSLib"],"gold_per_floor":[110,60,360,0,175,175,209,209,255,287,287,307,337,337,337,465,465,483,483,483,498,30,64,64,87,111,150,18,18,54,54,54,184,184,203,536,9,0,14,14,47,58,58,58,58,58,77,131,131,131,131,131,7,32,32],"floor_reached":56,"playtime":3421,"items_purged":["Regret","Doubt","Strike_G"],"score":1593,"play_id":"822ee596-6f96-4d64-a4b8-3beeb47ced5c","local_time":"20201228013156","is_ascension_mode":true,"campfire_choices":[{"data":"Neutralize","floor":6.0,"key":"SMITH"},{"data":"Storm of Steel","floor":11.0,"key":"SMITH"},{"data":"Blade Dance","floor":15.0,"key":"SMITH"},{"floor":24.0,"key":"REST"},{"floor":29.0,"key":"REST"},{"floor":32.0,"key":"REST"},{"floor":40.0,"key":"RECALL"},{"data":"Accuracy","floor":44,"key":"SMITH"},{"data":"Footwork","floor":49,"key":"SMITH"},{"floor":52,"key":"REST"}],"circlet_count":0,"master_deck":["Strike_G","Strike_G","Strike_G","Defend_G","Defend_G","Defend_G","Defend_G","Defend_G","Survivor","Neutralize+1","After Image","Prepared","Neutralize","Good Instincts","Storm of Steel+1","Blade Dance+1","After Image","Footwork+1","Escape Plan","Accuracy+1","Escape Plan","Blade Dance","Tools of the Trade","Accuracy+1","Venomology","Footwork","Reflex","Dodge and Roll+1","Acrobatics","Finesse","Accuracy"],"relics":["Ring of the Snake","NeowsBlessing","Old Coin","Juzu Bracelet","Omamori","Tiny Chest","Nunchaku","Torii","SlaversCollar","Question Card","Toy Ornithopter","Sling","Singing Bowl","Oddly Smooth Stone","Potion Belt","Bag of Marbles","Busted Crown","Anchor","Red Mask","Regal Pillow","Bag of Preparation","TungstenRod","Vajra"],"acts_visited":["Exordium","TheCity","TheBeyond","TheEnding"],"potions_floor_usage":[47,48,48,48,50,54,55,55],"damage_taken":[{"damage":0.0,"enemies":"2 Louse","floor":1.0,"turns":1.0},{"damage":0.0,"enemies":"Gremlin Nob","floor":7.0,"turns":1.0},{"damage":0.0,"enemies":"Lagavulin","floor":10.0,"turns":1.0},{"damage":9.0,"enemies":"Jaw Worm","floor":12.0,"turns":2.0},{"damage":13.0,"enemies":"Hexaghost","floor":16.0,"turns":16.0},{"damage":7.0,"enemies":"3 Byrds","floor":18.0,"turns":6.0},{"damage":46.0,"enemies":"Chosen","floor":21.0,"turns":11.0},{"damage":7.0,"enemies":"Gremlin Leader","floor":23.0,"turns":6.0},{"damage":12.0,"enemies":"Centurion and Healer","floor":25.0,"turns":9.0},{"damage":20.0,"enemies":"Slavers","floor":27.0,"turns":7.0},{"damage":7.0,"enemies":"Book of Stabbing","floor":30.0,"turns":5.0},{"damage":14.0,"enemies":"Automaton","floor":33.0,"turns":11.0},{"damage":1.0,"enemies":"3 Darklings","floor":35.0,"turns":5.0},{"damage":7.0,"enemies":"3 Shapes","floor":39.0,"turns":6.0},{"damage":12.0,"enemies":"Nemesis","floor":41.0,"turns":5.0},{"damage":2,"enemies":"Jaw Worm Horde","floor":42,"turns":6},{"damage":0,"enemies":"Maw","floor":47,"turns":6},{"damage":0,"enemies":"2 Orb Walkers","floor":48,"turns":5},{"damage":64,"enemies":"Time Eater","floor":50,"turns":21},{"damage":22,"enemies":"Shield and Spear","floor":54,"turns":9},{"damage":24,"enemies":"The Heart","floor":55,"turns":12}],"seed_played":"7211271683332813119","potions_obtained":[{"floor":7.0,"key":"Swift Potion"},{"floor":12.0,"key":"Explosive Potion"},{"floor":18.0,"key":"EntropicBrew"},{"floor":23.0,"key":"Block Potion"},{"floor":33.0,"key":"Energy Potion"},{"floor":39.0,"key":"SteroidPotion"},{"floor":42,"key":"Explosive Potion"}],"is_trial":false,"path_per_floor":["M","?","?","$","?","R","E","?","T","E","R","M","?","?","R","B",null,"M","?","T","M","$","E","R","M","T","E","$","R","E","?","R","B",null,"M","?","$","?","M","R","E","M","T","R","T","?","M","?","R","B",null,"R","$","E","B",null],"character_chosen":"THE_SILENT","items_purchased":["After Image","Juzu Bracelet","Accuracy","Toy Ornithopter","Sling","Accuracy","SkillPotion","Footwork","Reflex","Anchor","FairyPotion","Accuracy","SkillPotion"],"campfire_rested":4,"item_purchase_floors":[4,4,22,22,22,28,28,37,37,37,37,53,53],"current_hp_per_floor":[63,63,63,63,63,63,63,63,63,63,63,54,54,54,54,41,59,52,52,52,6,6,14,33,21,21,6,6,25,25,25,45,31,58,59,59,59,59,59,59,52,50,50,50,50,50,57,74,74,15,60,75,75,55,41],"gold":32,"neow_bonus":"THREE_ENEMY_KILL","is_daily":false,"chose_seed":false,"campfire_upgraded":5,"win_rate":0.0,"timestamp":1609115516,"path_taken":["M","?","?","$","?","R","E","?","T","E","R","M","?","?","R","BOSS","M","?","?","M","$","E","R","M","T","E","$","R","E","?","R","BOSS","M","?","$","?","M","R","E","M","T","R","?","?","M","?","R","BOSS","R","$","E","BOSS"],"items_purchased_type":["Card","Relic","Card","Relic","Relic","Card","Potion","Card","Card","Relic","Potion","Card","Potion"],"build_version":"2020-12-22","purchased_purges":3,"victory":true,"max_hp_per_floor":[70,70,70,70,70,70,70,70,70,70,70,70,70,65,65,65,65,65,65,65,65,65,65,65,65,65,65,65,65,67,67,67,67,67,69,69,69,69,71,71,71,71,71,71,71,71,73,75,75,75,75,75,75,77,77],"card_choices":[{"not_picked":["Poisoned Stab","Deadly Poison","Outmaneuver"],"picked":"SKIP","floor":1.0},{"not_picked":["Poisoned Stab","Deflect","Sucker Punch"],"picked":"SKIP","floor":7.0},{"not_picked":["Riddle With Holes","Outmaneuver"],"picked":"Storm of Steel","floor":10.0},{"not_picked":["Dodge and Roll","Predator"],"picked":"Blade Dance","floor":12.0},{"not_picked":["Burst","Storm of Steel"],"picked":"After Image","floor":16.0},{"not_picked":["Blade Dance","Backflip"],"picked":"Footwork","floor":18.0},{"not_picked":["Caltrops","Deadly Poison","Heel Hook"],"picked":"Escape Plan","floor":21.0},{"not_picked":["Deflect","Noxious Fumes","Doppelganger"],"picked":"Escape Plan","floor":23.0},{"not_picked":["Concentrate","Underhanded Strike","Dagger Throw+1"],"picked":"Blade Dance","floor":25.0},{"not_picked":["Crippling Poison","Leg Sweep","Slice"],"picked":"Tools of the Trade","floor":27.0},{"not_picked":["Flying Knee","PiercingWail","Cloak And Dagger","Endless Agony"],"picked":"Singing Bowl","floor":30.0},{"not_picked":["Adrenaline","Malaise","Tools of the Trade"],"picked":"Venomology","floor":33.0},{"not_picked":["Deadly Poison","Dagger Spray"],"picked":"Singing Bowl","floor":35.0},{"not_picked":["Flying Knee","Dagger Throw"],"picked":"Singing Bowl","floor":39.0},{"not_picked":["Storm of Steel"],"picked":"Dodge and Roll+1","floor":41},{"not_picked":["Infinite Blades+1"],"picked":"Acrobatics","floor":42},{"not_picked":["Purity"],"picked":"Finesse","floor":46},{"not_picked":["Slice+1","Deadly Poison+1"],"picked":"Singing Bowl","floor":47},{"not_picked":["Concentrate+1","Quick Slash"],"picked":"Singing Bowl","floor":48},{"not_picked":["Deflect","Bane"],"picked":"Singing Bowl","floor":54}],"player_experience":333591,"relics_obtained":[{"floor":7.0,"key":"Omamori"},{"floor":9.0,"key":"Tiny Chest"},{"floor":10.0,"key":"Nunchaku"},{"floor":20.0,"key":"Question Card"},{"floor":23.0,"key":"Singing Bowl"},{"floor":26.0,"key":"Oddly Smooth Stone"},{"floor":27.0,"key":"Potion Belt"},{"floor":30.0,"key":"Bag of Marbles"},{"floor":41,"key":"Regal Pillow"},{"floor":45,"key":"Bag of Preparation"},{"floor":48,"key":"TungstenRod"},{"floor":54,"key":"Vajra"}],"event_choices":[{"cards_removed":["Strike_G"],"damage_healed":0.0,"max_hp_gain":0.0,"max_hp_loss":0.0,"gold_gain":0.0,"event_name":"The Cleric","player_choice":"Card Removal","floor":2.0,"gold_loss":50.0,"damage_taken":0.0},{"damage_healed":0.0,"max_hp_gain":0.0,"max_hp_loss":0.0,"gold_gain":0.0,"event_name":"Big Fish","player_choice":"Box","floor":3.0,"gold_loss":0.0,"damage_taken":0.0,"relics_obtained":["Old Coin"],"cards_obtained":["Regret"]},{"damage_healed":0.0,"max_hp_gain":0.0,"max_hp_loss":0.0,"gold_gain":175.0,"event_name":"Liars Game","player_choice":"AGREE","floor":5.0,"gold_loss":0.0,"damage_taken":0.0,"cards_obtained":["Doubt"]},{"damage_healed":0.0,"max_hp_gain":0.0,"max_hp_loss":0.0,"gold_gain":0.0,"event_name":"Match and Keep!","player_choice":"3 cards matched","floor":8.0,"gold_loss":0.0,"damage_taken":0.0,"cards_obtained":["Prepared","Neutralize","Good Instincts"]},{"damage_healed":0.0,"max_hp_gain":0.0,"max_hp_loss":0.0,"gold_gain":30.0,"event_name":"Dead Adventurer","player_choice":"Searched \u00273\u0027 times","floor":13.0,"gold_loss":0.0,"damage_taken":0.0,"relics_obtained":["Torii"]},{"damage_healed":0.0,"max_hp_gain":0.0,"max_hp_loss":5.0,"gold_gain":0.0,"event_name":"Golden Idol","player_choice":"Lose Max HP","floor":14.0,"gold_loss":0.0,"damage_taken":0.0,"relics_obtained":["Golden Idol"]},{"damage_healed":0.0,"max_hp_gain":0.0,"max_hp_loss":0.0,"gold_gain":0.0,"event_name":"Cursed Tome","player_choice":"Ignored","floor":19.0,"gold_loss":0.0,"damage_taken":0.0},{"damage_healed":0.0,"max_hp_gain":0.0,"max_hp_loss":0.0,"gold_gain":0.0,"event_name":"Upgrade Shrine","player_choice":"Upgraded","floor":31.0,"gold_loss":0.0,"damage_taken":0.0,"cards_upgraded":["Accuracy"]},{"damage_healed":0.0,"max_hp_gain":0.0,"max_hp_loss":0.0,"gold_gain":333.0,"event_name":"The Moai Head","player_choice":"Gave Idol","floor":36.0,"relics_lost":["Golden Idol"],"gold_loss":0.0,"damage_taken":0.0},{"damage_healed":0.0,"max_hp_gain":0.0,"max_hp_loss":0.0,"gold_gain":0.0,"event_name":"Tomb of Lord Red Mask","player_choice":"Paid","floor":38.0,"gold_loss":9.0,"damage_taken":0.0,"relics_obtained":["Red Mask"]},{"damage_healed":0,"gold_gain":0,"player_choice":"Memory 1","damage_taken":0,"max_hp_gain":0,"max_hp_loss":0,"event_name":"SensoryStone","floor":46,"gold_loss":0},{"damage_healed":0,"gold_gain":0,"player_choice":"Fight","damage_taken":0,"max_hp_gain":0,"max_hp_loss":0,"event_name":"Mysterious Sphere","floor":48,"gold_loss":0}],"is_beta":false,"boss_relics":[{"not_picked":["Velvet Choker","Runic Pyramid"],"picked":"SlaversCollar"},{"not_picked":["Pandora\u0027s Box","Snecko Eye"],"picked":"Busted Crown"}],"items_purged_floors":[4,22,37],"is_endless":false,"potions_floor_spawned":[7,12,18,23,33,39,42],"ascension_level":7}}