{"host":"0tx5hhfcaiyfjvb5","time":1609130624,"event":{"mods":["BaseMod","Downfall","Minty Spire (QoL Compilation)","StSLib"],"gold_per_floor":[99,113,125,34,48,48,48,48,63,75,75,175,175,175,187,289,289,289,305,305,9,85,96,96,109,123,123,123,143,156,156,156,156],"floor_reached":31,"playtime":4789,"items_purged":["Pain"],"score":229,"play_id":"07c909c9-1847-4376-bd17-53fdb5d1ad41","local_time":"20201227234344","is_ascension_mode":false,"campfire_choices":[{"data":"hexamod:Sear","floor":1.0,"key":"SMITH"},{"data":"hexamod:SearingWound","floor":6.0,"key":"SMITH"},{"data":"hexamod:ThermalTransfer","floor":8.0,"key":"SMITH"},{"data":"hexamod:NightmareGuise","floor":11.0,"key":"SMITH"},{"floor":13.0,"key":"REST"},{"data":"hexamod:WildfireWeapon","floor":18.0,"key":"SMITH"},{"floor":28.0,"key":"REST"}],"circlet_count":0,"master_deck":["hexamod:Strike","hexamod:Strike","hexamod:Strike","hexamod:Strike","hexamod:Defend","hexamod:Defend","hexamod:Defend","hexamod:Defend","hexamod:Sear+1","hexamod:Float","hexamod:NightmareGuise+1","hexamod:ThermalTransfer+1","hexamod:InspiringFlames","hexamod:SearingWound+1","hexamod:BurningTouch","hexamod:RecurringNightmare+1","hexamod:FlamesFromBeyond+1","Regret","hexamod:AdvancingGuard+1","hexamod:WildfireWeapon+1","hexamod:RadiantFlame","hexamod:FastForward+1","The Bomb+1","hexamod:Firestarter","hexamod:FourthSeal","hexamod:AdvancingGuard+1","hexamod:ShieldOfDarkness+1","hexamod:ShieldOfDarkness+1","hexamod:NightmareGuise+1"],"relics":["hexamod:SpiritBrand","Toxic Egg 2","Question Card","WarpedTongs","White Beast Statue","Molten Egg 2","MutagenicStrength"],"acts_visited":["Exordium","TheCity"],"potions_floor_usage":[31,31],"damage_taken":[{"damage":4.0,"enemies":"Cultist","floor":2.0,"turns":4.0},{"damage":0.0,"enemies":"Jaw Worm","floor":3.0,"turns":4.0},{"damage":0.0,"enemies":"downfall:FleeingMerchant","floor":4.0,"turns":4.0},{"damage":0.0,"enemies":"2 Louse","floor":5.0,"turns":3.0},{"damage":10.0,"enemies":"Exordium Wildlife","floor":9.0,"turns":4.0},{"damage":1.0,"enemies":"Exordium Thugs","floor":10.0,"turns":5.0},{"damage":15.0,"enemies":"2 Fungi Beasts","floor":15.0,"turns":3.0},{"damage":15.0,"enemies":"downfall:Ironclad","floor":16.0,"turns":9.0},{"damage":16.0,"enemies":"3 Byrds","floor":19.0,"turns":6.0},{"damage":10.0,"enemies":"downfall:FleeingMerchant","floor":21.0,"turns":4.0},{"damage":10.0,"enemies":"Spheric Guardian","floor":23.0,"turns":5.0},{"damage":17.0,"enemies":"Snake Plant","floor":25.0,"turns":3.0},{"damage":2.0,"enemies":"Snecko","floor":26.0,"turns":5.0},{"damage":12.0,"enemies":"Centurion and Healer","floor":29.0,"turns":4.0},{"damage":8.0,"enemies":"Snake Plant","floor":30.0,"turns":3.0},{"damage":28,"enemies":"Sentry and Sphere","floor":31,"turns":5}],"seed_played":"5411985040663625384","potions_obtained":[{"floor":3.0,"key":"Ancient Potion"},{"floor":5.0,"key":"DistilledChaos"},{"floor":15.0,"key":"SkillPotion"},{"floor":16.0,"key":"SkillPotion"},{"floor":23.0,"key":"champ:CounterPotion"},{"floor":25.0,"key":"hexamod:EctoCoolerPotion"},{"floor":25.0,"key":"SpeedPotion"},{"floor":26.0,"key":"SkillPotion"},{"floor":29.0,"key":"SkillPotion"},{"floor":29.0,"key":"DistilledChaos"},{"floor":30.0,"key":"SneckoOil"}],"is_trial":false,"path_per_floor":["R","M","M","$","M","R","T","R","M","M","R","?","R","?","M","B",null,"R","M","?","$","T","M","T","M","M","?","R","M","M","M"],"character_chosen":"THE_SPIRIT","items_purchased":["hexamod:SearingWound","The Bomb+1","hexamod:Firestarter"],"campfire_rested":2,"item_purchase_floors":[4,21,21],"current_hp_per_floor":[77,73,73,73,73,73,73,73,63,62,62,62,77,77,62,47,77,77,61,61,51,51,41,41,24,22,22,45,33,25,0,0,0],"gold":156,"neow_bonus":"TEN_PERCENT_HP_BONUS","is_daily":false,"chose_seed":false,"campfire_upgraded":5,"win_rate":0.0,"timestamp":1609130624,"path_taken":["R","M","M","$","?","R","T","R","M","M","R","?","R","?","M","BOSS","R","M","?","?","?","M","T","M","M","?","R","M","M","M"],"items_purchased_type":["Card","Card","Card"],"build_version":"2020-12-22","purchased_purges":1,"victory":false,"max_hp_per_floor":[77,77,77,77,77,77,77,77,77,77,77,77,77,77,77,77,77,77,77,77,77,77,77,77,77,77,77,77,77,77,77,77,77],"card_choices":[{"not_picked":["hexamod:ShieldOfDarkness","hexamod:NightmareStrike"],"picked":"hexamod:NightmareGuise","floor":2.0},{"not_picked":["hexamod:GhostShield","hexamod:FastForward"],"picked":"hexamod:ThermalTransfer","floor":3.0},{"not_picked":["hexamod:SpectersWail","hexamod:SwordOfDarkness"],"picked":"hexamod:InspiringFlames","floor":4.0},{"not_picked":["hexamod:NightmareStrike","hexamod:RainOfEmbers"],"picked":"hexamod:BurningTouch","floor":5.0},{"not_picked":["hexamod:BacktrackSmack","hexamod:SpectersWail"],"picked":"hexamod:RecurringNightmare+1","floor":9.0},{"not_picked":["hexamod:TurnItUp+1","hexamod:ExtraCrispy"],"picked":"hexamod:FlamesFromBeyond+1","floor":10.0},{"not_picked":["hexamod:FastForward+1","hexamod:PhantomFireball","hexamod:RainOfEmbers"],"picked":"hexamod:AdvancingGuard+1","floor":15.0},{"not_picked":["hexamod:EmpoweringStance","hexamod:TimeWarp","hexamod:HexaLevel"],"picked":"hexamod:WildfireWeapon","floor":16.0},{"not_picked":["hexamod:NightmareStrike+1","hexamod:RainOfEmbers","hexamod:SwordOfDarkness"],"picked":"hexamod:RadiantFlame","floor":19.0},{"not_picked":["hexamod:ShieldOfDarkness+1","hexamod:GhostOfSpireFuture+1","hexamod:BacktrackSmack"],"picked":"hexamod:FastForward+1","floor":21.0},{"not_picked":["hexamod:SwordOfDarkness","hexamod:ThermalTransfer+1","hexamod:HeatCrush"],"picked":"hexamod:FourthSeal","floor":23.0},{"not_picked":["hexamod:Again+1","hexamod:NecessarySacrifice+1","hexamod:CrushingStance+1"],"picked":"hexamod:AdvancingGuard+1","floor":25.0},{"not_picked":["hexamod:BacktrackSmack+1","hexamod:NightmareStrike+1","hexamod:SecondSeal"],"picked":"hexamod:ShieldOfDarkness+1","floor":26.0},{"not_picked":["hexamod:ExtraCrispy","hexamod:Firestarter+1","hexamod:HeatCrush+1"],"picked":"hexamod:ShieldOfDarkness+1","floor":29.0},{"not_picked":["hexamod:RadiantFlame+1","hexamod:PhantomFireball+1","hexamod:Hexaguard+1"],"picked":"hexamod:NightmareGuise+1","floor":30.0}],"player_experience":289689,"relics_obtained":[{"floor":7.0,"key":"Toxic Egg 2"},{"floor":22.0,"key":"White Beast Statue"},{"floor":24.0,"key":"Molten Egg 2"}],"event_choices":[{"damage_healed":0.0,"max_hp_gain":0.0,"max_hp_loss":0.0,"gold_gain":0.0,"event_name":"Big Fish","player_choice":"Box","floor":14.0,"gold_loss":0.0,"damage_taken":0.0,"relics_obtained":["Question Card"],"cards_obtained":["Regret"]},{"damage_healed":0.0,"max_hp_gain":0.0,"max_hp_loss":0.0,"gold_gain":0.0,"event_name":"Accursed Blacksmith","player_choice":"Rummage","floor":20.0,"gold_loss":0.0,"damage_taken":0.0,"relics_obtained":["WarpedTongs"],"cards_obtained":["Pain"]},{"damage_healed":0.0,"max_hp_gain":0.0,"max_hp_loss":0.0,"gold_gain":0.0,"event_name":"Drug Dealer","player_choice":"Inject Mutagens","floor":27.0,"gold_loss":0.0,"damage_taken":0.0,"relics_obtained":["MutagenicStrength"]}],"is_beta":false,"boss_relics":[{"not_picked":["Philosopher\u0027s Stone","Coffee Dripper","downfall:Hecktoplasm"]}],"items_purged_floors":[21],"is_endless":false,"potions_floor_spawned":[3,5,15,16,23,25,26,29,30],"killed_by":"Sentry and Sphere","ascension_level":0}}