{"host":"avjwtc49fhlk6kym","time":1609195151,"event":{"mods":["AchievementEnabler","BaseMod","Better Match","Better Note","Better Third Choice","Colored Map","Colored Powertips","Displayed Cursed Tome","Highlight Path","Minty Spire (QoL Compilation)","Permanent Neow","Quick Restart","StSLib"],"gold_per_floor":[110,125,142,22,97,97,109,109,109,109,144,144,158,173,173,278,278,297,297,308,325,335,335,352,352,352],"floor_reached":25,"playtime":4048,"items_purged":["Strike_P"],"score":207,"play_id":"49df2f88-d5cf-4ed1-9670-7b705f5d292c","local_time":"20201228173911","is_ascension_mode":false,"campfire_choices":[{"data":"Eruption","floor":6.0,"key":"SMITH"},{"data":"Study","floor":12.0,"key":"SMITH"},{"floor":15.0,"key":"REST"},{"floor":23,"key":"REST"}],"circlet_count":0,"master_deck":["Strike_P","Strike_P","Strike_P","Defend_P","Defend_P","Defend_P","Eruption+1","Vigilance","Devotion+1","FlyingSleeves","Consecrate","LikeWater","FollowUp","PathToVictory","Study+1","BattleHymn","CrushJoints","ClearTheMind","Establishment","BowlingBash+1","Protect","Perseverance","PathToVictory+1","CrushJoints","FlurryOfBlows+1","Protect","FollowUp+1","Wireheading+1","MasterReality","Conclude"],"relics":["PureWater","Pear","Bottled Lightning","Prayer Wheel","Sozu"],"acts_visited":["Exordium","TheCity"],"potions_floor_usage":[],"damage_taken":[{"damage":0.0,"enemies":"2 Louse","floor":1.0,"turns":2.0},{"damage":0.0,"enemies":"Cultist","floor":2.0,"turns":2.0},{"damage":2.0,"enemies":"Small Slimes","floor":3.0,"turns":3.0},{"damage":8.0,"enemies":"Exordium Wildlife","floor":7.0,"turns":7.0},{"damage":8.0,"enemies":"3 Sentries","floor":11.0,"turns":6.0},{"damage":13.0,"enemies":"Exordium Thugs","floor":13.0,"turns":6.0},{"damage":5.0,"enemies":"Looter","floor":14.0,"turns":3.0},{"damage":26.0,"enemies":"Hexaghost","floor":16.0,"turns":5.0},{"damage":18.0,"enemies":"3 Byrds","floor":18.0,"turns":5.0},{"damage":26.0,"enemies":"Shell Parasite","floor":20.0,"turns":5.0},{"damage":14.0,"enemies":"Centurion and Healer","floor":21.0,"turns":5.0},{"damage":12,"enemies":"Sentry and Sphere","floor":22,"turns":5},{"damage":17,"enemies":"3 Cultists","floor":24,"turns":6},{"damage":27,"enemies":"Gremlin Leader","floor":25,"turns":2}],"seed_played":"-5073693677803951605","potions_obtained":[{"floor":1.0,"key":"Ambrosia"},{"floor":11.0,"key":"ColorlessPotion"},{"floor":13.0,"key":"Fire Potion"},{"floor":16.0,"key":"DistilledChaos"}],"is_trial":false,"path_per_floor":["M","M","M","$","?","R","M","?","T","T","E","R","M","M","R","B",null,"M","?","M","M","M","R","M","E"],"character_chosen":"WATCHER","items_purchased":["FollowUp"],"campfire_rested":2,"item_purchase_floors":[4],"current_hp_per_floor":[51,51,49,49,42,42,34,34,44,44,36,36,23,18,42,16,82,64,64,38,24,12,36,19,0,0],"gold":352,"neow_bonus":"THREE_RARE_CARDS","is_daily":false,"chose_seed":false,"campfire_upgraded":2,"win_rate":0.0,"timestamp":1609195151,"path_taken":["M","M","M","$","?","R","?","?","T","?","E","R","M","M","R","BOSS","M","?","M","?","M","R","M","E"],"items_purchased_type":["Card"],"build_version":"2020-12-22","purchased_purges":1,"victory":false,"max_hp_per_floor":[72,72,72,72,72,72,72,72,82,82,82,82,82,82,82,82,82,82,82,82,82,82,82,82,82,82],"card_choices":[{"not_picked":["Omniscience","Brilliance"],"picked":"Devotion","floor":0.0},{"not_picked":["Weave","SashWhip"],"picked":"FlyingSleeves","floor":1.0},{"not_picked":["EmptyMind","Prostrate"],"picked":"Consecrate","floor":2.0},{"not_picked":["FollowUp","CutThroughFate"],"picked":"LikeWater","floor":3.0},{"not_picked":["SashWhip","ThirdEye"],"picked":"PathToVictory","floor":7.0},{"not_picked":["CutThroughFate","ClearTheMind"],"picked":"Study","floor":11.0},{"not_picked":["Devotion","WreathOfFlame"],"picked":"BattleHymn","floor":13.0},{"not_picked":["InnerPeace","ClearTheMind","WheelKick"],"picked":"SKIP","floor":13.0},{"not_picked":["JustLucky","Halt"],"picked":"CrushJoints","floor":14.0},{"not_picked":["EmptyBody","Evaluate"],"picked":"ClearTheMind","floor":14.0},{"not_picked":["Devotion","Vault"],"picked":"Establishment","floor":16.0},{"not_picked":["Prostrate+1","FearNoEvil"],"picked":"BowlingBash+1","floor":18.0},{"not_picked":["EmptyBody","FlurryOfBlows+1"],"picked":"Protect","floor":18.0},{"not_picked":["Evaluate","Crescendo"],"picked":"PathToVictory+1","floor":20.0},{"not_picked":["Nirvana","Conclude"],"picked":"CrushJoints","floor":20.0},{"not_picked":["InnerPeace+1","WaveOfTheHand"],"picked":"FlurryOfBlows+1","floor":21.0},{"not_picked":["Crescendo","Evaluate"],"picked":"Protect","floor":21.0},{"not_picked":["Swivel","DeusExMachina"],"picked":"FollowUp+1","floor":22},{"not_picked":["SashWhip","BowlingBash"],"picked":"Wireheading+1","floor":22},{"not_picked":["Meditate","CrushJoints"],"picked":"MasterReality","floor":24},{"not_picked":["EmptyFist","CutThroughFate"],"picked":"Conclude","floor":24}],"player_experience":351476,"relics_obtained":[{"floor":9.0,"key":"Pear"},{"floor":10.0,"key":"Bottled Lightning"},{"floor":11.0,"key":"Prayer Wheel"}],"event_choices":[{"damage_healed":0.0,"max_hp_gain":0.0,"max_hp_loss":0.0,"gold_gain":75.0,"event_name":"FaceTrader","player_choice":"Touch","floor":5.0,"gold_loss":0.0,"damage_taken":7.0},{"damage_healed":0.0,"max_hp_gain":0.0,"max_hp_loss":0.0,"gold_gain":0.0,"event_name":"Living Wall","player_choice":"Grow","floor":8.0,"gold_loss":0.0,"damage_taken":0.0,"cards_upgraded":["Devotion"]},{"damage_healed":0.0,"max_hp_gain":0.0,"max_hp_loss":0.0,"gold_gain":0.0,"cards_transformed":["Defend_P"],"event_name":"Transmorgrifier","player_choice":"Transformed","floor":19.0,"gold_loss":0.0,"damage_taken":0.0,"cards_obtained":["Perseverance"]}],"is_beta":false,"boss_relics":[{"not_picked":["Tiny House","Calling Bell"],"picked":"Sozu"}],"items_purged_floors":[4],"is_endless":false,"potions_floor_spawned":[1,11,13,16,22,24],"killed_by":"Gremlin Leader","ascension_level":0}}