{"host":"jksa5rawk3m4gilz","time":1609156295,"event":{"mods":["BaseMod","Colored Map","Highlight Path","Minty Spire (QoL Compilation)","Quick Restart"],"gold_per_floor":[116,131,131,131,81,81,112,132,210,243,243,243,69,86,86,86,86],"floor_reached":16,"playtime":604,"items_purged":[],"score":223,"play_id":"305421fa-93fa-4850-84d1-ee5e7e167894","local_time":"20201228125135","is_ascension_mode":true,"campfire_choices":[{"data":"Calculated Gamble","floor":6,"key":"SMITH"},{"floor":12,"key":"REST"},{"data":"Footwork","floor":15,"key":"SMITH"}],"circlet_count":0,"master_deck":["AscendersBane","Strike_G","Strike_G","Strike_G","Strike_G","Defend_G","Defend_G","Defend_G","Defend_G","Defend_G","Survivor","Neutralize","Predator","Calculated Gamble+1","Wraith Form v2","Slice","Footwork+1","Backstab","Deflect"],"relics":["Ring of the Snake","NeowsBlessing","FaceOfCleric","Gremlin Horn","Odd Mushroom","Ornamental Fan","Torii","Membership Card"],"acts_visited":["Exordium"],"potions_floor_usage":[10],"damage_taken":[{"damage":0,"enemies":"2 Louse","floor":1,"turns":1},{"damage":0,"enemies":"Cultist","floor":2,"turns":1},{"damage":0,"enemies":"Lagavulin","floor":7,"turns":1},{"damage":21,"enemies":"The Mushroom Lair","floor":8,"turns":5},{"damage":4,"enemies":"Gremlin Nob","floor":10,"turns":6},{"damage":0,"enemies":"Small Slimes","floor":14,"turns":2},{"damage":12,"enemies":"Hexaghost","floor":16,"turns":7}],"seed_played":"-6557060472260951338","potions_obtained":[{"floor":2,"key":"SteroidPotion"},{"floor":10,"key":"LiquidMemories"},{"floor":14,"key":"Block Potion"}],"is_trial":false,"path_per_floor":["M","M","?","$","?","R","E","?","T","E","$","R","$","M","R","B"],"character_chosen":"THE_SILENT","items_purchased":["Membership Card","Backstab"],"campfire_rested":1,"item_purchase_floors":[13,13],"current_hp_per_floor":[59,59,59,59,59,59,60,40,40,37,37,57,57,58,58,46,46],"gold":86,"neow_bonus":"THREE_ENEMY_KILL","is_daily":false,"chose_seed":false,"campfire_upgraded":2,"win_rate":0.0,"timestamp":1609156295,"path_taken":["M","M","?","?","?","R","E","?","T","E","$","R","$","M","R","BOSS"],"items_purchased_type":["Relic","Card"],"build_version":"2020-12-22","purchased_purges":0,"victory":false,"max_hp_per_floor":[66,66,66,66,66,66,67,68,68,69,69,69,69,70,70,70,70],"card_choices":[{"not_picked":["Outmaneuver","Poisoned Stab"],"picked":"Predator","floor":1},{"not_picked":["Acrobatics","Deflect"],"picked":"Calculated Gamble","floor":2},{"not_picked":["Sucker Punch","Accuracy"],"picked":"Wraith Form v2","floor":7},{"not_picked":["Bane","PiercingWail"],"picked":"Slice","floor":8},{"not_picked":["Bane","Acrobatics"],"picked":"Footwork","floor":10},{"not_picked":["Cloak And Dagger","Well Laid Plans"],"picked":"Deflect","floor":14}],"player_experience":2078387,"relics_obtained":[{"floor":7,"key":"Gremlin Horn"},{"floor":8,"key":"Odd Mushroom"},{"floor":9,"key":"Ornamental Fan"},{"floor":10,"key":"Torii"}],"event_choices":[{"damage_healed":0,"gold_gain":0,"player_choice":"Trade","damage_taken":0,"relics_obtained":["FaceOfCleric"],"max_hp_gain":0,"max_hp_loss":0,"event_name":"FaceTrader","floor":3,"gold_loss":0},{"cards_removed":["Strike_G"],"damage_healed":0,"gold_gain":0,"player_choice":"Card Removal","damage_taken":0,"max_hp_gain":0,"max_hp_loss":0,"event_name":"The Cleric","floor":5,"gold_loss":50},{"damage_healed":0,"gold_gain":0,"player_choice":"Fought Mushrooms","damage_taken":0,"max_hp_gain":0,"max_hp_loss":0,"event_name":"Mushrooms","floor":8,"gold_loss":0}],"is_beta":false,"boss_relics":[],"items_purged_floors":[],"is_endless":false,"potions_floor_spawned":[2,10,14],"killed_by":"Hexaghost","ascension_level":14}}