{"host":"jpzdg3po3tjxdjri","time":1609172910,"event":{"mods":["BaseMod","Better Third Choice","Colored Map","Colored Powertips","Minty Spire (QoL Compilation)","StSLib"],"gold_per_floor":[119,132,132,307,307,342,362,362,362,376,72,84,102,113,113,190,190,205,224,242,242,62,91,91,126,126,126,126,126,1,1,1,1,1],"floor_reached":33,"playtime":777,"items_purged":["Doubt","Capacitor","Strike_B"],"score":527,"play_id":"2e509882-0eb6-458c-9a29-d498478c572f","local_time":"20201228162830","is_ascension_mode":true,"campfire_choices":[{"data":"Zap","floor":8,"key":"SMITH"},{"data":"Recycle","floor":15,"key":"SMITH"},{"floor":24,"key":"REST"},{"floor":28,"key":"REST"},{"floor":32,"key":"REST"}],"circlet_count":0,"master_deck":["AscendersBane","Strike_B","Strike_B","Strike_B","Defend_B","Defend_B","Defend_B","Defend_B","Zap+1","Dualcast","FTL","Streamline","Gash","Gash","Hyperbeam","Gash","Recycle+1","Hyperbeam","Compile Driver","Stack","Hologram+1","Scrape","Lockon","Turbo"],"relics":["Cracked Core","NeowsBlessing","PreservedInsect","FossilizedHelix","Strawberry","Pen Nib","Philosopher\u0027s Stone","Lantern","Juzu Bracelet","Mercury Hourglass","MutagenicStrength","Sundial"],"acts_visited":["Exordium","TheCity"],"potions_floor_usage":[16,20,23,25],"damage_taken":[{"damage":0,"enemies":"Jaw Worm","floor":1,"turns":1},{"damage":0,"enemies":"2 Louse","floor":2,"turns":1},{"damage":0,"enemies":"Lagavulin","floor":6,"turns":1},{"damage":0,"enemies":"Cultist","floor":7,"turns":4},{"damage":1,"enemies":"Looter","floor":10,"turns":3},{"damage":6,"enemies":"Exordium Thugs","floor":12,"turns":3},{"damage":0,"enemies":"2 Fungi Beasts","floor":13,"turns":1},{"damage":3,"enemies":"Blue Slaver","floor":14,"turns":3},{"damage":18,"enemies":"Slime Boss","floor":16,"turns":7},{"damage":3,"enemies":"Shell Parasite","floor":18,"turns":3},{"damage":7,"enemies":"Chosen","floor":19,"turns":3},{"damage":16,"enemies":"Snecko","floor":20,"turns":4},{"damage":29,"enemies":"Gremlin Leader","floor":23,"turns":5},{"damage":41,"enemies":"Book of Stabbing","floor":25,"turns":4},{"damage":124,"enemies":"Collector","floor":33,"turns":7}],"seed_played":"-2704333017161950768","potions_obtained":[{"floor":1,"key":"FairyPotion"},{"floor":7,"key":"ColorlessPotion"},{"floor":16,"key":"AttackPotion"},{"floor":20,"key":"PotionOfCapacity"},{"floor":21,"key":"Swift Potion"},{"floor":23,"key":"PowerPotion"}],"is_trial":false,"path_per_floor":["M","M","?","?","?","E","M","R","T","M","$","M","M","M","R","B",null,"M","M","M","?","$","E","R","E","T","?","R","?","$","T","R","B"],"character_chosen":"DEFECT","items_purchased":["Hyperbeam","Pen Nib","Scrape"],"campfire_rested":3,"item_purchase_floors":[11,11,22],"current_hp_per_floor":[64,64,69,69,62,62,62,62,69,68,68,62,62,59,59,41,73,70,63,47,47,47,18,42,1,1,1,25,25,25,25,49,0,0],"gold":1,"neow_bonus":"THREE_ENEMY_KILL","is_daily":false,"chose_seed":false,"campfire_upgraded":2,"win_rate":0.0,"timestamp":1609172910,"path_taken":["M","M","?","?","?","E","M","R","T","M","$","M","M","M","R","BOSS","M","M","M","?","$","E","R","E","T","?","R","?","$","?","R","BOSS"],"items_purchased_type":["Card","Relic","Card"],"build_version":"2020-12-22","purchased_purges":3,"victory":false,"max_hp_per_floor":[71,71,76,76,76,76,76,76,83,83,83,83,83,83,83,83,83,83,83,83,83,83,83,83,83,83,83,83,83,83,83,83,83,83],"card_choices":[{"not_picked":["Stack","Scrape"],"picked":"FTL","floor":1},{"not_picked":["FTL","Redo"],"picked":"Streamline","floor":2},{"not_picked":["Hologram","Self Repair"],"picked":"Capacitor","floor":6},{"not_picked":["Conserve Battery","Barrage"],"picked":"Gash","floor":7},{"not_picked":["Turbo","Streamline"],"picked":"Gash","floor":10},{"not_picked":["Chaos","Static Discharge","Turbo"],"picked":"SKIP","floor":12},{"not_picked":["Glacier","Ball Lightning"],"picked":"Gash","floor":13},{"not_picked":["Biased Cognition","Capacitor"],"picked":"Recycle","floor":14},{"not_picked":["Meteor Strike","Fission"],"picked":"Hyperbeam","floor":16},{"not_picked":["Defragment","Redo"],"picked":"Compile Driver","floor":18},{"not_picked":["Steam Power","Sweeping Beam"],"picked":"Stack","floor":19},{"not_picked":["Genetic Algorithm","Rebound"],"picked":"Hologram","floor":20},{"not_picked":["Consume","Turbo"],"picked":"Lockon","floor":23},{"not_picked":["Multi-Cast","Streamline"],"picked":"Turbo","floor":25}],"player_experience":808577,"relics_obtained":[{"floor":6,"key":"FossilizedHelix"},{"floor":9,"key":"Strawberry"},{"floor":23,"key":"Lantern"},{"floor":25,"key":"Juzu Bracelet"},{"floor":26,"key":"Mercury Hourglass"},{"floor":31,"key":"Sundial"}],"event_choices":[{"damage_healed":0,"gold_gain":0,"player_choice":"Donut","damage_taken":0,"max_hp_gain":5,"max_hp_loss":0,"event_name":"Big Fish","floor":3,"gold_loss":0},{"damage_healed":0,"gold_gain":175,"player_choice":"AGREE","damage_taken":132,"max_hp_gain":0,"max_hp_loss":0,"event_name":"betterThird:BetterSerpent","floor":4,"gold_loss":0},{"damage_healed":0,"gold_gain":0,"player_choice":"Relic ","damage_taken":7,"max_hp_gain":0,"max_hp_loss":0,"event_name":"betterThird:BetterScrap","floor":5,"gold_loss":0,"cards_obtained":["Second Wind"]},{"damage_healed":0,"gold_gain":0,"player_choice":"Got Potions","damage_taken":0,"max_hp_gain":0,"max_hp_loss":0,"event_name":"Lab","floor":21,"gold_loss":0},{"damage_healed":0,"gold_gain":0,"player_choice":"Inject Mutagens","damage_taken":0,"relics_obtained":["MutagenicStrength"],"max_hp_gain":0,"max_hp_loss":0,"event_name":"Drug Dealer","floor":27,"gold_loss":0},{"damage_healed":0,"gold_gain":0,"player_choice":"Forge","damage_taken":0,"max_hp_gain":0,"max_hp_loss":0,"event_name":"Accursed Blacksmith","floor":29,"gold_loss":0,"cards_upgraded":["Hologram"]}],"is_beta":false,"boss_relics":[{"not_picked":["Runic Pyramid","Fusion Hammer"],"picked":"Philosopher\u0027s Stone"}],"items_purged_floors":[11,22,30],"is_endless":false,"potions_floor_spawned":[1,7,10,12,16,20,23],"killed_by":"Collector","ascension_level":14}}