{"host":"oeeu8njhzvf3llor","time":1609181821,"event":{"mods":["BaseMod","Better Match","Better Note","Better Skull","Better Third Choice","Hubris","Minty Spire (QoL Compilation)","Rare Cards Sparkle","Replay The Spire","Shop Mod","Spicy Shops","StSLib","Swap Starting Deck Mod"],"gold_per_floor":[215,215,231,45,145,145,170,185,231,231,263,283,314,332,332,436,436,447,170,194,3,18,51,51,82,82,117,117,117,132,132,132,132,132],"floor_reached":33,"playtime":1248,"items_purged":["Strike_R+1","Strike_R+1"],"score":442,"play_id":"5707791b-64d9-4c31-a875-6e4d6a480a41","local_time":"20201228135701","is_ascension_mode":true,"campfire_choices":[{"data":"Bash","floor":6,"key":"SMITH"},{"data":"Cleave","floor":10,"key":"SMITH"},{"data":"Bludgeon","floor":15,"key":"SMITH"},{"data":"Feed","floor":29,"key":"SMITH"},{"data":"Whirlwind","floor":32,"key":"SMITH"}],"circlet_count":0,"master_deck":["Defend_R","Defend_R","Defend_R","Defend_R","Bash+1","Sword Boomerang","Offering","Cleave+1","ReplayTheSpireMod:Stacked","Bludgeon+1","Shockwave","Wild Strike","Feed+1","Disarm+1","Havoc+1","Entrench+1","True Grit","Whirlwind+1","Clothesline","Dark Shackles","Double Tap"],"relics":["Burning Blood","Ring of Peace","hubris:BundleOfHerbs","Gremlin Food","hubris:CrystalStatue","Whetstone","Astrolabe","Sling","Juzu Bracelet","Bag of Marbles","CultistMask","hubris:ChampionShield","Self Forming Clay","Happy Flower"],"acts_visited":["Exordium","TheCity"],"potions_floor_usage":[13,16,23,23],"damage_taken":[{"damage":10,"enemies":"Jaw Worm","floor":1,"turns":4},{"damage":0,"enemies":"Small Slimes","floor":3,"turns":4},{"damage":7,"enemies":"Replay:BlueRogue","floor":7,"turns":6},{"damage":0,"enemies":"Cultist","floor":8,"turns":3},{"damage":31,"enemies":"3 Sentries","floor":11,"turns":9},{"damage":0,"enemies":"Lots of Slimes","floor":12,"turns":2},{"damage":0,"enemies":"Gremlin Nob","floor":13,"turns":3},{"damage":0,"enemies":"Exordium Thugs","floor":14,"turns":4},{"damage":6,"enemies":"Slime Boss","floor":16,"turns":6},{"damage":6,"enemies":"2 Thieves","floor":18,"turns":5},{"damage":0,"enemies":"3 Byrds","floor":22,"turns":6},{"damage":2,"enemies":"Replay:Snechameleon","floor":23,"turns":6},{"damage":16,"enemies":"Slavers","floor":25,"turns":7},{"damage":0,"enemies":"Replay:Snechameleon","floor":27,"turns":5},{"damage":25,"enemies":"3 Cultists","floor":30,"turns":6},{"damage":0,"enemies":"Pondfish","floor":33,"turns":2}],"seed_played":"-2903811951237361293","potions_obtained":[{"floor":3,"key":"Block Potion"},{"floor":8,"key":"Fire Potion"},{"floor":11,"key":"Swift Potion"},{"floor":14,"key":"BlessingOfTheForge"},{"floor":18,"key":"AttackPotion"},{"floor":23,"key":"Adrenaline Potion"},{"floor":25,"key":"CultistPotion"},{"floor":30,"key":"DistilledChaos"}],"is_trial":false,"path_per_floor":["M","?","M","$","?","R","E","M","T","R","E","M","E","M","R","B",null,"M","$","T","$","M","E","?","E","T","E","$","R","M","?","R","B"],"character_chosen":"IRONCLAD","items_purchased":["Offering","Cleave","Sling","Whirlwind","Clothesline","Dark Shackles"],"campfire_rested":0,"item_purchase_floors":[4,4,19,19,19,21],"current_hp_per_floor":[76,76,80,80,80,80,79,80,80,80,55,61,67,73,73,73,80,80,80,80,80,83,86,86,79,79,85,85,85,70,70,70,70,70],"gold":132,"neow_bonus":"HUNDRED_GOLD","is_daily":false,"chose_seed":false,"campfire_upgraded":5,"win_rate":0.0,"timestamp":1609181821,"path_taken":["M","?","M","$","?","R","E","?","T","R","E","M","E","M","R","BOSS","M","$","?","?","M","E","?","E","T","E","$","R","M","?","R","BOSS"],"items_purchased_type":["Card","Card","Relic","Card","Card","Card"],"build_version":"2020-12-22","purchased_purges":2,"victory":false,"max_hp_per_floor":[80,80,80,80,80,80,80,80,80,80,80,80,80,80,80,80,80,80,80,80,80,83,86,86,89,89,89,89,89,93,93,93,93,93],"card_choices":[{"not_picked":["hubris:ReadiedAction","True Grit"],"picked":"Sword Boomerang","floor":1},{"not_picked":["Dropkick","Disarm","Headbutt"],"picked":"SKIP","floor":3},{"not_picked":["Warcry","ReplayTheSpireMod:Strike From Hell"],"picked":"ReplayTheSpireMod:Stacked","floor":7},{"not_picked":["Life Link","ReplayTheSpireMod:Strike From Hell","hubris:ReadiedAction"],"picked":"SKIP","floor":8},{"not_picked":["Life Link","Reckless Charge"],"picked":"Bludgeon","floor":11},{"not_picked":["Fire Breathing","Power Through"],"picked":"Shockwave","floor":12},{"not_picked":["ReplayReversal","Clash","ReplayTheSpireMod:Corrosion Curse"],"picked":"SKIP","floor":13},{"not_picked":["Iron Wave","Replay:Undeath\u0027s Touch"],"picked":"Wild Strike","floor":14},{"not_picked":["Demonic Infusion","hubris:StunningStrike"],"picked":"Feed","floor":16},{"not_picked":["Armaments","Fire Breathing"],"picked":"True Grit","floor":18},{"not_picked":["True Grit+1","Dropkick","ReplayTheSpireMod:Limb From Limb"],"picked":"SKIP","floor":22},{"not_picked":["Clash+1","Dual Wield+1","Defy Death"],"picked":"SKIP","floor":23},{"not_picked":["Dual Wield","Entrench+1","Body Slam+1"],"picked":"SKIP","floor":25},{"not_picked":["Iron Wave","Thunderclap"],"picked":"Double Tap","floor":27},{"not_picked":["Run Through","Fire Breathing","Dark Embrace"],"picked":"SKIP","floor":30}],"player_experience":476661,"relics_obtained":[{"floor":2,"key":"Ring of Peace"},{"floor":7,"key":"hubris:BundleOfHerbs"},{"floor":9,"key":"Gremlin Food"},{"floor":11,"key":"hubris:CrystalStatue"},{"floor":13,"key":"Whetstone"},{"floor":20,"key":"Juzu Bracelet"},{"floor":23,"key":"Bag of Marbles"},{"floor":25,"key":"hubris:ChampionShield"},{"floor":26,"key":"Self Forming Clay"},{"floor":27,"key":"Happy Flower"}],"event_choices":[{"damage_healed":0,"gold_gain":100,"player_choice":"Pray","damage_taken":0,"max_hp_gain":0,"max_hp_loss":0,"event_name":"Golden Shrine","floor":5,"gold_loss":0},{"damage_healed":0,"gold_gain":0,"player_choice":"Trade","damage_taken":0,"relics_obtained":["CultistMask"],"max_hp_gain":0,"max_hp_loss":0,"event_name":"FaceTrader","floor":24,"gold_loss":0},{"cards_removed":["Entrench"],"damage_healed":0,"gold_gain":0,"player_choice":"Give","damage_taken":0,"max_hp_gain":0,"max_hp_loss":0,"event_name":"betterNote:BetterNote","floor":31,"gold_loss":0,"cards_obtained":["Strike_G"]}],"is_beta":false,"boss_relics":[{"not_picked":["Velvet Choker","Runic Cube"],"picked":"Astrolabe"}],"items_purged_floors":[19,21],"is_endless":false,"potions_floor_spawned":[3,8,11,14,18,23,25,30],"killed_by":"Pondfish","ascension_level":1}}