{"host":"yo9wwslrag05lh37","time":1609178476,"event":{"mods":["AchievementEnabler","BaseMod","Block Reminder","Colored Map","Colored Powertips","GifTheSpireLib","HexUI Lib","Highlight Path","Minty Spire (QoL Compilation)","Rare Cards Sparkle","Relic Stats","StSLib","everything is the same but u backflip on backflip"],"gold_per_floor":[13,26,41,61,61,92,107,107,156,186,186,202,167,6,6,85,85,100,100,116,134,134,134,152,152,179,179,195,195,16,27,27,101,101,119,119,119,3,14,14,14],"floor_reached":40,"playtime":1503,"items_purged":["Doubt"],"score":796,"play_id":"ca0e8d46-76ee-4674-9004-9990cb316d6f","local_time":"20201228190116","is_ascension_mode":true,"campfire_choices":[{"data":"Electrodynamics","floor":8.0,"key":"SMITH"},{"floor":11.0,"key":"REST"},{"data":"Defragment","floor":15.0,"key":"SMITH"},{"data":"Fission","floor":23.0,"key":"SMITH"},{"data":"Coolheaded","floor":25.0,"key":"SMITH"},{"data":"Ghostly","floor":32,"key":"SMITH"}],"circlet_count":0,"master_deck":["AscendersBane","Strike_B","Strike_B+1","Strike_B","Strike_B","Defend_B","Defend_B","Defend_B","Defend_B","Zap","Dualcast","Electrodynamics+1","Darkness+1","Conserve Battery","Reinforced Body","Defragment+1","Multi-Cast","Coolheaded+1","Fission+1","Double Energy+1","Genetic Algorithm","FTL+1","Ghostly+1","Ghostly","Ghostly","Self Repair","Machine Learning","Multi-Cast","Coolheaded","Doom and Gloom"],"relics":["FrozenCore","Bottled Tornado","Smiling Mask","The Courier","ClockworkSouvenir","Cursed Key","Art of War","Letter Opener","Runic Capacitor"],"acts_visited":["Exordium","TheCity","TheBeyond"],"potions_floor_usage":[31,33,33,40],"damage_taken":[{"damage":2.0,"enemies":"2 Louse","floor":1.0,"turns":3.0},{"damage":4.0,"enemies":"Jaw Worm","floor":2.0,"turns":4.0},{"damage":11.0,"enemies":"Small Slimes","floor":3.0,"turns":3.0},{"damage":0.0,"enemies":"3 Louse","floor":4.0,"turns":1.0},{"damage":8.0,"enemies":"Gremlin Nob","floor":6.0,"turns":3.0},{"damage":10.0,"enemies":"Gremlin Gang","floor":7.0,"turns":2.0},{"damage":6.0,"enemies":"Lagavulin","floor":10.0,"turns":5.0},{"damage":20.0,"enemies":"Exordium Wildlife","floor":12.0,"turns":3.0},{"damage":33.0,"enemies":"Slime Boss","floor":16.0,"turns":5.0},{"damage":21.0,"enemies":"Shell Parasite","floor":18.0,"turns":4.0},{"damage":0.0,"enemies":"Spheric Guardian","floor":20.0,"turns":1.0},{"damage":29.0,"enemies":"Snake Plant","floor":21.0,"turns":3.0},{"damage":0.0,"enemies":"Snecko","floor":24.0,"turns":3.0},{"damage":0.0,"enemies":"3 Cultists","floor":28.0,"turns":3.0},{"damage":0,"enemies":"Sentry and Sphere","floor":31,"turns":3},{"damage":5,"enemies":"Champ","floor":33,"turns":10},{"damage":0,"enemies":"3 Shapes","floor":35,"turns":4},{"damage":0,"enemies":"3 Darklings","floor":39,"turns":2},{"damage":37,"enemies":"Nemesis","floor":40,"turns":9}],"seed_played":"-6374449918581723589","potions_obtained":[{"floor":1.0,"key":"Energy Potion"},{"floor":2.0,"key":"Regen Potion"},{"floor":4.0,"key":"Block Potion"},{"floor":12.0,"key":"ColorlessPotion"},{"floor":20.0,"key":"PowerPotion"},{"floor":24.0,"key":"Energy Potion"},{"floor":28.0,"key":"FocusPotion"},{"floor":31,"key":"SneckoOil"},{"floor":35,"key":"Weak Potion"}],"is_trial":false,"path_per_floor":["M","M","M","M","?","E","M","R","T","E","R","M","?","$","R","B",null,"M","?","M","M","?","R","M","R","T","?","M","T","$","M","R","B",null,"M","?","?","$","M","E"],"character_chosen":"DEFECT","items_purchased":["ClockworkSouvenir","Coolheaded","Runic Capacitor","PowerPotion","Doom and Gloom"],"campfire_rested":1,"item_purchase_floors":[14,14,30,30,38],"current_hp_per_floor":[62,58,47,47,26,18,8,8,8,16,37,17,34,34,34,1,54,33,33,33,4,4,4,4,4,4,4,4,4,4,11,11,13,30,35,33,33,33,33,0,0],"gold":14,"neow_bonus":"THREE_RARE_CARDS","is_daily":false,"chose_seed":false,"campfire_upgraded":5,"win_rate":0.0,"timestamp":1609178476,"path_taken":["M","M","M","M","?","E","M","R","T","E","R","M","?","$","R","BOSS","M","?","M","M","?","R","M","R","T","?","?","?","$","?","R","BOSS","M","?","?","$","M","E"],"items_purchased_type":["Relic","Card","Relic","Potion","Card"],"build_version":"2020-12-22","purchased_purges":1,"victory":false,"max_hp_per_floor":[71,71,71,71,71,71,71,71,71,71,71,71,71,71,71,71,71,71,71,71,71,35,35,35,35,35,35,35,35,35,35,35,35,35,35,33,33,33,33,33,33],"relic_stats":{"counters":[19,71],"Art of War":[16],"Letter Opener":[64],"Smiling Mask":10,"Cursed Key":2,"obtain_stats":[{"The Courier":10,"Art of War":26,"Runic Capacitor":30,"Letter Opener":29,"Bottled Tornado":6,"Cracked Core":0,"Smiling Mask":9,"Cursed Key":17,"ClockworkSouvenir":14,"FrozenCore":34},{"The Courier":7,"Art of War":13,"Runic Capacitor":14,"Letter Opener":14,"Bottled Tornado":5,"Cracked Core":0,"Smiling Mask":6,"Cursed Key":9,"ClockworkSouvenir":8,"FrozenCore":16},{"The Courier":21,"Art of War":40,"Runic Capacitor":43,"Letter Opener":43,"Bottled Tornado":14,"Cracked Core":0,"Smiling Mask":16,"Cursed Key":29,"ClockworkSouvenir":24,"FrozenCore":56}],"FrozenCore":[7]},"card_choices":[{"not_picked":["Fission","Seek"],"picked":"Electrodynamics","floor":0.0},{"not_picked":["Steam","Redo","Gash"],"picked":"SKIP","floor":1.0},{"not_picked":["Cold Snap","Steam"],"picked":"Darkness","floor":2.0},{"not_picked":["Steam Power","Skim"],"picked":"Conserve Battery","floor":3.0},{"not_picked":["Double Energy","Sweeping Beam"],"picked":"Reinforced Body","floor":4.0},{"not_picked":["Compile Driver","Redo"],"picked":"Defragment","floor":6.0},{"not_picked":["Rebound","Static Discharge","Sweeping Beam"],"picked":"SKIP","floor":7.0},{"not_picked":["Loop","Compile Driver"],"picked":"Multi-Cast","floor":10.0},{"not_picked":["Turbo","Steam","Gash"],"picked":"SKIP","floor":12.0},{"not_picked":["Meteor Strike","Machine Learning"],"picked":"Fission","floor":16.0},{"not_picked":["White Noise","Loop"],"picked":"Double Energy+1","floor":18.0},{"not_picked":["Beam Cell","Rebound+1"],"picked":"Genetic Algorithm","floor":20.0},{"not_picked":["Leap","Sweeping Beam"],"picked":"FTL+1","floor":21.0},{"not_picked":["Chill","Go for the Eyes"],"picked":"Self Repair","floor":24.0},{"not_picked":["Beam Cell","Hello World"],"picked":"Machine Learning","floor":28.0},{"not_picked":["Redo","Double Energy","Stack"],"picked":"SKIP","floor":31},{"not_picked":["Creative AI","Core Surge"],"picked":"Multi-Cast","floor":33},{"not_picked":["Chaos","Lockon"],"picked":"Coolheaded","floor":35},{"not_picked":["Recycle","Darkness","Undo"],"picked":"SKIP","floor":39}],"player_experience":1393542,"relics_obtained":[{"floor":6.0,"key":"Bottled Tornado"},{"floor":9.0,"key":"Smiling Mask"},{"floor":10.0,"key":"The Courier"},{"floor":26.0,"key":"Art of War"},{"floor":29.0,"key":"Letter Opener"}],"event_choices":[{"damage_healed":0.0,"max_hp_gain":0.0,"max_hp_loss":0.0,"gold_gain":0.0,"event_name":"Shining Light","player_choice":"Entered Light","floor":5.0,"gold_loss":0.0,"damage_taken":21.0,"cards_upgraded":["Darkness","Strike_B"]},{"damage_healed":17.0,"max_hp_gain":0.0,"max_hp_loss":0.0,"gold_gain":0.0,"event_name":"The Cleric","player_choice":"Healed","floor":13.0,"gold_loss":35.0,"damage_taken":0.0},{"damage_healed":0.0,"max_hp_gain":0.0,"max_hp_loss":0.0,"gold_gain":0.0,"event_name":"Cursed Tome","player_choice":"Ignored","floor":19.0,"gold_loss":0.0,"damage_taken":0.0},{"damage_healed":0.0,"max_hp_gain":0.0,"max_hp_loss":36.0,"gold_gain":0.0,"event_name":"Ghosts","player_choice":"Became a Ghost","floor":22.0,"gold_loss":0.0,"damage_taken":0.0,"cards_obtained":["Ghostly","Ghostly","Ghostly"]},{"cards_removed":["Normality"],"damage_healed":0.0,"max_hp_gain":0.0,"max_hp_loss":0.0,"gold_gain":0.0,"event_name":"Fountain of Cleansing","player_choice":"Removed Curses","floor":27.0,"gold_loss":0.0,"damage_taken":0.0},{"damage_healed":0,"gold_gain":0,"player_choice":"Max HP","damage_taken":0,"max_hp_gain":0,"max_hp_loss":2,"event_name":"Winding Halls","floor":36,"gold_loss":0},{"damage_healed":0,"gold_gain":0,"player_choice":"Ignored","damage_taken":0,"max_hp_gain":0,"max_hp_loss":0,"event_name":"Tomb of Lord Red Mask","floor":37,"gold_loss":0}],"is_beta":false,"boss_relics":[{"not_picked":["SlaversCollar","Calling Bell"],"picked":"Cursed Key"},{"not_picked":["SacredBark","Philosopher\u0027s Stone"],"picked":"FrozenCore"}],"items_purged_floors":[38],"is_endless":false,"potions_floor_spawned":[1,2,4,12,20,24,28,31,35],"killed_by":"Nemesis","ascension_level":20}}