{"host":"t179ovrkr5k1gnfh","time":1609167198,"event":{"mods":["AchievementEnabler","BaseMod","Colored Map","Minty Spire (QoL Compilation)"],"gold_per_floor":[111,111,43,56,56,56,56,84,84,84,100,161,15,15,15,143,143,163,151,194,212,212,212,237,237,237,258,273,289,302,302,302,404,404,421,467,517,531,753,785,785,800,824,843,843,866,295,314,314,314],"floor_reached":51,"playtime":3535,"items_purged":["Defend_B","Defend_B"],"score":727,"play_id":"445c97e9-1098-4189-9125-e7fafd27d6ff","local_time":"20201228155318","is_ascension_mode":false,"campfire_choices":[{"data":"Chaos","floor":6,"key":"SMITH"},{"data":"Zap","floor":10,"key":"SMITH"},{"floor":15,"key":"REST"},{"data":"Capacitor","floor":23,"key":"SMITH"},{"data":"Dualcast","floor":32,"key":"SMITH"},{"data":"Buffer","floor":41,"key":"SMITH"},{"data":"Hyperbeam","floor":45,"key":"PURGE"},{"data":"Static Discharge","floor":49,"key":"SMITH"}],"circlet_count":0,"master_deck":["Strike_B","Defend_B","Zap+1","Dualcast+1","Auto Shields","Capacitor+1","Chaos+1","Compile Driver","Sweeping Beam","Hologram+1","Self Repair","Thunder Strike","Buffer+1","Loop+1","Barrage+1","Amplify+1","Coolheaded+1","Conserve Battery+1","Force Field+1","Glacier+1","Buffer+1","Barrage+1","Static Discharge+1"],"relics":["Cracked Core","Turnip","Juzu Bracelet","Mummified Hand","Toxic Egg 2","Bloody Idol","Astrolabe","Red Mask","Kunai","Sozu","Peace Pipe","Ginger","Potion Belt","Bag of Marbles","Eternal Feather","TheAbacus"],"acts_visited":["Exordium","TheCity","TheBeyond"],"potions_floor_usage":[12,12,18,24,29,30,33,36],"damage_taken":[{"damage":0,"enemies":"Small Slimes","floor":1,"turns":4},{"damage":5,"enemies":"2 Louse","floor":4,"turns":4},{"damage":31,"enemies":"Lagavulin","floor":8,"turns":6},{"damage":1,"enemies":"Cultist","floor":11,"turns":3},{"damage":3,"enemies":"Gremlin Nob","floor":12,"turns":3},{"damage":16,"enemies":"The Guardian","floor":16,"turns":11},{"damage":5,"enemies":"Chosen","floor":18,"turns":6},{"damage":24,"enemies":"2 Thieves","floor":19,"turns":4},{"damage":13,"enemies":"Masked Bandits","floor":20,"turns":4},{"damage":3,"enemies":"Centurion and Healer","floor":21,"turns":7},{"damage":3,"enemies":"Cultist and Chosen","floor":24,"turns":6},{"damage":23,"enemies":"Snake Plant","floor":27,"turns":5},{"damage":5,"enemies":"Centurion and Healer","floor":28,"turns":7},{"damage":0,"enemies":"Sentry and Sphere","floor":29,"turns":6},{"damage":10,"enemies":"Chosen and Byrds","floor":30,"turns":5},{"damage":0,"enemies":"Champ","floor":33,"turns":11},{"damage":0,"enemies":"Orb Walker","floor":35,"turns":5},{"damage":19,"enemies":"2 Orb Walkers","floor":36,"turns":5},{"damage":0,"enemies":"Mind Bloom Boss Battle","floor":37,"turns":5},{"damage":0,"enemies":"3 Darklings","floor":38,"turns":6},{"damage":49,"enemies":"Nemesis","floor":40,"turns":11},{"damage":24,"enemies":"4 Shapes","floor":42,"turns":5},{"damage":15,"enemies":"Sphere and 2 Shapes","floor":44,"turns":5},{"damage":0,"enemies":"Maw","floor":48,"turns":6},{"damage":16,"enemies":"Time Eater","floor":50,"turns":10}],"seed_played":"-8311605424485486866","potions_obtained":[{"floor":4,"key":"DistilledChaos"},{"floor":8,"key":"Swift Potion"},{"floor":11,"key":"Block Potion"},{"floor":20,"key":"Dexterity Potion"},{"floor":21,"key":"AttackPotion"},{"floor":27,"key":"SteroidPotion"},{"floor":28,"key":"FearPotion"},{"floor":29,"key":"FocusPotion"}],"is_trial":false,"path_per_floor":["M","?","$","M","?","R","$","E","T","R","M","?","$","?","R","B",null,"M","M","?","M","?","R","M","?","T","M","M","M","M","?","R","B",null,"M","?","?","M","?","E","R","M","T","M","R","T","$","M","R","B",null],"character_chosen":"DEFECT","items_purchased":["Capacitor","Self Repair","Eternal Feather","Static Discharge","TheAbacus"],"campfire_rested":1,"item_purchase_floors":[3,13,47,47,47],"current_hp_per_floor":[68,73,73,68,61,61,61,30,30,30,29,26,26,26,46,37,68,68,51,45,49,49,49,60,60,60,44,46,53,57,57,57,68,68,68,61,68,68,68,38,38,33,38,35,35,40,40,59,68,59],"gold":314,"neow_bonus":"ONE_RARE_RELIC","is_daily":false,"chose_seed":false,"campfire_upgraded":6,"win_rate":0.0,"timestamp":1609167198,"path_taken":["M","?","$","M","?","R","$","E","T","R","M","?","?","?","R","BOSS","M","M","?","M","?","R","M","?","T","M","M","M","M","?","R","BOSS","M","?","?","M","?","E","R","M","T","M","R","?","?","M","R","BOSS"],"items_purchased_type":["Card","Card","Relic","Card","Relic"],"build_version":"2020-12-22","purchased_purges":2,"victory":true,"max_hp_per_floor":[68,73,73,73,73,73,73,73,73,73,73,73,73,68,68,68,68,68,68,68,68,68,68,68,68,68,68,68,68,68,68,68,68,68,68,68,68,68,68,68,68,68,68,68,68,68,68,68,68,68],"card_choices":[{"not_picked":["Gash","Ball Lightning"],"picked":"Auto Shields","floor":1},{"not_picked":["Storm","Steam"],"picked":"Chaos","floor":4},{"not_picked":["All For One","Redo"],"picked":"Compile Driver","floor":8},{"not_picked":["Hologram","Turbo"],"picked":"Sweeping Beam","floor":11},{"not_picked":["Capacitor","Reinforced Body+1"],"picked":"Hologram+1","floor":12},{"not_picked":["Echo Form","Biased Cognition"],"picked":"Thunder Strike","floor":16},{"not_picked":["Rebound+1","Cold Snap+1"],"picked":"Barrage","floor":18},{"not_picked":["Sweeping Beam+1","Turbo+1"],"picked":"Hologram+1","floor":19},{"not_picked":["Reprogram+1","Turbo+1","Blizzard"],"picked":"SKIP","floor":21},{"not_picked":["Gash","Streamline"],"picked":"Coolheaded+1","floor":24},{"not_picked":["Rebound+1","Reinforced Body+1"],"picked":"Conserve Battery+1","floor":27},{"not_picked":["Genetic Algorithm+1","Cold Snap"],"picked":"Force Field+1","floor":28},{"not_picked":["BootSequence+1","Ball Lightning+1","Redo+1"],"picked":"SKIP","floor":29},{"not_picked":["Turbo+1","Beam Cell+1"],"picked":"Glacier+1","floor":30},{"not_picked":["Meteor Strike","All For One"],"picked":"Buffer","floor":33},{"not_picked":["Undo+1","Gash+1","Leap+1"],"picked":"SKIP","floor":35},{"not_picked":["Leap+1","Redo+1"],"picked":"Barrage+1","floor":38},{"not_picked":["Gash","Redo+1","Chaos+1"],"picked":"SKIP","floor":40},{"not_picked":["Loop+1","Stack+1","Buffer"],"picked":"SKIP","floor":42},{"not_picked":["Reprogram+1","Redo+1","Turbo+1"],"picked":"SKIP","floor":44},{"not_picked":["Steam+1","Turbo+1","Double Energy+1"],"picked":"SKIP","floor":48}],"player_experience":60515,"relics_obtained":[{"floor":8,"key":"Juzu Bracelet"},{"floor":9,"key":"Mummified Hand"},{"floor":12,"key":"Toxic Egg 2"},{"floor":20,"key":"Red Mask"},{"floor":26,"key":"Kunai"},{"floor":36,"key":"Peace Pipe"},{"floor":37,"key":"Ginger"},{"floor":40,"key":"Potion Belt"},{"floor":46,"key":"Bag of Marbles"}],"event_choices":[{"damage_healed":0,"gold_gain":0,"player_choice":"Donut","damage_taken":0,"max_hp_gain":5,"max_hp_loss":0,"event_name":"Big Fish","floor":2,"gold_loss":0},{"cards_removed":["Strike_B"],"damage_healed":0,"gold_gain":0,"player_choice":"Card Removal","damage_taken":7,"max_hp_gain":0,"max_hp_loss":0,"event_name":"Golden Wing","floor":5,"gold_loss":0},{"damage_healed":0,"gold_gain":0,"player_choice":"Searched \u00272\u0027 times","damage_taken":0,"max_hp_gain":0,"max_hp_loss":0,"event_name":"Dead Adventurer","floor":12,"gold_loss":0},{"damage_healed":0,"gold_gain":0,"player_choice":"Lose Max HP","damage_taken":0,"relics_obtained":["Golden Idol"],"max_hp_gain":0,"max_hp_loss":5,"event_name":"Golden Idol","floor":14,"gold_loss":0},{"damage_healed":0,"gold_gain":0,"player_choice":"Fought Bandits","damage_taken":0,"max_hp_gain":0,"max_hp_loss":0,"event_name":"Masked Bandits","floor":20,"gold_loss":0},{"damage_healed":0,"gold_gain":0,"cards_transformed":["Fusion","Hologram"],"player_choice":"Became Test Subject","damage_taken":0,"max_hp_gain":0,"max_hp_loss":0,"event_name":"Drug Dealer","floor":22,"gold_loss":0,"cards_obtained":["Hyperbeam","Amplify"]},{"damage_healed":0,"gold_gain":0,"player_choice":"Forge","damage_taken":0,"max_hp_gain":0,"max_hp_loss":0,"event_name":"Accursed Blacksmith","floor":25,"gold_loss":0,"cards_upgraded":["Barrage"]},{"damage_healed":0,"gold_gain":0,"player_choice":"Gave Idol","damage_taken":0,"relics_obtained":["Bloody Idol"],"max_hp_gain":0,"max_hp_loss":0,"event_name":"Forgotten Altar","floor":31,"relics_lost":["Golden Idol"],"gold_loss":0},{"damage_healed":0,"gold_gain":0,"player_choice":"Fight","damage_taken":0,"max_hp_gain":0,"max_hp_loss":0,"event_name":"Mysterious Sphere","floor":36,"gold_loss":0},{"damage_healed":0,"gold_gain":0,"player_choice":"Fight","damage_taken":0,"max_hp_gain":0,"max_hp_loss":0,"event_name":"MindBloom","floor":37,"gold_loss":0},{"damage_healed":0,"gold_gain":222,"player_choice":"Wore Mask","damage_taken":0,"max_hp_gain":0,"max_hp_loss":0,"event_name":"Tomb of Lord Red Mask","floor":39,"gold_loss":0}],"is_beta":false,"boss_relics":[{"not_picked":["Tiny House","Black Star"],"picked":"Astrolabe"},{"not_picked":["Nuclear Battery","Calling Bell"],"picked":"Sozu"}],"items_purged_floors":[13,47],"is_endless":false,"potions_floor_spawned":[4,8,11,20,21,27,28,29,35,38,42,44,48],"ascension_level":0}}