{"host":"iak1zw6udsaqx1iy","time":1609175105,"event":{"mods":["Act Like it!","BaseMod","Gensokyo","Minty Spire (QoL Compilation)","Remilia（蕾米莉亚）","Replay The Spire","StSLib","The Alterego","The Cursed","The Servant 0.9.4","WarShipGirlsR/战舰少女R mod","Youmu（魂魄妖梦）"],"gold_per_floor":[119,119,138,88,111,139,152,177,204,222,254,265,265,283,283,379,379,389,389,408,369,382,407,407,421,467,477,218,218,229,169,169,274,274,294,217,236,256,306,306,306,337,337,386,462,472,472,472,491,502,502,502,502,502,20,55,55,55],"floor_reached":57,"playtime":4959,"items_purged":[],"score":751,"play_id":"79d3c8ba-48a2-48a3-8ded-9834343b68bc","local_time":"20201229010505","is_ascension_mode":false,"campfire_choices":[{"data":"alterego_mod:Cycle","floor":13.0,"key":"SMITH"},{"data":"alterego_mod:Nekomimi","floor":15.0,"key":"SMITH"},{"data":"alterego_mod:PainIsPleasure","floor":24.0,"key":"SMITH"},{"floor":43,"key":"RECALL"},{"data":"alterego_mod:Palingenesis","floor":48,"key":"SMITH"},{"data":"alterego_mod:Mirror","floor":51,"key":"SMITH"}],"circlet_count":0,"master_deck":["alterego_mod:Strike","alterego_mod:Strike","alterego_mod:Strike","alterego_mod:Strike","alterego_mod:Defend","alterego_mod:Defend","alterego_mod:Defend","alterego_mod:Defend","alterego_mod:Impale","alterego_mod:BigMeatyClaws","alterego_mod:BrynhildrsRune","alterego_mod:Birthday","alterego_mod:Complex","alterego_mod:1TonWallop+1","alterego_mod:BusterCard","alterego_mod:Cycle+1","alterego_mod:IndependentAction","alterego_mod:Palingenesis+1","alterego_mod:Nekomimi+1","alterego_mod:Exercise","alterego_mod:PainIsPleasure+1","alterego_mod:IndependentAction+1","alterego_mod:IdEs","alterego_mod:GoddessCore","alterego_mod:BigMeatyClaws","alterego_mod:TrashNCrash+1","alterego_mod:1TonWallop+1","alterego_mod:SakuraFive","alterego_mod:BiFurious","alterego_mod:RidiculouslyBig+1","alterego_mod:DeftHands","alterego_mod:PainIsPleasure","alterego_mod:Punishment+1","Parasite","alterego_mod:Collar+1","alterego_mod:Mirror+1","alterego_mod:MagicResistance","alterego_mod:Nekomimi","alterego_mod:RidiculouslyBig","Thinking Ahead"],"relics":["Runic Pyramid","MealTicket","Replay:Baseball","Dream Catcher","Incense Burner","Happy Flower","Busted Crown","Toy Ornithopter","Nunchaku","Membership Card","Bag of Marbles","Painkiller Herb","Bronze Scales","Calipers","Gambling Chip","Unceasing Top","Chameleon Ring","Bottled Tornado","Boot","alterego_mod:SistersRibbon","Replay:PocketPolymizer"],"acts_visited":["Exordium","TheCity","TheBeyond","TheEnding"],"potions_floor_usage":[52,52,52,56],"damage_taken":[{"damage":0.0,"enemies":"2 Louse","floor":1.0,"turns":3.0},{"damage":0.0,"enemies":"Small Slimes","floor":3.0,"turns":3.0},{"damage":14.0,"enemies":"3 Sentries","floor":6.0,"turns":10.0},{"damage":4.0,"enemies":"Jaw Worm","floor":7.0,"turns":3.0},{"damage":30.0,"enemies":"Gremlin Nob","floor":8.0,"turns":4.0},{"damage":0.0,"enemies":"Large Slime","floor":10.0,"turns":4.0},{"damage":5.0,"enemies":"Lagavulin","floor":11.0,"turns":8.0},{"damage":18.0,"enemies":"Lots of Slimes","floor":12.0,"turns":3.0},{"damage":8.0,"enemies":"Red Slaver","floor":14.0,"turns":4.0},{"damage":14.0,"enemies":"The Guardian","floor":16.0,"turns":10.0},{"damage":19.0,"enemies":"2 Thieves","floor":18.0,"turns":4.0},{"damage":9.0,"enemies":"Spheric Guardian","floor":20.0,"turns":6.0},{"damage":10.0,"enemies":"Centurion and Healer","floor":22.0,"turns":6.0},{"damage":38.0,"enemies":"Book of Stabbing","floor":23.0,"turns":5.0},{"damage":6.0,"enemies":"Snake Plant","floor":25.0,"turns":4.0},{"damage":13.0,"enemies":"3 Cultists","floor":27.0,"turns":4.0},{"damage":5.0,"enemies":"Snecko","floor":30.0,"turns":3.0},{"damage":92.0,"enemies":"Collector","floor":33.0,"turns":10.0},{"damage":7.0,"enemies":"3 Shapes","floor":35.0,"turns":6.0},{"damage":27.0,"enemies":"3 Darklings","floor":37.0,"turns":5.0},{"damage":47,"enemies":"Writhing Mass","floor":38,"turns":10},{"damage":37,"enemies":"Mind Bloom Boss Battle","floor":39,"turns":7},{"damage":16,"enemies":"Giant Head","floor":42,"turns":8},{"damage":16,"enemies":"2 Orb Walkers","floor":44,"turns":4},{"damage":2,"enemies":"4 Shapes","floor":46,"turns":4},{"damage":30,"enemies":"Spire Growth","floor":49,"turns":8},{"damage":47,"enemies":"Maw","floor":50,"turns":9},{"damage":72,"enemies":"Awakened One","floor":52,"turns":9},{"damage":28,"enemies":"Shield and Spear","floor":56,"turns":6},{"damage":159,"enemies":"The Heart","floor":57,"turns":11}],"seed_played":"-7909230166943117519","potions_obtained":[{"floor":6.0,"key":"PowerPotion"},{"floor":7.0,"key":"BlessingOfTheForge"},{"floor":11.0,"key":"SmokeBomb"},{"floor":12.0,"key":"Weak Potion"},{"floor":23.0,"key":"SpeedPotion"},{"floor":29.0,"key":"Doom Potion"},{"floor":35.0,"key":"FearPotion"},{"floor":37.0,"key":"Regen Potion"},{"floor":42,"key":"LifebloodPotion"},{"floor":54,"key":"SmokeBomb"},{"floor":54,"key":"GamblersBrew"}],"is_trial":false,"path_per_floor":["M","?","M","?","T","E","M","E","T","M","E","M","R","M","R","B",null,"M","?","M","$","M","E","R","M","T","M","$","?","M","?","R","B",null,"?","T","?","?","?","PTL","PTL","E","T","?","T","?","?","T","?","?","T","B",null,"T","T","E","B"],"character_chosen":"The_Alterego","items_purchased":["alterego_mod:TrashNCrash+1","Membership Card","Bag of Marbles","Energy Potion","Bronze Scales","Bottled Tornado","Boot","alterego_mod:MagicResistance","alterego_mod:Nekomimi","alterego_mod:RidiculouslyBig","Thinking Ahead","AttackPotion","alterego_mod:SistersRibbon"],"campfire_rested":0,"item_purchase_floors":[21,28,28,28,36,55,55,55,55,55,55,55,55],"current_hp_per_floor":[70,70,70,70,70,70,70,49,49,70,70,70,70,70,70,58,70,58,58,66,70,70,56,56,64,64,70,70,70,70,70,70,17,70,70,70,63,70,53,53,53,70,70,70,70,70,70,70,70,70,70,15,70,70,70,70,0,0],"gold":55,"neow_bonus":"BOSS_RELIC","is_daily":false,"chose_seed":false,"campfire_upgraded":5,"win_rate":0.0,"timestamp":1609175105,"path_taken":["M","?","M","?","?","E","M","E","T","M","E","M","R","M","R","BOSS","M","?","?","?","M","E","R","M","T","M","$","?","?","?","R","BOSS","?","T","?","?","?","PTL","PTL","E","T","?","T","?","?","T","?","?","T","BOSS","T","T","E","BOSS"],"items_purchased_type":["Card","Relic","Relic","Potion","Relic","Relic","Relic","Card","Card","Card","Card","Potion","Relic"],"build_version":"2020-12-22","purchased_purges":0,"victory":false,"max_hp_per_floor":[70,70,70,70,70,70,70,70,70,70,70,70,70,70,70,70,70,70,70,70,70,70,70,70,70,70,70,70,70,70,70,70,70,70,70,70,70,70,70,70,70,70,70,70,70,70,70,70,70,70,70,70,70,70,70,70,70,70],"card_choices":[{"not_picked":["alterego_mod:PurpleHair","alterego_mod:Cooking"],"picked":"alterego_mod:Birthday","floor":1.0},{"not_picked":["alterego_mod:BoobPocket","alterego_mod:Cycle"],"picked":"alterego_mod:Complex","floor":3.0},{"not_picked":["alterego_mod:Cooking","alterego_mod:RocketPunch"],"picked":"alterego_mod:1TonWallop","floor":6.0},{"not_picked":["alterego_mod:Jiggle","alterego_mod:Alter"],"picked":"alterego_mod:BusterCard","floor":7.0},{"not_picked":["alterego_mod:Pet","alterego_mod:BoobPocket"],"picked":"alterego_mod:Cycle","floor":8.0},{"not_picked":["alterego_mod:DeftHands","alterego_mod:DiscoLights"],"picked":"alterego_mod:IndependentAction","floor":10.0},{"not_picked":["alterego_mod:DeftHands","alterego_mod:Crossover"],"picked":"alterego_mod:Palingenesis","floor":11.0},{"not_picked":["alterego_mod:Cycle","alterego_mod:Punishment"],"picked":"alterego_mod:Nekomimi","floor":12.0},{"not_picked":["alterego_mod:Valentines","alterego_mod:Stockings"],"picked":"alterego_mod:Exercise","floor":14.0},{"not_picked":["alterego_mod:SideboobHour","alterego_mod:InsideBaseball"],"picked":"alterego_mod:PainIsPleasure","floor":16.0},{"not_picked":[],"picked":"alterego_mod:IndependentAction+1","floor":18.0},{"not_picked":["alterego_mod:Skirt"],"picked":"SKIP","floor":20.0},{"not_picked":[],"picked":"alterego_mod:1TonWallop+1","floor":22.0},{"not_picked":[],"picked":"alterego_mod:SakuraFive","floor":23.0},{"not_picked":[],"picked":"alterego_mod:BiFurious","floor":25.0},{"not_picked":["alterego_mod:Punishment+1"],"picked":"SKIP","floor":27.0},{"not_picked":[],"picked":"alterego_mod:RidiculouslyBig+1","floor":30.0},{"not_picked":[],"picked":"alterego_mod:DeftHands","floor":32.0},{"not_picked":[],"picked":"alterego_mod:PainIsPleasure","floor":33.0},{"not_picked":[],"picked":"alterego_mod:Punishment+1","floor":35.0},{"not_picked":["alterego_mod:Undulate"],"picked":"SKIP","floor":37.0},{"not_picked":["alterego_mod:Punishment"],"picked":"SKIP","floor":38},{"not_picked":[],"picked":"alterego_mod:Collar+1","floor":39},{"not_picked":["alterego_mod:TrashNCrash"],"picked":"SKIP","floor":42},{"not_picked":["alterego_mod:DiscoLights"],"picked":"SKIP","floor":46},{"not_picked":["alterego_mod:Skirt"],"picked":"SKIP","floor":49},{"not_picked":[],"picked":"alterego_mod:Mirror","floor":50},{"not_picked":["alterego_mod:Belts"],"picked":"SKIP","floor":56}],"player_experience":305760,"relics_obtained":[{"floor":5.0,"key":"Replay:Baseball"},{"floor":6.0,"key":"Dream Catcher"},{"floor":8.0,"key":"Incense Burner"},{"floor":11.0,"key":"Happy Flower"},{"floor":23.0,"key":"Toy Ornithopter"},{"floor":26.0,"key":"Nunchaku"},{"floor":39,"key":"Calipers"},{"floor":42,"key":"Gambling Chip"},{"floor":44,"key":"Unceasing Top"},{"floor":45,"key":"Chameleon Ring"},{"floor":56,"key":"Replay:PocketPolymizer"}],"event_choices":[{"damage_healed":0.0,"max_hp_gain":0.0,"max_hp_loss":0.0,"gold_gain":0.0,"event_name":"Big Fish","player_choice":"Box","floor":2.0,"gold_loss":0.0,"damage_taken":0.0,"relics_obtained":["MealTicket"],"cards_obtained":["Regret"]},{"cards_removed":["Regret"],"damage_healed":0.0,"max_hp_gain":0.0,"max_hp_loss":0.0,"gold_gain":0.0,"event_name":"The Cleric","player_choice":"Card Removal","floor":4.0,"gold_loss":50.0,"damage_taken":0.0},{"damage_healed":0.0,"max_hp_gain":0.0,"max_hp_loss":0.0,"gold_gain":0.0,"event_name":"Match and Keep!","player_choice":"4 cards matched","floor":19.0,"gold_loss":0.0,"damage_taken":0.0,"cards_obtained":["alterego_mod:IdEs","alterego_mod:GoddessCore","alterego_mod:Belle","alterego_mod:BigMeatyClaws"]},{"damage_healed":0.0,"max_hp_gain":0.0,"max_hp_loss":0.0,"gold_gain":0.0,"event_name":"Lab","player_choice":"Got Potions","floor":29.0,"gold_loss":0.0,"damage_taken":0.0},{"damage_healed":0,"gold_gain":0,"player_choice":"Fight","damage_taken":0,"max_hp_gain":0,"max_hp_loss":0,"event_name":"MindBloom","floor":39,"gold_loss":0},{"damage_healed":0,"gold_gain":0,"player_choice":"Fight","damage_taken":0,"max_hp_gain":0,"max_hp_loss":0,"event_name":"Mysterious Sphere","floor":44,"gold_loss":0},{"damage_healed":0,"gold_gain":0,"player_choice":"Ignored","damage_taken":0,"max_hp_gain":0,"max_hp_loss":0,"event_name":"Tomb of Lord Red Mask","floor":47,"gold_loss":0}],"is_beta":false,"boss_relics":[{"not_picked":["Calling Bell","Kintsugi"],"picked":"Busted Crown"},{"not_picked":["Snecko Eye","Runic Dome"],"picked":"Painkiller Herb"}],"items_purged_floors":[],"is_endless":false,"potions_floor_spawned":[6,7,11,12,23,35,37,42,44],"killed_by":"The Heart","ascension_level":0}}