{"host":"ejlkif6fbtpy1quk","time":1609170827,"event":{"mods":["BaseMod","BetterRewards","Minty Spire (QoL Compilation)","StSLib"],"gold_per_floor":[115,126,143,22,39,39,65,65,65,76,76,104,104,116,116,116,116],"floor_reached":16,"playtime":633,"items_purged":["Bash"],"score":118,"play_id":"aacd59d5-05fc-448c-9aa3-733893bd2e0c","local_time":"20201228165347","is_ascension_mode":true,"campfire_choices":[{"data":"Flex","floor":6,"key":"SMITH"},{"data":"Pummel","floor":8,"key":"SMITH"},{"floor":11,"key":"REST"},{"floor":13,"key":"REST"},{"floor":15,"key":"REST"}],"circlet_count":0,"master_deck":["Strike_R","Strike_R","Strike_R","Strike_R","Strike_R","Defend_R","Defend_R","Defend_R","Defend_R","Pummel+1","Anger","Flex+1","Pummel","Anger"],"relics":["Burning Blood","Omamori","Question Card","Toxic Egg 2","Frozen Egg 2"],"acts_visited":["Exordium"],"potions_floor_usage":[16],"damage_taken":[{"damage":0,"enemies":"2 Louse","floor":1,"turns":4},{"damage":0,"enemies":"Small Slimes","floor":2,"turns":3},{"damage":1,"enemies":"Cultist","floor":3,"turns":4},{"damage":13,"enemies":"Red Slaver","floor":5,"turns":4},{"damage":14,"enemies":"Gremlin Nob","floor":7,"turns":3},{"damage":14,"enemies":"Blue Slaver","floor":10,"turns":3},{"damage":44,"enemies":"Lagavulin","floor":12,"turns":6},{"damage":20,"enemies":"Looter","floor":14,"turns":3},{"damage":76,"enemies":"The Guardian","floor":16,"turns":13}],"seed_played":"6990141323209245208","potions_obtained":[{"floor":7,"key":"FearPotion"}],"is_trial":false,"path_per_floor":["M","M","M","$","M","R","E","R","T","M","R","E","R","M","R","B"],"character_chosen":"IRONCLAD","items_purchased":["Flex"],"campfire_rested":3,"item_purchase_floors":[4],"current_hp_per_floor":[80,80,80,80,73,73,65,65,65,57,80,42,66,52,76,0,0],"gold":116,"neow_bonus":"RANDOM_COMMON_RELIC","is_daily":false,"chose_seed":false,"campfire_upgraded":2,"win_rate":0.0,"timestamp":1609170827,"path_taken":["M","M","M","$","M","R","E","R","T","M","R","E","R","M","R","BOSS"],"items_purchased_type":["Card"],"build_version":"2020-12-22","purchased_purges":1,"victory":false,"max_hp_per_floor":[80,80,80,80,80,80,80,80,80,80,80,80,80,80,80,80,80],"card_choices":[{"not_picked":["Perfected Strike","Dark Embrace"],"picked":"Pummel","floor":1},{"not_picked":["Second Wind","True Grit","Entrench"],"picked":"SKIP","floor":2},{"not_picked":["Fire Breathing","Iron Wave"],"picked":"Anger","floor":3},{"not_picked":["Thunderclap","Iron Wave","Feel No Pain"],"picked":"SKIP","floor":5},{"not_picked":["Thunderclap","Wild Strike","Perfected Strike"],"picked":"SKIP","floor":7},{"not_picked":["Clothesline","Blood for Blood","Body Slam","Perfected Strike"],"picked":"SKIP","floor":10},{"not_picked":["Armaments+1","Clothesline","Iron Wave"],"picked":"Pummel","floor":12},{"not_picked":["Iron Wave","Sever Soul","Wild Strike"],"picked":"Anger","floor":14}],"player_experience":76987,"relics_obtained":[{"floor":7,"key":"Question Card"},{"floor":9,"key":"Toxic Egg 2"},{"floor":12,"key":"Frozen Egg 2"}],"event_choices":[],"is_beta":false,"boss_relics":[],"items_purged_floors":[4],"is_endless":false,"potions_floor_spawned":[1,7],"killed_by":"The Guardian","ascension_level":1}}