{"host":"id4dtnaxob941dwk","time":1609198499,"event":{"mods":["AchievementEnabler","BaseMod","BetterRewards","Colored Powertips","Minty Spire (QoL Compilation)","Quick Restart","Rare Cards Sparkle","Replay The Spire","StSLib","Synergy Search","The Mystic","The Runesmith","The Servant 0.9.4"],"gold_per_floor":[113,113,133,147,158,158,19,19,19,19,73,73,73,98,108,128,128,246,246,281,39,39,64,88,116,116,126,197,197,197,197,210,210,210,307,307,320,337,362,52,68,68,68,68,68,68,83,117,182,195,195,195],"floor_reached":53,"playtime":5572,"items_purged":["Overencumbered"],"score":694,"play_id":"e8e0f1fc-262c-4246-adb5-e7fa43624fee","local_time":"20201228213459","is_ascension_mode":false,"campfire_choices":[{"floor":6.0,"key":"REST"},{"floor":8.0,"key":"DIG"},{"data":"Apotheosis","floor":12.0,"key":"SMITH"},{"data":"Runesmith:Strike_RS","floor":17.0,"key":"SMITH"},{"floor":29.0,"key":"REST"},{"floor":31.0,"key":"REST"},{"data":"Normality","floor":34.0,"key":"PURGE"},{"floor":42.0,"key":"REST"},{"floor":46.0,"key":"REST"},{"floor":51.0,"key":"REST"}],"circlet_count":0,"master_deck":["Runesmith:Strike_RS","Runesmith:Strike_RS","Runesmith:Strike_RS+1","Runesmith:Defend_RS+1","Runesmith:Defend_RS","Runesmith:Defend_RS+1","Runesmith:Defend_RS","Runesmith:CraftFirestone","Runesmith:Fortify","Runesmith:LithiumIon","Runesmith:LithiumIon+1","Runesmith:HeatedChisel","Runesmith:CraftMagma","Runesmith:CraftPrismatica","Runesmith:CraftObretio","Runesmith:ChaoticBlast","Runesmith:PerfectChisel+1","Apotheosis+1","Runesmith:CraftIncendium","Runesmith:GoWithTheFlow","Runesmith:MetallurgicalResearch","Runesmith:BackupBattery+1","Specialist","Runesmith:Firestorm","Runesmith:Firestorm+1","ReplayTheSpireMod:Restless Dread","Runesmith:Empowerment","Runesmith:ArcReactor","Runesmith:CraftProtectio+1","Finesse+1","Parasite","Decay","Writhe","Runesmith:PoweredAnvil+1"],"relics":["Runesmith:BrokenRuby","Replay:Towering Pillar of Hats","Replay:Multitool","Membership Card","Simple Rune","Tiny Chest","Ring of Fangs","ReplayTheSpireMod:Ring of Challenge","Whetstone","Cursed Key","Lee\u0027s Waffle","Runesmith:AutoHammer","Replay:Wax Seal","Blue Doll","Nilry\u0027s Codex","Bottled Lightning","Matryoshka","Nunchaku","Frozen Egg 2","Bag of Marbles","Replay:WaspNest","Ginger"],"acts_visited":["Exordium","TheCity","TheBeyond"],"potions_floor_usage":[52,52],"damage_taken":[{"damage":0.0,"enemies":"Jaw Worm","floor":1.0,"turns":3.0},{"damage":1.0,"enemies":"Cultist","floor":3.0,"turns":5.0},{"damage":11.0,"enemies":"2 Louse","floor":4.0,"turns":3.0},{"damage":5.0,"enemies":"2 Fungi Beasts","floor":5.0,"turns":3.0},{"damage":0.0,"enemies":"Red Slaver","floor":15.0,"turns":3.0},{"damage":5.0,"enemies":"Looter","floor":16.0,"turns":3.0},{"damage":0.0,"enemies":"Slime Boss","floor":18.0,"turns":6.0},{"damage":22.0,"enemies":"2 Thieves","floor":20.0,"turns":3.0},{"damage":4.0,"enemies":"Chosen","floor":23.0,"turns":5.0},{"damage":53.0,"enemies":"Slavers","floor":25.0,"turns":5.0},{"damage":3.0,"enemies":"Shelled Parasite and Fungi","floor":27.0,"turns":5.0},{"damage":17.0,"enemies":"Centurion and Healer","floor":32.0,"turns":7.0},{"damage":6.0,"enemies":"Champ","floor":35.0,"turns":7.0},{"damage":43.0,"enemies":"3 Darklings","floor":37.0,"turns":3.0},{"damage":11.0,"enemies":"Orb Walker","floor":38.0,"turns":3.0},{"damage":21.0,"enemies":"4 Shapes","floor":39.0,"turns":5.0},{"damage":0.0,"enemies":"Writhing Mass","floor":41.0,"turns":7.0},{"damage":27.0,"enemies":"Transient","floor":47.0,"turns":5.0},{"damage":1.0,"enemies":"Sphere and 2 Shapes","floor":48.0,"turns":5.0},{"damage":0.0,"enemies":"Mind Bloom Boss Battle","floor":49.0,"turns":11.0},{"damage":39.0,"enemies":"3 Darklings","floor":50.0,"turns":4.0},{"damage":16,"enemies":"Donu and Deca","floor":52,"turns":8}],"seed_played":"-7418397693387793957","potions_obtained":[{"floor":3.0,"key":"Elixir"},{"floor":5.0,"key":"Strength Potion"},{"floor":16.0,"key":"Dexterity Potion"},{"floor":25.0,"key":"AttackPotion"},{"floor":37.0,"key":"Toxic Potion"},{"floor":38.0,"key":"Dexterity Potion"},{"floor":48.0,"key":"Energy Potion"},{"floor":50.0,"key":"PowerPotion"}],"is_trial":false,"path_per_floor":["M","?","M","M","M","R","$","R","PTL","PTL","T","R","?","T","M","M","R","B",null,"M","$","?","M","T","E","?","M","T","R","?","R","M","T","R","B",null,"M","M","M","$","M","R","?","R","T","R","M","M","?","M","R","B",null],"character_chosen":"RUNESMITH_CLASS","items_purchased":["Replay:Multitool","Runesmith:LithiumIon","Membership Card","Runesmith:LithiumIon","Apotheosis","Runesmith:CraftIncendium","Specialist","Runesmith:Firestorm","Lee\u0027s Waffle","Runesmith:AutoHammer","LifebloodPotion","Nunchaku","Finesse+1","Frozen Egg 2"],"campfire_rested":6,"item_purchase_floors":[0,0,0,0,7,7,21,21,21,21,40,40,40,40],"current_hp_per_floor":[38,38,37,26,21,42,42,42,42,42,42,42,42,42,42,37,37,37,70,48,77,77,73,73,20,4,1,1,24,24,47,30,30,30,24,77,34,23,2,2,2,25,25,48,48,71,44,43,43,4,27,11],"gold":195,"neow_bonus":"","is_daily":false,"chose_seed":false,"campfire_upgraded":2,"win_rate":0.0,"timestamp":1609198499,"path_taken":["M","?","M","M","?","R","$","R","PTL","PTL","T","R","?","?","M","M","R","BOSS","M","$","?","M","?","E","?","M","T","R","?","R","?","?","R","BOSS","M","M","M","$","M","R","?","R","T","R","M","?","?","M","R","BOSS"],"items_purchased_type":["Relic","Card","Relic","Card","Card","Card","Card","Card","Relic","Relic","Potion","Relic","Card","Relic"],"build_version":"2020-12-22","purchased_purges":1,"victory":true,"max_hp_per_floor":[70,70,70,70,70,70,70,70,70,70,70,70,70,70,70,70,70,70,70,70,77,77,77,77,77,77,77,77,77,77,77,77,77,77,77,77,77,77,77,77,77,77,77,77,77,77,77,77,77,77,77,77],"card_choices":[{"not_picked":["Runesmith:Discharge","Runesmith:PerfectChisel"],"picked":"Runesmith:CraftMagma","floor":1.0},{"not_picked":["Runesmith:Augment","Runesmith:CraftProtectio"],"picked":"Runesmith:CraftObretio","floor":3.0},{"not_picked":["Runesmith:PerfectChisel","Runesmith:HeatExchange"],"picked":"Runesmith:ChaoticBlast","floor":4.0},{"not_picked":["Runesmith:ChiselStab","Runesmith:UnstableHammer"],"picked":"Runesmith:PerfectChisel","floor":5.0},{"not_picked":["Runesmith:BackupBattery","Runesmith:RuneHurl"],"picked":"Runesmith:GoWithTheFlow","floor":15.0},{"not_picked":["Runesmith:Augment","Runesmith:NanitesCloud","Runesmith:EarthShield"],"picked":"SKIP","floor":16.0},{"not_picked":["Runesmith:CraftMedicinae","Runesmith:GrandSlam"],"picked":"Runesmith:MetallurgicalResearch","floor":18.0},{"not_picked":["Runesmith:MakeshiftArmor+1","Runesmith:ElementalConversion+1"],"picked":"Runesmith:BackupBattery+1","floor":20.0},{"not_picked":["Runesmith:Repurpose","Runesmith:CraftMagma"],"picked":"Runesmith:Firestorm+1","floor":23.0},{"not_picked":["Runesmith:Superposition","Runesmith:UnstableHammer","Runesmith:StaticCage"],"picked":"SKIP","floor":25.0},{"not_picked":["Runesmith:UnstableHammer","Runesmith:BackupBattery+1"],"picked":"Runesmith:Empowerment","floor":27.0},{"not_picked":["Runesmith:DoubleUp+1","Runesmith:Duplicate","Runesmith:ChiselStab"],"picked":"SKIP","floor":32.0},{"not_picked":["Runesmith:MetallurgicalResearch","Runesmith:LightningRod"],"picked":"Runesmith:ArcReactor","floor":35.0},{"not_picked":["Runesmith:Discharge+1","Runesmith:StaticCage+1","Runesmith:WhiteBalance+1"],"picked":"SKIP","floor":37.0},{"not_picked":["Runesmith:StaticCage+1","Runesmith:EarthShield","Runesmith:DoubleUp+1"],"picked":"SKIP","floor":38.0},{"not_picked":["Runesmith:HeatExchange","Runesmith:CraftIncendium+1"],"picked":"Runesmith:CraftProtectio+1","floor":39.0},{"not_picked":["Runesmith:HammerThrow","Runesmith:ElementalConversion","Runesmith:Permafrost+1"],"picked":"SKIP","floor":41.0},{"not_picked":["Runesmith:Overpower","Runesmith:EnergizedChisel+1","Runesmith:Permafrost+1"],"picked":"SKIP","floor":47.0},{"not_picked":["Runesmith:RuneHurl","Runesmith:Grindstone","Runesmith:Accelerate+1"],"picked":"SKIP","floor":48.0},{"not_picked":["Runesmith:Repurpose+1","Runesmith:HammerThrow"],"picked":"Runesmith:PoweredAnvil+1","floor":50.0}],"player_experience":201535,"relics_obtained":[{"floor":8.0,"key":"Simple Rune"},{"floor":11.0,"key":"Tiny Chest"},{"floor":13.0,"key":"Ring of Fangs"},{"floor":13.0,"key":"ReplayTheSpireMod:Ring of Challenge"},{"floor":14.0,"key":"Whetstone"},{"floor":24.0,"key":"Replay:Wax Seal"},{"floor":25.0,"key":"Blue Doll"},{"floor":26.0,"key":"Nilry\u0027s Codex"},{"floor":28.0,"key":"Bottled Lightning"},{"floor":33.0,"key":"Matryoshka"},{"floor":45.0,"key":"Bag of Marbles"},{"floor":45.0,"key":"Replay:WaspNest"},{"floor":49.0,"key":"Ginger"}],"event_choices":[{"damage_healed":0.0,"max_hp_gain":0.0,"max_hp_loss":0.0,"gold_gain":0.0,"cards_transformed":["Runesmith:Strike_RS"],"event_name":"Transmorgrifier","player_choice":"Transformed","floor":2.0,"gold_loss":0.0,"damage_taken":0.0,"cards_obtained":["Runesmith:CraftPrismatica"]},{"damage_healed":0.0,"max_hp_gain":0.0,"max_hp_loss":0.0,"gold_gain":0.0,"event_name":"Cursed Tome","player_choice":"Obtained Book","floor":26.0,"gold_loss":0.0,"damage_taken":16.0},{"damage_healed":0.0,"max_hp_gain":0.0,"max_hp_loss":0.0,"gold_gain":0.0,"event_name":"Match and Keep!","player_choice":"0 cards matched","floor":30.0,"gold_loss":0.0,"damage_taken":0.0,"cards_obtained":[]},{"damage_healed":0.0,"max_hp_gain":0.0,"max_hp_loss":0.0,"gold_gain":0.0,"event_name":"Wheel of Change","player_choice":"Cursed","floor":43.0,"gold_loss":0.0,"damage_taken":0.0,"cards_obtained":["Decay"]},{"damage_healed":0.0,"max_hp_gain":0.0,"max_hp_loss":0.0,"gold_gain":0.0,"event_name":"MindBloom","player_choice":"Fight","floor":49.0,"gold_loss":0.0,"damage_taken":0.0}],"is_beta":false,"boss_relics":[{"not_picked":["Painkiller Herb","Calling Bell"],"picked":"Cursed Key"},{"not_picked":["ReplayTheSpireMod:DimensionalGlitch","Snecko Eye","Coffee Dripper"]}],"items_purged_floors":[40],"is_endless":false,"potions_floor_spawned":[3,5,16,23,25,37,38,48,50],"ascension_level":0}}