{"host":"i9o21tdcc8l3o4rw","time":1609184290,"event":{"mods":["2.2 Compatiblity","Act Like it!","BaseMod","BetterRewards","Colored Map","Colored Powertips","Hubris","Infinite Spire","Jorbs\u0027s Wanderer Trilogy","Marisa????????","Menagerie","Minty Spire (QoL Compilation)","Replay The Spire","Shop Mod","StSLib","The Bladedancer","The Exalted","The Servant 0.9.4","??????REMEMod"],"gold_per_floor":[117,27,39,52,52,52,84,97,122,133,145,163,163,178,178,278,278,293,260,275,275,275],"floor_reached":21,"playtime":2455,"items_purged":[],"score":187,"play_id":"221b38b0-d11c-466c-861e-c6709c69de90","local_time":"20201228203810","is_ascension_mode":false,"campfire_choices":[{"data":"Flash of Steel","floor":6,"key":"SMITH"},{"floor":13,"key":"REST"},{"floor":15,"key":"REST"}],"circlet_count":0,"master_deck":["Strike_G","Strike_G","Strike_G","Strike_G","Strike_G","Defend_G","Defend_G","Defend_G","Defend_G","Survivor","Neutralize","Prepared","Flash of Steel+1","Riddle With Holes","Poisoned Stab","Strike_R","Skewer","Cloak And Dagger","Leg Sweep","Deflect","Hidden Blade","Noxious Fumes","Corpse Explosion","Toxin Wave","Poisoned Stab","Leg Sweep+1"],"relics":["Ring of the Snake","REME_ComplimentaryCards","NeowsBlessing","Bromod:ArcaneAwakening","Replay:Baseball","Bromod:ArcaneEnergize"],"acts_visited":["Exordium","TheCity"],"potions_floor_usage":[],"damage_taken":[{"damage":0,"enemies":"2 Louse","floor":1,"turns":1},{"damage":0,"enemies":"infinitespire:Voidling","floor":3,"turns":1},{"damage":0,"enemies":"Small Slimes","floor":4,"turns":1},{"damage":21,"enemies":"Replay:BlueRogue","floor":7,"turns":5},{"damage":4,"enemies":"2 Fungi Beasts","floor":8,"turns":4},{"damage":8,"enemies":"Exordium Thugs","floor":10,"turns":4},{"damage":9,"enemies":"Blue Slaver","floor":11,"turns":4},{"damage":9,"enemies":"Exordium Wildlife","floor":12,"turns":4},{"damage":0,"enemies":"2 Fungi Beasts","floor":14,"turns":3},{"damage":12,"enemies":"Slime Boss","floor":16,"turns":9},{"damage":23,"enemies":"Spheric Guardian","floor":18,"turns":6},{"damage":20,"enemies":"2 Thieves","floor":19,"turns":5},{"damage":17,"enemies":"Centurion and Healer","floor":20,"turns":6},{"damage":11,"enemies":"Snake Plant","floor":21,"turns":2}],"seed_played":"-3577645175661440347","potions_obtained":[{"floor":11,"key":"Elixir"},{"floor":12,"key":"DistilledChaos"},{"floor":16,"key":"Strength Potion"}],"is_trial":false,"path_per_floor":["M","$","M","M","?","R","E","M","T","M","M","M","R","M","R","B",null,"M","M","M","M"],"character_chosen":"THE_SILENT","items_purchased":["Flash of Steel"],"campfire_rested":2,"item_purchase_floors":[2],"current_hp_per_floor":[70,70,70,70,70,70,49,45,45,37,28,19,40,40,61,49,70,47,27,10,0,0],"gold":275,"neow_bonus":"THREE_ENEMY_KILL","is_daily":false,"chose_seed":false,"campfire_upgraded":1,"win_rate":0.0,"timestamp":1609184290,"path_taken":["M","$","M","M","?","R","E","M","T","M","M","M","R","M","R","BOSS","M","M","?","M"],"items_purchased_type":["Card"],"build_version":"2020-11-29","purchased_purges":0,"victory":false,"max_hp_per_floor":[70,70,70,70,70,70,70,70,70,70,70,70,70,70,70,70,70,70,70,70,70,70],"card_choices":[{"not_picked":["Underhanded Strike","PiercingWail"],"picked":"Prepared","floor":1},{"not_picked":["hubris:SlightOfHand","Dagger Spray"],"picked":"Riddle With Holes","floor":3},{"not_picked":["hubris:SlightOfHand","Masterful Stab"],"picked":"Poisoned Stab","floor":4},{"not_picked":["ReplayTheSpireMod:Scrap Shanks","Expertise"],"picked":"Skewer","floor":7},{"not_picked":["Prepared","ReplayTheSpireMod:The Works"],"picked":"Cloak And Dagger","floor":8},{"not_picked":["Hidden Blade","Cloak And Dagger"],"picked":"Leg Sweep","floor":10},{"not_picked":["Cloak And Dagger","Flying Knee"],"picked":"Deflect","floor":11},{"not_picked":["hubris:SlightOfHand","Tactician"],"picked":"Hidden Blade","floor":12},{"not_picked":["hubris:SlightOfHand","Hidden Blade"],"picked":"Noxious Fumes","floor":14},{"not_picked":["Envenom","Atom Bomb"],"picked":"Corpse Explosion","floor":16},{"not_picked":["Sneak Up","Dodge and Roll"],"picked":"Toxin Wave","floor":18},{"not_picked":["Riddle With Holes+1","ReplayTheSpireMod:The Works+1"],"picked":"Poisoned Stab","floor":19},{"not_picked":["Acrobatics","PiercingWail"],"picked":"Leg Sweep+1","floor":20}],"player_experience":115167,"relics_obtained":[{"floor":7,"key":"Bromod:ArcaneAwakening"},{"floor":9,"key":"Replay:Baseball"}],"event_choices":[{"cards_removed":["Defend_G"],"damage_healed":0,"gold_gain":0,"player_choice":"Took Card","damage_taken":0,"max_hp_gain":0,"max_hp_loss":0,"event_name":"NoteForYourself","floor":5,"gold_loss":0,"cards_obtained":["Strike_R"]}],"is_beta":false,"boss_relics":[{"not_picked":["Empty Cage","hubris:HollowSoul"],"picked":"Bromod:ArcaneEnergize"}],"items_purged_floors":[],"is_endless":false,"potions_floor_spawned":[7,11,12,16,20],"killed_by":"Snake Plant","ascension_level":0}}