{"host":"5fasz840ryq7obdf","time":1609167705,"event":{"mods":["AchievementEnabler","BaseMod","Bestiary","Better Altar","Better Skull","Better Third Choice","BetterRewards","Block Reminder","Colored Powertips","Curses Come First","Highlight Path","Minty Spire (QoL Compilation)","Quick Restart","Rare Cards Sparkle","Relic Sorter","Relic Stats","Replay The Spire","Shop Mod","Spicy Shops","StSLib","SuperFastMode"],"gold_per_floor":[123,159,80,37,111,158,158,200,200,200,39,39,55,93,93,76,76,109,109,26,70,29,29,51,87,87,87,132,10,10,47,47,143,143,159,37,62,20,41,91,91,428,455,500,521,521,559,588,588,594,618,618,618,10,50,68],"floor_reached":57,"playtime":3038,"items_purged":["Strike_R","Strike_R","Strike_R","Strike_R"],"score":4249,"play_id":"37c22664-1138-42a3-ada3-9bf4567d65b0","local_time":"20201228150145","is_ascension_mode":true,"campfire_choices":[{"data":"1","floor":10.0,"key":"LIFT"},{"data":"Bloodletting","floor":15.0,"key":"SMITH"},{"data":"2","floor":30.0,"key":"LIFT"},{"data":"3","floor":32.0,"key":"LIFT"},{"floor":41.0,"key":"RECALL"},{"data":"Limit Break","floor":49,"key":"SMITH"},{"data":"Bash","floor":53,"key":"SMITH"}],"circlet_count":0,"master_deck":["AscendersBane","Strike_R","Defend_R","Defend_R","Defend_R","Defend_R","Bash+1","Sadistic Nature","Trip","Sadistic Nature","ReplayTheSpireMod:Corrosion Curse","Pummel","Shockwave","Berserk","Bloodletting+1","Shrug It Off","Whirlwind","Thunderclap","Impervious","Rupture","Blind","Pain","ReplayTheSpireMod:Muscle Training","Whirlwind","Shrug It Off","Burn+1","Dark Embrace","Parasite","Sadistic Nature","Fiend Fire","Metallicize","Shrug It Off","Bloodletting","Exhume","Bloodletting+1","Heavy Blade","ReplayTheSpireMod:Muscle Training","Barricade","Shockwave","Replay:Undeath\u0027s Touch","Combust","Thunderclap","Replay:Many Hands","CommonCold","Replay:Undeath\u0027s Touch","Pummel","ReplayTheSpireMod:Limb From Limb","ReplayReversal","Limit Break+1","Madness","Madness","Shrug It Off","Heavy Blade","Entrench+1","Offering","Feel No Pain","Body Slam"],"relics":["Burning Blood","Art of War","Happy Flower","Pen Nib","Electric Blood","Girya","Sundial","Omamori","Replay:Wax Seal","Membership Card","Vajra","OrangePellets","Gremlin Food","Bag of Marbles","Orrery","Torii","Snack Pack","Replay:Bandana","HandDrill","Gremlin Horn","Replay:Bottled Flurry","Durian","StoneCalendar","FossilizedHelix","Red Skull","DollysMirror","Replay:Towering Pillar of Hats","Gambling Chip","Replay:Grab Bag","ChewingGum","Runic Cube","SlaversCollar","Ring of Hypnosis","Ring of Searing","Brimstone","Thread and Needle","ReplayTheSpireMod:Spearhead","White Beast Statue","Sling","Replay:Baseball","Replay:Ancient Bell","Replay:Rubber Ducky","Paper Frog","Du-Vu Doll","Nunchaku","ReplayFunnel","PreservedInsect","TungstenRod","Old Coin","Chameleon Ring","Counterbalance","Bottled Tornado","Strange Spoon","Lantern"],"acts_visited":["Exordium","TheCity","TheBeyond","TheEnding"],"potions_floor_usage":[56,56],"damage_taken":[{"damage":4.0,"enemies":"Jaw Worm","floor":1.0,"turns":3.0},{"damage":7.0,"enemies":"Cultist","floor":3.0,"turns":3.0},{"damage":18.0,"enemies":"3 Sentries","floor":6.0,"turns":4.0},{"damage":3.0,"enemies":"Lagavulin","floor":8.0,"turns":5.0},{"damage":1.0,"enemies":"2 Louse","floor":13.0,"turns":1.0},{"damage":1.0,"enemies":"3 Sentries","floor":14.0,"turns":4.0},{"damage":11.0,"enemies":"Hexaghost","floor":16.0,"turns":6.0},{"damage":5.0,"enemies":"Chosen","floor":18.0,"turns":2.0},{"damage":16.0,"enemies":"3 Byrds","floor":21.0,"turns":1.0},{"damage":17.0,"enemies":"Snecko","floor":24.0,"turns":2.0},{"damage":19.0,"enemies":"Slavers","floor":25.0,"turns":2.0},{"damage":7.0,"enemies":"Gremlin Leader","floor":28.0,"turns":1.0},{"damage":10.0,"enemies":"Slavers","floor":31.0,"turns":2.0},{"damage":16.0,"enemies":"Collector","floor":33.0,"turns":3.0},{"damage":7.0,"enemies":"Orb Walker","floor":35.0,"turns":1.0},{"damage":2.0,"enemies":"3 Shapes","floor":37.0,"turns":1.0},{"damage":22.0,"enemies":"Jaw Worm Horde","floor":39.0,"turns":1.0},{"damage":0.0,"enemies":"R_Hoarder","floor":40.0,"turns":2.0},{"damage":0.0,"enemies":"Nemesis","floor":42.0,"turns":1.0},{"damage":2.0,"enemies":"R_Hoarder","floor":44.0,"turns":1.0},{"damage":8,"enemies":"Writhing Mass","floor":45,"turns":4},{"damage":14,"enemies":"4 Shapes","floor":47,"turns":2},{"damage":3,"enemies":"Mind Bloom Boss Battle","floor":48,"turns":4},{"damage":25,"enemies":"Time Eater","floor":50,"turns":7},{"damage":18,"enemies":"Awakened One","floor":51,"turns":4},{"damage":8,"enemies":"Shield and Spear","floor":55,"turns":3},{"damage":29,"enemies":"The Heart","floor":56,"turns":6}],"seed_played":"7698094361450685183","potions_obtained":[{"floor":2.0,"key":"SteroidPotion"},{"floor":3.0,"key":"Elixir"},{"floor":8.0,"key":"AttackPotion"},{"floor":16.0,"key":"Fire Potion"},{"floor":25.0,"key":"PowerPotion"},{"floor":31.0,"key":"BloodPotion"},{"floor":33.0,"key":"Adrenaline Potion"}],"is_trial":false,"path_per_floor":["M","?","M","$","T","E","?","E","T","R","$","T","M","E","R","B",null,"M","?","$","M","$","?","M","E","T","T","E","$","R","E","R","B",null,"M","$","M","$","M","E","R","E","T","E","M","?","M","?","R","B","B",null,"R","$","E","B",null],"character_chosen":"IRONCLAD","items_purchased":["Membership Card","Replay:Wax Seal","Girya","Vajra","Sadistic Nature","OrangePellets","Trip","Sadistic Nature","Gremlin Food","Bag of Marbles","Orrery","Bloodletting","Shrug It Off","Torii","Snack Pack","Replay:Bandana","HandDrill","Whirlwind","Thunderclap","Gremlin Horn","Impervious","Rupture","Blind","Whirlwind","Red Skull","DollysMirror","Fiend Fire","Metallicize","Brimstone","ReplayTheSpireMod:Muscle Training","Sling","Combust","Nunchaku","ReplayFunnel","PreservedInsect","Bottled Tornado","Pen Nib","Happy Flower","Strange Spoon","Entrench+1","Offering","Feel No Pain","Art of War"],"campfire_rested":0,"item_purchase_floors":[0,0,0,0,0,0,0,0,0,0,0,0,0,0,0,0,0,0,0,0,0,0,0,4,11,11,11,11,20,22,29,29,36,36,38,54,54,54,54,54,54,54,54],"current_hp_per_floor":[22,22,21,21,21,14,14,17,17,17,17,17,22,27,27,22,66,67,67,67,57,57,57,46,33,33,33,32,32,32,28,28,18,65,64,64,68,68,52,58,58,64,64,70,68,55,49,52,52,33,21,65,65,65,63,66],"gold":68,"neow_bonus":"","is_daily":false,"chose_seed":false,"campfire_upgraded":3,"win_rate":0.0,"timestamp":1609167705,"path_taken":["M","?","M","$","?","E","?","E","T","R","$","?","?","E","R","BOSS","M","?","$","M","$","?","M","E","T","?","E","$","R","E","R","BOSS","M","$","M","$","M","E","R","E","T","E","?","?","M","?","R","BOSS","BOSS","R","$","E","BOSS"],"items_purchased_type":["Relic","Relic","Relic","Relic","Card","Relic","Card","Card","Relic","Relic","Relic","Card","Card","Relic","Relic","Relic","Relic","Card","Card","Relic","Card","Card","Card","Card","Relic","Relic","Card","Card","Relic","Card","Relic","Card","Relic","Relic","Relic","Relic","Relic","Relic","Relic","Card","Card","Card","Relic"],"build_version":"2020-12-22","purchased_purges":4,"victory":true,"max_hp_per_floor":[75,75,75,75,75,80,80,80,80,80,80,80,80,80,80,80,80,80,80,80,80,80,80,80,80,80,80,80,80,80,80,80,80,80,80,80,80,80,80,80,80,80,80,80,80,80,80,80,80,80,80,80,80,80,80,80],"relic_stats":{"Happy Flower":[3],"Torii":57,"Gremlin Horn":[18,18],"counters":[218,689],"StoneCalendar":[0],"Pen Nib":[20],"PreservedInsect":303,"Burning Blood":1133,"OrangePellets":[16],"Strange Spoon":[8],"Nunchaku":[4],"Sundial":[0],"Gambling Chip":[58],"Art of War":[2],"HandDrill":[20],"obtain_stats":[{"Golden Egg":45,"Ginger":0,"Whetstone":9,"Bottled Tornado":54,"Sling":48,"Ring of Searing":19,"Old Coin":42,"Blood Vial":17,"Sundial":5,"MealTicket":3,"HandDrill":0,"Replay:Bottled Flurry":57,"Kunai":19,"Replay:Wax Seal":0,"Electric Blood":17,"Replay:Bottled Steam":30,"Runic Cube":17,"betterAltar:BloodRelic":21,"Blue Candle":48,"Counterbalance":48,"Eternal Feather":8,"Pen Nib":0,"Replay:Ancient Bell":34,"Akabeko":17,"SlaversCollar":17,"Bird Faced Urn":48,"Mark of Pain":34,"StrikeDummy":23,"Unceasing Top":0,"Lantern":9,"Regal Pillow":21,"Singing Bowl":0,"Torii":0,"StoneCalendar":4,"King of Hearts":0,"Bag of Preparation":48,"Smiling Mask":9,"Cursed Key":34,"Ancient Tea Set":21,"Burning Blood":0,"Pet Ghost":30,"Replay:Rubber Ducky":34,"Matryoshka":0,"Shovel":17,"InkBottle":17,"Paper Frog":28,"Potion Belt":48,"Self Forming Clay":31,"Golden Idol":3,"Thread and Needle":45,"PreservedInsect":0,"The Courier":27,"Omamori":25,"Frozen Egg 2":0,"MawBank":42,"Ornamental Fan":26,"Bloody Idol":21,"Orrery":20,"Turnip":54,"Art of War":6,"Durian":0,"Garlic":0,"Bottled Lightning":14,"ReplayTheSpireMod:Lightbulb":11,"Toy Ornithopter":23,"Ice Cream":12,"Divine Protection":0,"Calipers":0,"Gremlin Horn":55,"CeramicFish":2,"Vajra":20,"Sozu":17,"Centennial Puzzle":21,"HornCleat":55,"DollysMirror":0,"Strawberry":40,"Prayer Wheel":17,"Iron Hammer":25,"Toxic Egg 2":0,"Girya":0,"Happy Flower":0,"Ring of Hypnosis":19,"ReplayTheSpireMod:CursedCoin":54,"Replay:Grab Bag":17,"Oddly Smooth Stone":8,"Charon\u0027s Ashes":26,"Letter Opener":40,"War Paint":41,"Question Card":14,"Du-Vu Doll":0,"OrangePellets":31,"ReplayTheSpireMod:Spearhead":6,"Replay:Baseball":25,"Brimstone":37,"Shuriken":32,"Bronze Scales":42,"Onion Ring":42,"Simple Rune":55,"Black Star":34,"Grinning Jar":6,"Mirror":40,"Pocketwatch":44,"Meat on the Bone":0,"Darkstone Periapt":12,"ReplayFunnel":54,"Mango":10,"Incense Burner":38,"Juzu Bracelet":48,"ClockworkSouvenir":48,"Nunchaku":26,"Replay:Bandana":0,"Dream Catcher":23,"Chameleon Ring":44,"Mummified Hand":6,"Gambling Chip":0,"Tiny Chest":20,"Red Mask":39,"Replay:Bottled Snecko":54,"Red Skull":20,"Runic Pyramid":17,"Gremlin Food":0,"Replay:Towering Pillar of Hats":12,"Guide Book":36,"Replay:WaspNest":9,"Odd Mushroom":10,"Orichalcum":31,"Medical Kit":0,"White Beast Statue":28,"Mercury Hourglass":46,"Calling Bell":17,"Peace Pipe":45,"Strange Spoon":0,"Anchor":36,"ChewingGum":34,"Bag of Marbles":0,"Snack Pack":0,"Membership Card":0,"TungstenRod":43,"FossilizedHelix":46},{"Golden Egg":156,"Ginger":10,"Whetstone":16,"Bottled Tornado":216,"Sling":66,"Ring of Searing":199,"Old Coin":210,"Blood Vial":21,"Sundial":193,"MealTicket":41,"HandDrill":0,"Replay:Bottled Flurry":190,"Kunai":50,"Replay:Wax Seal":191,"Electric Blood":139,"Replay:Bottled Steam":145,"Runic Cube":198,"betterAltar:BloodRelic":22,"Blue Candle":66,"Counterbalance":214,"Eternal Feather":16,"Pen Nib":0,"Replay:Ancient Bell":205,"Akabeko":49,"SlaversCollar":198,"Bird Faced Urn":66,"Mark of Pain":58,"StrikeDummy":175,"Unceasing Top":68,"Lantern":4,"Regal Pillow":51,"Singing Bowl":40,"Torii":68,"StoneCalendar":41,"King of Hearts":98,"Bag of Preparation":94,"Smiling Mask":16,"Cursed Key":29,"Ancient Tea Set":109,"Burning Blood":0,"Pet Ghost":177,"Replay:Rubber Ducky":205,"Matryoshka":10,"Shovel":49,"InkBottle":49,"Paper Frog":26,"Potion Belt":94,"Self Forming Clay":28,"Golden Idol":69,"Thread and Needle":36,"PreservedInsect":10,"The Courier":55,"Omamori":24,"Frozen Egg 2":0,"MawBank":64,"Ornamental Fan":24,"Bloody Idol":22,"Orrery":109,"Turnip":158,"Art of War":14,"Durian":98,"Garlic":160,"Bottled Lightning":20,"ReplayTheSpireMod:Lightbulb":167,"Toy Ornithopter":23,"Ice Cream":46,"Divine Protection":160,"Calipers":40,"Gremlin Horn":129,"CeramicFish":11,"Vajra":22,"Sozu":76,"Centennial Puzzle":51,"HornCleat":97,"DollysMirror":98,"Strawberry":121,"Prayer Wheel":21,"Iron Hammer":112,"Toxic Egg 2":0,"Girya":191,"Happy Flower":10,"Ring of Hypnosis":199,"ReplayTheSpireMod:CursedCoin":158,"Replay:Grab Bag":198,"Oddly Smooth Stone":44,"Charon\u0027s Ashes":54,"Letter Opener":34,"War Paint":89,"Question Card":9,"Du-Vu Doll":40,"OrangePellets":28,"ReplayTheSpireMod:Spearhead":101,"Replay:Baseball":112,"Brimstone":31,"Shuriken":57,"Bronze Scales":35,"Onion Ring":123,"Simple Rune":129,"Black Star":85,"Grinning Jar":135,"Mirror":152,"Pocketwatch":124,"Meat on the Bone":130,"Darkstone Periapt":19,"ReplayFunnel":128,"Mango":45,"Incense Burner":88,"Juzu Bracelet":186,"ClockworkSouvenir":66,"Nunchaku":24,"Replay:Bandana":98,"Dream Catcher":111,"Chameleon Ring":211,"Mummified Hand":71,"Gambling Chip":40,"Tiny Chest":22,"Red Mask":151,"Replay:Bottled Snecko":128,"Red Skull":22,"Runic Pyramid":171,"Gremlin Food":191,"Replay:Towering Pillar of Hats":195,"Guide Book":118,"Replay:WaspNest":103,"Odd Mushroom":5,"Orichalcum":84,"Medical Kit":130,"White Beast Statue":203,"Mercury Hourglass":65,"Calling Bell":21,"Peace Pipe":125,"Strange Spoon":0,"Anchor":59,"ChewingGum":148,"Bag of Marbles":98,"Snack Pack":130,"Membership Card":10,"TungstenRod":35,"FossilizedHelix":93},{"Golden Egg":513,"Ginger":39,"Whetstone":57,"Bottled Tornado":680,"Sling":203,"Ring of Searing":641,"Old Coin":658,"Blood Vial":72,"Sundial":619,"MealTicket":129,"HandDrill":0,"Replay:Bottled Flurry":610,"Kunai":163,"Replay:Wax Seal":613,"Electric Blood":470,"Replay:Bottled Steam":489,"Runic Cube":639,"betterAltar:BloodRelic":74,"Blue Candle":203,"Counterbalance":669,"Eternal Feather":57,"Pen Nib":0,"Replay:Ancient Bell":652,"Akabeko":159,"SlaversCollar":639,"Bird Faced Urn":203,"Mark of Pain":182,"StrikeDummy":566,"Unceasing Top":212,"Lantern":11,"Regal Pillow":166,"Singing Bowl":127,"Torii":212,"StoneCalendar":129,"King of Hearts":364,"Bag of Preparation":337,"Smiling Mask":57,"Cursed Key":99,"Ancient Tea Set":385,"Burning Blood":0,"Pet Ghost":569,"Replay:Rubber Ducky":652,"Matryoshka":39,"Shovel":159,"InkBottle":159,"Paper Frog":88,"Potion Belt":337,"Self Forming Clay":94,"Golden Idol":215,"Thread and Needle":116,"PreservedInsect":39,"The Courier":176,"Omamori":80,"Frozen Egg 2":0,"MawBank":195,"Ornamental Fan":80,"Bloody Idol":74,"Orrery":385,"Turnip":523,"Art of War":53,"Durian":364,"Garlic":531,"Bottled Lightning":66,"ReplayTheSpireMod:Lightbulb":542,"Toy Ornithopter":77,"Ice Cream":148,"Divine Protection":531,"Calipers":127,"Gremlin Horn":430,"CeramicFish":43,"Vajra":74,"Sozu":241,"Centennial Puzzle":166,"HornCleat":355,"DollysMirror":364,"Strawberry":411,"Prayer Wheel":72,"Iron Hammer":392,"Toxic Egg 2":0,"Girya":613,"Happy Flower":39,"Ring of Hypnosis":641,"ReplayTheSpireMod:CursedCoin":523,"Replay:Grab Bag":639,"Oddly Smooth Stone":142,"Charon\u0027s Ashes":172,"Letter Opener":111,"War Paint":319,"Question Card":33,"Du-Vu Doll":127,"OrangePellets":94,"ReplayTheSpireMod:Spearhead":370,"Replay:Baseball":392,"Brimstone":103,"Shuriken":180,"Bronze Scales":113,"Onion Ring":417,"Simple Rune":430,"Black Star":297,"Grinning Jar":452,"Mirror":505,"Pocketwatch":419,"Meat on the Bone":435,"Darkstone Periapt":65,"ReplayFunnel":429,"Mango":144,"Incense Burner":313,"Juzu Bracelet":595,"ClockworkSouvenir":203,"Nunchaku":80,"Replay:Bandana":364,"Dream Catcher":389,"Chameleon Ring":659,"Mummified Hand":222,"Gambling Chip":127,"Tiny Chest":74,"Red Mask":501,"Replay:Bottled Snecko":429,"Red Skull":74,"Runic Pyramid":556,"Gremlin Food":613,"Replay:Towering Pillar of Hats":628,"Guide Book":407,"Replay:WaspNest":373,"Odd Mushroom":14,"Orichalcum":286,"Medical Kit":435,"White Beast Statue":647,"Mercury Hourglass":200,"Calling Bell":72,"Peace Pipe":420,"Strange Spoon":0,"Anchor":183,"ChewingGum":497,"Bag of Marbles":364,"Snack Pack":435,"Membership Card":39,"TungstenRod":113,"FossilizedHelix":334}],"TungstenRod":122,"Runic Cube":[112]},"card_choices":[{"not_picked":["Infernal Blade","Dropkick"],"picked":"ReplayTheSpireMod:Corrosion Curse","floor":0.0},{"not_picked":["Hemokinesis","Headbutt"],"picked":"Pummel","floor":0.0},{"not_picked":["Clash","Flex"],"picked":"Shockwave","floor":0.0},{"not_picked":["Run Through","Pommel Strike"],"picked":"Berserk","floor":0.0},{"not_picked":["Abandon","Clash","Warcry"],"picked":"SKIP","floor":1.0},{"not_picked":["Warcry","Metallicize"],"picked":"ReplayTheSpireMod:Muscle Training","floor":3.0},{"not_picked":["Sword Boomerang","Battle Trance"],"picked":"Shrug It Off","floor":6.0},{"not_picked":["Blood for Blood","Massacre"],"picked":"Dark Embrace","floor":8.0},{"not_picked":["Dropkick","True Grit"],"picked":"Shrug It Off","floor":13.0},{"not_picked":["Iron Wave","Power Through"],"picked":"Bloodletting","floor":14.0},{"not_picked":["Eclipse","Impervious"],"picked":"Exhume","floor":16.0},{"not_picked":["Heavy Blade","Ghostly Armor"],"picked":"Bloodletting+1","floor":18.0},{"not_picked":["Life Link","Body Slam"],"picked":"Heavy Blade","floor":21.0},{"not_picked":["Wild Strike","Whirlwind"],"picked":"Barricade","floor":24.0},{"not_picked":["Sword Boomerang","Wild Strike"],"picked":"Shockwave","floor":25.0},{"not_picked":["Warcry+1","Body Slam"],"picked":"Replay:Undeath\u0027s Touch","floor":28.0},{"not_picked":["Perfected Strike","Immolate"],"picked":"Thunderclap","floor":31.0},{"not_picked":["Berserk","Feed"],"picked":"Replay:Many Hands","floor":33.0},{"not_picked":["Parasite","Pain"],"picked":"CommonCold","floor":34.0},{"not_picked":["AbeCurse","ReplayTheSpireMod:IOU"],"picked":"Decay","floor":34.0},{"not_picked":["CurseOfTheBell","Clumsy"],"picked":"CommonCold","floor":34.0},{"not_picked":["Cleave","Inflame+1"],"picked":"Replay:Undeath\u0027s Touch","floor":35.0},{"not_picked":["Pommel Strike","Iron Wave","True Grit"],"picked":"SKIP","floor":37.0},{"not_picked":["Run Through","Anger"],"picked":"Pummel","floor":39.0},{"not_picked":["Armaments+1","Havoc"],"picked":"ReplayTheSpireMod:Limb From Limb","floor":40.0},{"not_picked":["Run Through","Rage+1"],"picked":"ReplayReversal","floor":42.0},{"not_picked":["Offering","Body Slam"],"picked":"Limit Break","floor":44.0},{"not_picked":["Havoc","Wild Strike","Clash"],"picked":"SKIP","floor":45},{"not_picked":["Wild Strike","ReplayTheSpireMod:Strike From Hell"],"picked":"Shrug It Off","floor":47},{"not_picked":["Warcry","Sword Boomerang"],"picked":"Heavy Blade","floor":48},{"not_picked":["Iron Wave+1","Reckless Charge"],"picked":"Body Slam","floor":55}],"player_experience":1222315,"relics_obtained":[{"floor":2.0,"key":"Replay:Bottled Flurry"},{"floor":5.0,"key":"Sundial"},{"floor":6.0,"key":"Durian"},{"floor":8.0,"key":"StoneCalendar"},{"floor":9.0,"key":"FossilizedHelix"},{"floor":12.0,"key":"Replay:Towering Pillar of Hats"},{"floor":14.0,"key":"Gambling Chip"},{"floor":19.0,"key":"Ring of Hypnosis"},{"floor":19.0,"key":"Ring of Searing"},{"floor":25.0,"key":"Omamori"},{"floor":26.0,"key":"Thread and Needle"},{"floor":27.0,"key":"ReplayTheSpireMod:Spearhead"},{"floor":28.0,"key":"White Beast Statue"},{"floor":31.0,"key":"Replay:Baseball"},{"floor":40.0,"key":"TungstenRod"},{"floor":42.0,"key":"Old Coin"},{"floor":44.0,"key":"Chameleon Ring"},{"floor":48,"key":"Counterbalance"},{"floor":55,"key":"Lantern"}],"event_choices":[{"damage_healed":14.0,"max_hp_gain":0.0,"max_hp_loss":80.0,"gold_gain":0.0,"event_name":"betterThird:BetterShining","player_choice":"Embrace Burn","floor":7.0,"gold_loss":0.0,"damage_taken":0.0},{"damage_healed":0,"gold_gain":0,"player_choice":"Embrace Madness","damage_taken":14,"max_hp_gain":0,"max_hp_loss":0,"event_name":"Winding Halls","floor":46,"gold_loss":0,"cards_obtained":["Madness","Madness"]},{"damage_healed":0,"gold_gain":0,"player_choice":"Fight","damage_taken":0,"max_hp_gain":0,"max_hp_loss":0,"event_name":"MindBloom","floor":48,"gold_loss":0}],"is_beta":false,"boss_relics":[{"not_picked":["Ectoplasm","Tiny House"],"picked":"Replay:Grab Bag"},{"not_picked":["ReplayTheSpireMod:DimensionalGlitch","Runic Dome"],"picked":"ChewingGum"},{"not_picked":["Replay:Bronze Core","Sozu"],"picked":"Electric Blood"},{"not_picked":["Black Star","Ring of Chaos"],"picked":"Runic Cube"},{"not_picked":["Empty Cage","Calling Bell"],"picked":"SlaversCollar"},{"not_picked":["Mark of Pain","SacredBark"],"picked":"Replay:Ancient Bell"},{"not_picked":["Boot","MawBank"],"picked":"Replay:Rubber Ducky"},{"not_picked":["Toxic Egg 2","HornCleat"],"picked":"Paper Frog"},{"not_picked":["Another Sword","Ginger"],"picked":"Du-Vu Doll"}],"items_purged_floors":[0,0,0,0],"is_endless":false,"potions_floor_spawned":[3,8,16,25,31,33,35,37,39,40,42,44,45,47,48,55],"ascension_level":20}}