{"host":"o7l59cf60yr6wwyc","time":1609148396,"event":{"mods":["Act Like it!","BaseMod","Better Altar","Better Match","Better Note","Better Sensory Stone","Better Skull","Better Third Choice","BetterRewards","Block Reminder","Booster Modes","Colored Map","Colored Powertips","Conspire","Custom Start","Defuse TimeMaze Blight","Downfall","Filter the Spire","Highlight Path","Hubris","Infinite Spire","Kratos Character Expansion","Marisa????????","Minty Spire (QoL Compilation)","Pale of the Ancients","Quick Restart","RNG Fix","Random Character Button","Rare Cards Sparkle","Relic Sorter","Relic Stats","Replay The Spire","Spicy Shops","StSLib","SuperFastMode","Td1madao Mod","The Bug Knight","The Cursed","The Disciple","The Jungle","The Necromancer","The Servant 0.9.4","[IsaacMod]????"],"gold_per_floor":[242,242,255,274,239,273,25,99,144,144,144,180,26,26,26,134,134,186,222,222],"floor_reached":19,"playtime":1285,"items_purged":[],"score":175,"play_id":"b447858b-32ec-4029-85e4-ff296fd8bc16","local_time":"20201228103956","is_ascension_mode":false,"campfire_choices":[{"floor":10,"key":"REST"},{"floor":15,"key":"REST"}],"circlet_count":0,"master_deck":["KratosMod:Strike_K","KratosMod:Strike_K","KratosMod:Strike_K","KratosMod:Strike_K","KratosMod:Defend_K","KratosMod:Defend_K","KratosMod:Defend_K","KratosMod:Defend_K","KratosMod:cyclone","KratosMod:AthenaBane","KratosMod:Tempor","Guardian:EvasiveProtocol","Guardian:Clone","KratosMod:BladeWhip","KratosMod:ShieldBash","KratosMod:Endure","KratosMod:Revenge","KratosMod:clawsofhades"],"relics":["KratosMod:eagle","HushsDoor","KeepersGift","hubris:DisguiseKit","Replay:Baseball","infinitespire:Midas Blood","SalivaCoin","KratosMod:eagle","Oddly Smooth Stone","conspire:TreasureMap","conspire:RunicOctahedron"],"acts_visited":["Exordium","TheCity"],"potions_floor_usage":[8,12,12],"damage_taken":[{"damage":0,"enemies":"Small Slimes","floor":1,"turns":4},{"damage":11,"enemies":"2 Louse","floor":3,"turns":3},{"damage":4,"enemies":"Cultist","floor":4,"turns":4},{"damage":15,"enemies":"Replay:BlueRogue","floor":6,"turns":9},{"damage":28,"enemies":"3 Sentries","floor":8,"turns":7},{"damage":7,"enemies":"Lots of Slimes","floor":12,"turns":3},{"damage":12,"enemies":"Slime Boss","floor":16,"turns":8},{"damage":28,"enemies":"Shell Parasite","floor":18,"turns":8},{"damage":40,"enemies":"conspire:FuzzyDice","floor":19,"turns":5}],"seed_played":"-2377914144044539223","potions_obtained":[{"floor":3,"key":"Elixir"},{"floor":4,"key":"PowerPotion"},{"floor":8,"key":"Ancient Potion"},{"floor":16,"key":"hexamod:EctoCoolerPotion"},{"floor":18,"key":"Dexterity Potion"}],"is_trial":false,"path_per_floor":["M","?","M","M","?","E","$","E","T","R","?","M","$","?","R","B",null,"M","M"],"character_chosen":"KRATOS","items_purchased":["infinitespire:Midas Blood","SalivaCoin","conspire:TreasureMap","KratosMod:clawsofhades"],"campfire_rested":2,"item_purchase_floors":[7,7,13,17],"current_hp_per_floor":[60,60,49,45,60,45,45,17,17,35,35,28,28,28,45,33,55,27,0,0],"gold":222,"neow_bonus":"HUNDRED_GOLD","is_daily":false,"chose_seed":false,"campfire_upgraded":0,"win_rate":0.0,"timestamp":1609148396,"path_taken":["M","?","M","M","?","E","?","E","T","R","?","?","$","?","R","BOSS","M","M"],"items_purchased_type":["Relic","Relic","Relic","Card"],"build_version":"2020-12-22","purchased_purges":0,"victory":false,"max_hp_per_floor":[60,60,60,60,60,60,60,60,60,60,60,60,60,57,57,57,55,55,55,55],"relic_stats":{"counters":[9,51],"obtain_stats":[{"KeepersGift":0,"hubris:DisguiseKit":2,"Replay:Baseball":6,"conspire:TreasureMap":13,"Oddly Smooth Stone":9,"conspire:RunicOctahedron":17,"Diplopia":8,"KratosMod:eagle":0,"SalivaCoin":7,"HushsDoor":0,"infinitespire:Midas Blood":7},{"KeepersGift":0,"hubris:DisguiseKit":1,"Replay:Baseball":4,"conspire:TreasureMap":6,"Oddly Smooth Stone":5,"conspire:RunicOctahedron":7,"Diplopia":5,"KratosMod:eagle":0,"SalivaCoin":4,"HushsDoor":0,"infinitespire:Midas Blood":4},{"KeepersGift":0,"hubris:DisguiseKit":4,"Replay:Baseball":20,"conspire:TreasureMap":30,"Oddly Smooth Stone":27,"conspire:RunicOctahedron":38,"Diplopia":27,"KratosMod:eagle":0,"SalivaCoin":20,"HushsDoor":0,"infinitespire:Midas Blood":20}]},"card_choices":[{"not_picked":["Bomb","KratosMod:SmashStone"],"picked":"KratosMod:Tempor","floor":1},{"not_picked":["KratosMod:Endure","KratosMod:BladeWhip","KratosMod:ShieldBash"],"picked":"Guardian:EvasiveProtocol","floor":3},{"not_picked":["KratosMod:Endure","KratosMod:SmashStone","KratosMod:Tempor"],"picked":"Guardian:Clone","floor":4},{"not_picked":["KratosMod:Roll","Bomb","Guardian:RefractedBeam"],"picked":"KratosMod:BladeWhip","floor":6},{"not_picked":["KratosMod:Endure","KratosMod:SmashStone","Guardian:WalkerClaw"],"picked":"KratosMod:ShieldBash","floor":8},{"not_picked":["KratosMod:Tempor","Bomb","Guardian:PiercingHide"],"picked":"KratosMod:Endure","floor":12},{"not_picked":["KratosMod:kBerserk","KratosMod:tartarusrage","Guardian:StasisField"],"picked":"KratosMod:Revenge","floor":16},{"not_picked":["KratosMod:ShieldBash","KratosMod:Endure","KratosMod:Roll+1","Guardian:BronzeArmor"],"picked":"SKIP","floor":18}],"player_experience":290767,"relics_obtained":[{"floor":6,"key":"Replay:Baseball"},{"floor":8,"key":"Diplopia"},{"floor":9,"key":"Oddly Smooth Stone"}],"event_choices":[{"damage_healed":15,"gold_gain":0,"player_choice":"Healed","damage_taken":0,"max_hp_gain":0,"max_hp_loss":0,"event_name":"The Cleric","floor":5,"gold_loss":35},{"cards_removed":["Parasite","Injury","KratosMod:AthenaBane"],"damage_healed":0,"gold_gain":0,"player_choice":"Removed Curses","damage_taken":0,"max_hp_gain":0,"max_hp_loss":0,"event_name":"Fountain of Cleansing","floor":14,"gold_loss":0}],"is_beta":false,"boss_relics":[{"not_picked":["Replay:Fungal Core","infinitespire:Cupcake"],"picked":"conspire:RunicOctahedron"},{"not_picked":[]}],"items_purged_floors":[],"is_endless":false,"potions_floor_spawned":[3,4,8,16,18],"killed_by":"conspire:FuzzyDice","ascension_level":0}}