{"host":"bydnmyvf669xu6ab","time":1609195803,"event":{"mods":["Aspiration","BaseMod","Better Note","BetterRewards","Colored Map","Colored Powertips","Minty Spire (QoL Compilation)","Rare Cards Sparkle","Relic Stats","Shop Mod","StSLib","SuperFastMode","Virulent Crown"],"gold_per_floor":[110,110,125,139,214,239,75,75,100,120,120,135,135,148,148,244,244,256,256,268,79,154,154,168,185,185,205,123,143,143,160,160,160,160],"floor_reached":33,"playtime":1737,"items_purged":[],"score":369,"play_id":"f5123232-424f-45eb-9d1a-d27f2830f1a2","local_time":"20201228145003","is_ascension_mode":true,"campfire_choices":[{"floor":8,"key":"REST"},{"data":"Armaments","floor":11,"key":"SMITH"},{"data":"Bandage Up","floor":13,"key":"SMITH"},{"data":"Limit Break","floor":15,"key":"SMITH"},{"data":"Barricade","floor":23,"key":"SMITH"},{"floor":32,"key":"REST"}],"circlet_count":0,"master_deck":["Strike_R","Strike_R","Strike_R","Strike_R","Strike_R","Defend_R","Defend_R","Defend_R","Defend_R","Bash","Bandage Up+1","Shrug It Off","Iron Wave","Twin Strike","Heavy Blade","Whirlwind","Rampage","Limit Break+1","Armaments+1","Perfected Strike","Barricade+1","Seeing Red","Entrench","Iron Wave","Spot Weakness","Flex"],"relics":["Magic Flower","aspiration:AnachronicSnailShell","Potion Belt","Busted Crown","Anchor","MutagenicStrength"],"acts_visited":["Exordium","TheCity"],"potions_floor_usage":[6,14,16,16,31,33,33,33],"damage_taken":[{"damage":0,"enemies":"Small Slimes","floor":1,"turns":3},{"damage":6,"enemies":"Jaw Worm","floor":3,"turns":3},{"damage":6,"enemies":"Cultist","floor":4,"turns":3},{"damage":62,"enemies":"Lagavulin","floor":6,"turns":9},{"damage":0,"enemies":"3 Louse","floor":10,"turns":1},{"damage":15,"enemies":"Blue Slaver","floor":12,"turns":4},{"damage":5,"enemies":"Looter","floor":14,"turns":2},{"damage":25,"enemies":"Hexaghost","floor":16,"turns":12},{"damage":17,"enemies":"Shell Parasite","floor":18,"turns":8},{"damage":6,"enemies":"Chosen","floor":20,"turns":7},{"damage":8,"enemies":"Snecko","floor":24,"turns":5},{"damage":26,"enemies":"Sentry and Sphere","floor":25,"turns":7},{"damage":12,"enemies":"Shelled Parasite and Fungi","floor":27,"turns":9},{"damage":25,"enemies":"Chosen and Byrds","floor":29,"turns":6},{"damage":30,"enemies":"Centurion and Healer","floor":31,"turns":6},{"damage":52,"enemies":"Automaton","floor":33,"turns":7}],"seed_played":"1929898878386535071","potions_obtained":[{"floor":3,"key":"Regen Potion"},{"floor":4,"key":"Dexterity Potion"},{"floor":10,"key":"ColorlessPotion"},{"floor":12,"key":"Fire Potion"},{"floor":16,"key":"EssenceOfSteel"},{"floor":18,"key":"Fire Potion"},{"floor":25,"key":"Dexterity Potion"},{"floor":29,"key":"Energy Potion"}],"is_trial":false,"path_per_floor":["M","$","M","M","?","E","$","R","T","M","R","M","R","M","R","B",null,"M","?","M","$","?","R","M","M","T","M","$","M","?","M","R","B"],"character_chosen":"IRONCLAD","items_purchased":["Magic Flower","Bandage Up","Shrug It Off","Limit Break","Entrench","Anchor","Spot Weakness"],"campfire_rested":2,"item_purchase_floors":[0,0,0,7,21,21,28],"current_hp_per_floor":[65,65,65,65,54,17,17,41,41,47,47,38,38,42,42,26,80,72,72,75,75,67,67,68,51,51,48,48,32,32,11,35,0,0],"gold":160,"neow_bonus":"","is_daily":false,"chose_seed":false,"campfire_upgraded":4,"win_rate":0.0,"timestamp":1609195803,"path_taken":["M","$","M","M","?","E","$","R","T","M","R","M","R","M","R","BOSS","M","?","M","$","?","R","M","?","T","M","$","M","?","M","R","BOSS"],"items_purchased_type":["Relic","Card","Card","Card","Card","Relic","Card"],"build_version":"2020-12-22","purchased_purges":0,"victory":false,"max_hp_per_floor":[80,80,80,80,80,80,80,80,80,80,80,80,80,80,80,80,80,80,80,80,80,80,80,80,80,80,80,80,80,80,80,80,80,80],"relic_stats":{"Busted Crown":14,"counters":[1089,5528],"Magic Flower":[49],"obtain_stats":[{"Ice Cream":49,"Calipers":10,"Tiny House":34,"Gremlin Horn":29,"Whetstone":19,"Ginger":24,"Boot":9,"Old Coin":43,"Blood Vial":4,"HornCleat":10,"DollysMirror":0,"Strawberry":10,"MealTicket":19,"Philosopher\u0027s Stone":17,"Fusion Hammer":17,"Kunai":31,"Toxic Egg 2":19,"aspiration:DSix":10,"Pear":7,"Happy Flower":22,"Blue Candle":44,"Oddly Smooth Stone":10,"Eternal Feather":44,"Pen Nib":9,"Charon\u0027s Ashes":37,"aspiration:SeaSaltIceCream":25,"Letter Opener":40,"War Paint":26,"aspiration:HiddenCompartment":9,"Question Card":19,"SlaversCollar":17,"Shuriken":30,"Bird Faced Urn":22,"Bronze Scales":28,"MutagenicStrength":30,"Mark of Pain":34,"Black Star":17,"Nloth\u0027s Gift":20,"aspiration:HatOfInfinitePower":12,"Unceasing Top":5,"Meat on the Bone":24,"Regal Pillow":0,"Lantern":24,"Singing Bowl":26,"Enchiridion":19,"Black Blood":17,"Magic Flower":0,"Mango":45,"Bag of Preparation":38,"Incense Burner":38,"Juzu Bracelet":40,"Cursed Key":17,"Ancient Tea Set":26,"Burning Blood":0,"ClockworkSouvenir":19,"Nunchaku":0,"Dream Catcher":9,"Shovel":38,"Mummified Hand":31,"aspiration:AnachronicSnailShell":12,"Pantograph":26,"Toolbox":0,"WingedGreaves":36,"Red Skull":0,"InkBottle":11,"Paper Frog":45,"Potion Belt":38,"Self Forming Clay":26,"The Courier":12,"PreservedInsect":0,"aspiration:HummingbirdHeart":9,"Omamori":0,"aspiration:SecretTechniqueScroll":17,"MawBank":8,"Strange Spoon":0,"Anchor":0,"Busted Crown":17,"Orrery":0,"Turnip":38,"Champion Belt":24,"Membership Card":38,"Bottled Lightning":14,"aspiration:RitualDagger":17,"TungstenRod":42,"FossilizedHelix":10},{"Ice Cream":978,"Calipers":937,"Tiny House":1020,"Gremlin Horn":968,"Whetstone":964,"Ginger":1051,"Boot":983,"Old Coin":975,"Blood Vial":1032,"HornCleat":983,"DollysMirror":979,"Strawberry":983,"MealTicket":1003,"Philosopher\u0027s Stone":1013,"Fusion Hammer":1049,"Kunai":970,"Toxic Egg 2":942,"aspiration:DSix":1067,"Pear":983,"Happy Flower":1051,"Blue Candle":976,"Oddly Smooth Stone":1010,"Eternal Feather":976,"Pen Nib":936,"Charon\u0027s Ashes":1056,"aspiration:SeaSaltIceCream":1017,"Letter Opener":1058,"War Paint":1070,"aspiration:HiddenCompartment":1009,"Question Card":1014,"SlaversCollar":985,"Shuriken":1019,"Bird Faced Urn":951,"Bronze Scales":1017,"MutagenicStrength":1087,"Mark of Pain":971,"Black Star":963,"Nloth\u0027s Gift":986,"aspiration:HatOfInfinitePower":1011,"Unceasing Top":945,"Meat on the Bone":966,"Regal Pillow":956,"Lantern":1051,"Singing Bowl":1017,"Enchiridion":951,"Black Blood":1002,"Magic Flower":1073,"Mango":1060,"Bag of Preparation":973,"Incense Burner":973,"Juzu Bracelet":974,"Cursed Key":941,"Ancient Tea Set":953,"Burning Blood":0,"ClockworkSouvenir":964,"Nunchaku":979,"Dream Catcher":1033,"Shovel":973,"Mummified Hand":970,"aspiration:AnachronicSnailShell":949,"Pantograph":1051,"Toolbox":943,"WingedGreaves":1022,"Red Skull":1029,"InkBottle":1067,"Paper Frog":976,"Potion Belt":1022,"Self Forming Clay":966,"The Courier":961,"PreservedInsect":1043,"aspiration:HummingbirdHeart":960,"Omamori":979,"aspiration:SecretTechniqueScroll":950,"MawBank":960,"Strange Spoon":956,"Anchor":992,"Busted Crown":1081,"Orrery":1007,"Turnip":973,"Champion Belt":952,"Membership Card":973,"Bottled Lightning":1048,"aspiration:RitualDagger":1068,"TungstenRod":975,"FossilizedHelix":999},{"Ice Cream":4914,"Calipers":4722,"Tiny House":5142,"Gremlin Horn":4863,"Whetstone":4842,"Ginger":5310,"Boot":4940,"Old Coin":4895,"Blood Vial":5197,"HornCleat":4940,"DollysMirror":4922,"Strawberry":4940,"MealTicket":5053,"Philosopher\u0027s Stone":5111,"Fusion Hammer":5300,"Kunai":4872,"Toxic Egg 2":4738,"aspiration:DSix":5389,"Pear":4940,"Happy Flower":5310,"Blue Candle":4903,"Oddly Smooth Stone":5090,"Eternal Feather":4903,"Pen Nib":4716,"Charon\u0027s Ashes":5339,"aspiration:SeaSaltIceCream":5129,"Letter Opener":5349,"War Paint":5411,"aspiration:HiddenCompartment":5083,"Question Card":5113,"SlaversCollar":4957,"Shuriken":5135,"Bird Faced Urn":4777,"Bronze Scales":5129,"MutagenicStrength":5515,"Mark of Pain":4879,"Black Star":4835,"Nloth\u0027s Gift":4962,"aspiration:HatOfInfinitePower":5094,"Unceasing Top":4749,"Meat on the Bone":4851,"Regal Pillow":4807,"Lantern":5310,"Singing Bowl":5129,"Enchiridion":4777,"Black Blood":5048,"Magic Flower":5436,"Mango":5360,"Bag of Preparation":4886,"Incense Burner":4886,"Juzu Bracelet":4891,"Cursed Key":4734,"Ancient Tea Set":4790,"Burning Blood":0,"ClockworkSouvenir":4842,"Nunchaku":4922,"Dream Catcher":5203,"Shovel":4886,"Mummified Hand":4872,"aspiration:AnachronicSnailShell":4761,"Pantograph":5310,"Toolbox":4741,"WingedGreaves":5152,"Red Skull":5186,"InkBottle":5389,"Paper Frog":4903,"Potion Belt":5152,"Self Forming Clay":4851,"The Courier":4824,"PreservedInsect":5276,"aspiration:HummingbirdHeart":4819,"Omamori":4922,"aspiration:SecretTechniqueScroll":4773,"MawBank":4819,"Strange Spoon":4807,"Anchor":5001,"Busted Crown":5473,"Orrery":5076,"Turnip":4886,"Champion Belt":4786,"Membership Card":4886,"Bottled Lightning":5292,"aspiration:RitualDagger":5400,"TungstenRod":4895,"FossilizedHelix":5030}]},"card_choices":[{"not_picked":["Clothesline","Clash"],"picked":"Twin Strike","floor":1},{"not_picked":["Sword Boomerang","Carnage"],"picked":"Heavy Blade","floor":3},{"not_picked":["Cleave","Fire Breathing"],"picked":"Whirlwind","floor":4},{"not_picked":["Bloodletting","Wild Strike"],"picked":"Rampage","floor":6},{"not_picked":["Flame Barrier","Shrug It Off"],"picked":"Armaments","floor":10},{"not_picked":["Corruption","Second Wind","Dark Embrace"],"picked":"SKIP","floor":12},{"not_picked":["Whirlwind","Searing Blow"],"picked":"Perfected Strike","floor":14},{"not_picked":["Reaper","Demon Form"],"picked":"Barricade","floor":16},{"not_picked":["Carnage"],"picked":"SKIP","floor":18},{"not_picked":[],"picked":"Seeing Red","floor":20},{"not_picked":["Dropkick"],"picked":"SKIP","floor":24},{"not_picked":["Armaments"],"picked":"SKIP","floor":25},{"not_picked":[],"picked":"Iron Wave","floor":27},{"not_picked":[],"picked":"Flex","floor":29},{"not_picked":["Warcry+1"],"picked":"SKIP","floor":31}],"player_experience":2070209,"relics_obtained":[{"floor":6,"key":"aspiration:AnachronicSnailShell"},{"floor":9,"key":"Potion Belt"}],"event_choices":[{"damage_healed":0,"gold_gain":75,"player_choice":"Gather Gold","damage_taken":11,"max_hp_gain":0,"max_hp_loss":0,"event_name":"World of Goop","floor":5,"gold_loss":0},{"cards_removed":["Barricade"],"damage_healed":0,"gold_gain":0,"player_choice":"Give","damage_taken":0,"max_hp_gain":0,"max_hp_loss":0,"event_name":"betterNote:BetterNote","floor":19,"gold_loss":0,"cards_obtained":["Armaments"]},{"damage_healed":0,"gold_gain":75,"player_choice":"Touch","damage_taken":8,"max_hp_gain":0,"max_hp_loss":0,"event_name":"FaceTrader","floor":22,"gold_loss":0},{"damage_healed":0,"gold_gain":0,"player_choice":"Inject Mutagens","damage_taken":0,"relics_obtained":["MutagenicStrength"],"max_hp_gain":0,"max_hp_loss":0,"event_name":"Drug Dealer","floor":30,"gold_loss":0}],"is_beta":false,"boss_relics":[{"not_picked":["aspiration:SilentSkillbook","Black Star"],"picked":"Busted Crown"}],"items_purged_floors":[],"is_endless":false,"potions_floor_spawned":[3,4,10,12,16,18,25,29],"killed_by":"Automaton","ascension_level":1}}