{"host":"grli52lbdph2722t","time":1609189346,"event":{"mods":["AchievementEnabler","BaseMod","Downfall","Minty Spire (QoL Compilation)","Quick Restart","StSLib"],"gold_per_floor":[99,118,129,146,165,200,200,212,212,212,212,53,73,107,122,219,219,219,231,251,261,274,274,274,308,320,340,373,298,314,314,329,428,428,428,444,494,511,511,539,539,62,89,89,142,156,168,202,221,221],"floor_reached":51,"playtime":2960,"items_purged":["champ:Strike","champ:Strike"],"score":1452,"play_id":"2ef74028-4cca-4033-8f10-1c4ee5280765","local_time":"20201228220226","is_ascension_mode":true,"campfire_choices":[{"data":"champ:Execute","floor":1,"key":"SMITH"},{"data":"champ:Haymaker","floor":9,"key":"SMITH"},{"data":"champ:GladiatorStyle","floor":11,"key":"SMITH"},{"data":"champ:PerfectForm","floor":18,"key":"SMITH"},{"data":"champ:PerfectForm","floor":29,"key":"SMITH"},{"floor":35,"key":"RECALL"}],"circlet_count":0,"master_deck":["AscendersBane","champ:Strike","champ:Defend","champ:Defend","champ:Defend","champ:Defend","champ:Execute+1","champ:Taunt","champ:PerfectedStrike","champ:BringItOn","champ:GladiatorStyle+1","champ:Haymaker+1","champ:CrownThrow","champ:LastStand","champ:PerfectForm+1","champ:GladiatorStyle","champ:CalledShot","champ:PerfectForm+1","champ:PerfectForm","champ:TornadoPunch","champ:BladeFlurry","Necronomicurse","champ:EndlessRage","champ:Lariat","champ:Haymaker","champ:TornadoPunch+1","champ:EndlessRage","champ:DeathBlow","champ:IgnorePain","champ:EnchantCrown","champ:EndlessRage","champ:GladiatorStyle","expansioncontent:LastStand","expansioncontent:BronzeBeam","expansioncontent:PrepareCrush","champ:Backstep","champ:HeavySlash","champ:ShieldWall+1"],"relics":["Snecko Eye","Orichalcum","sneckomod:SuperSneckoEye","champ:DuelingGlove","Runic Dome","Strange Spoon","Necronomicon","Matryoshka","Question Card","Kunai","downfall:HeartBlessingGreen","Black Star","champ:GladiatorsBookOfMartialProwess","Ornamental Fan","Letter Opener","Bottled Lightning","Mummified Hand","Toolbox","Nunchaku","Calipers","Peace Pipe","champ:SpectersHand","StrikeDummy"],"acts_visited":["Exordium","TheCity","TheBeyond"],"potions_floor_usage":[12,50,50],"damage_taken":[{"damage":5,"enemies":"2 Louse","floor":2,"turns":2},{"damage":11,"enemies":"Cultist","floor":3,"turns":3},{"damage":5,"enemies":"Small Slimes","floor":4,"turns":2},{"damage":0,"enemies":"Exordium Wildlife","floor":5,"turns":4},{"damage":15,"enemies":"Lagavulin","floor":6,"turns":6},{"damage":0,"enemies":"3 Louse","floor":8,"turns":2},{"damage":0,"enemies":"downfall:FleeingMerchant","floor":12,"turns":4},{"damage":8,"enemies":"Large Slime","floor":13,"turns":2},{"damage":5,"enemies":"Gremlin Nob","floor":14,"turns":3},{"damage":5,"enemies":"2 Fungi Beasts","floor":15,"turns":2},{"damage":20,"enemies":"downfall:Ironclad","floor":16,"turns":4},{"damage":3,"enemies":"3 Byrds","floor":19,"turns":4},{"damage":5,"enemies":"downfall:FleeingMerchant","floor":20,"turns":4},{"damage":5,"enemies":"Snake Plant","floor":21,"turns":2},{"damage":8,"enemies":"Shelled Parasite and Fungi","floor":22,"turns":3},{"damage":22,"enemies":"Gremlin Leader","floor":25,"turns":4},{"damage":1,"enemies":"Centurion and Healer","floor":26,"turns":4},{"damage":16,"enemies":"Sentry and Sphere","floor":27,"turns":3},{"damage":16,"enemies":"Slavers","floor":28,"turns":4},{"damage":20,"enemies":"Cultist and Chosen","floor":30,"turns":2},{"damage":27,"enemies":"Shelled Parasite and Fungi","floor":32,"turns":3},{"damage":39,"enemies":"downfall:Watcher","floor":33,"turns":5},{"damage":22,"enemies":"3 Darklings","floor":36,"turns":3},{"damage":63,"enemies":"Mind Bloom Boss Battle","floor":37,"turns":5},{"damage":31,"enemies":"Orb Walker","floor":38,"turns":3},{"damage":47,"enemies":"Reptomancer","floor":40,"turns":3},{"damage":37,"enemies":"Giant Head","floor":43,"turns":3},{"damage":20,"enemies":"2 Orb Walkers","floor":45,"turns":2},{"damage":39,"enemies":"Jaw Worm Horde","floor":46,"turns":3},{"damage":40,"enemies":"4 Shapes","floor":47,"turns":7},{"damage":64,"enemies":"Reptomancer","floor":48,"turns":5},{"damage":12,"enemies":"3 Darklings","floor":49,"turns":2},{"damage":38,"enemies":"downfall:Silent","floor":50,"turns":3}],"seed_played":"1915610616184478830","potions_obtained":[{"floor":3,"key":"champ:CounterPotion"},{"floor":4,"key":"sneckomod:MuddlingPotion"},{"floor":13,"key":"Strength Potion"},{"floor":16,"key":"Swift Potion"},{"floor":21,"key":"DuplicationPotion"},{"floor":25,"key":"CultistPotion"}],"is_trial":false,"path_per_floor":["R","M","M","M","M","E","T","M","R","?","R","$","M","E","M","B",null,"R","M","$","M","M","?","T","E","M","M","E","R","M","?","M","B",null,"R","M","?","M","?","E","T","?","E","?","?","M","M","E","M","B",null],"character_chosen":"THE_CHAMP","items_purchased":["champ:PerfectForm","champ:TornadoPunch","Strange Spoon","Mummified Hand","champ:EndlessRage","Toolbox"],"campfire_rested":0,"item_purchase_floors":[12,20,20,42,42,42],"current_hp_per_floor":[81,81,75,75,75,60,60,60,60,60,60,60,52,52,52,37,77,77,77,72,72,72,56,56,52,51,41,34,34,28,28,28,28,75,75,75,82,82,82,82,82,82,82,72,71,74,82,67,77,51],"gold":221,"neow_bonus":"BOSS_RELIC","is_daily":false,"chose_seed":false,"campfire_upgraded":5,"win_rate":0.0,"timestamp":1609189346,"path_taken":["R","M","M","M","M","E","T","M","R","?","R","$","M","E","M","BOSS","R","M","$","M","?","?","T","E","M","M","E","R","M","?","M","BOSS","R","M","?","M","?","E","T","?","E","?","?","?","M","E","M","BOSS"],"items_purchased_type":["Card","Card","Relic","Relic","Card","Relic"],"build_version":"2020-12-22","purchased_purges":2,"victory":true,"max_hp_per_floor":[90,90,90,90,90,90,90,90,90,90,90,90,90,90,90,90,90,90,90,90,90,90,90,90,90,90,90,90,90,90,90,90,90,90,90,90,90,90,90,90,90,90,90,90,90,90,95,95,95,95],"card_choices":[{"not_picked":["champ:BladeFlurry","champ:RisingSlash"],"picked":"champ:PerfectedStrike","floor":2},{"not_picked":["champ:BerserkersShout","champ:CrookedStrike"],"picked":"champ:BringItOn","floor":3},{"not_picked":["champ:BerserkersShout","champ:Balance"],"picked":"champ:GladiatorStyle","floor":4},{"not_picked":["champ:RageSigil","champ:Lariat"],"picked":"champ:Haymaker","floor":5},{"not_picked":["champ:Backstep","champ:PreciseThrust","champ:FlashCut"],"picked":"SKIP","floor":6},{"not_picked":["champ:Backstep","champ:FocusedDefense"],"picked":"champ:FightOn","floor":8},{"not_picked":["champ:GutPunch","champ:StanceDance"],"picked":"champ:LastStand","floor":12},{"not_picked":["champ:Shatter","champ:ShieldSigil","champ:HeartStrike"],"picked":"SKIP","floor":13},{"not_picked":["champ:EndlessRage","champ:FocusedBerserking"],"picked":"champ:GladiatorStyle","floor":14},{"not_picked":["champ:PerfectedStrike","champ:FocusedDefense"],"picked":"champ:CalledShot","floor":15},{"not_picked":["champ:StrikeOfGenius","champ:ShieldSlam"],"picked":"champ:PerfectForm","floor":16},{"not_picked":["champ:BringItOn+1","champ:BerserkerStyle","champ:ShieldSigil"],"picked":"SKIP","floor":19},{"not_picked":["champ:BringItOn+1","champ:ShieldSigil+1"],"picked":"champ:PerfectForm","floor":20},{"not_picked":["champ:DefensiveStyle","champ:SkillfulDodge","champ:RageSigil+1"],"picked":"SKIP","floor":21},{"not_picked":["champ:PreciseThrust","champ:BringItOn"],"picked":"champ:BladeFlurry","floor":22},{"not_picked":["champ:Backstep","champ:BringItOn"],"picked":"champ:EndlessRage","floor":25},{"not_picked":["champ:Balance","champ:PerfectedStrike","champ:FanOfKnives"],"picked":"champ:Lariat","floor":26},{"not_picked":["champ:SkillfulDodge+1","champ:CrookedStrike+1","champ:StanceDance"],"picked":"champ:Haymaker","floor":27},{"not_picked":["champ:FanOfKnives","champ:PerfectedStrike","champ:CrownThrow"],"picked":"champ:TornadoPunch+1","floor":28},{"not_picked":["champ:CrookedStrike","champ:RageSigil","champ:GutPunch"],"picked":"champ:EndlessRage","floor":30},{"not_picked":["champ:PerfectedStrike","champ:EnGarde+1","champ:Balance"],"picked":"champ:DeathBlow","floor":32},{"not_picked":["champ:Devastate","champ:EnchantSword","champ:ShieldThrow"],"picked":"champ:IgnorePain","floor":33},{"not_picked":["champ:ViciousMockery+1","champ:FanOfKnives+1","champ:GutPunch+1","champ:Shatter+1"],"picked":"SKIP","floor":36},{"not_picked":["champ:DancingMaster","champ:Backstep+1","champ:AdrenalArmor+1","champ:FanOfKnives"],"picked":"SKIP","floor":38},{"not_picked":["champ:FanOfKnives+1","champ:Aggression+1","champ:TornadoPunch"],"picked":"champ:EnchantCrown","floor":40},{"not_picked":["champ:Control","champ:FocusedDefense+1","champ:BerserkersShout+1"],"picked":"champ:GladiatorStyle","floor":43},{"not_picked":["expansioncontent:HyperBeam","expansioncontent:AwakenDeath","expansioncontent:GoopSpray"],"picked":"expansioncontent:LastStand","floor":44},{"not_picked":["expansioncontent:LastStand","expansioncontent:Flail","expansioncontent:SlimeTackle"],"picked":"expansioncontent:BronzeBeam","floor":44},{"not_picked":["expansioncontent:BronzeBeam","expansioncontent:DonusPower","expansioncontent:HyperBeam"],"picked":"expansioncontent:PrepareCrush","floor":44},{"not_picked":["champ:FanOfKnives","champ:RapidStrikes+1","champ:Haymaker+1"],"picked":"champ:Backstep","floor":46},{"not_picked":["champ:AdrenalArmor+1","champ:BringItOn","champ:FaceSlap"],"picked":"champ:HeavySlash","floor":47},{"not_picked":["champ:DefensiveShout","champ:FlashCut","champ:Duel"],"picked":"champ:ShieldWall+1","floor":48},{"not_picked":["champ:AdrenalArmor+1","champ:BladeFlurry","champ:FocusedBerserking+1","champ:SkillfulDodge"],"picked":"SKIP","floor":49}],"player_experience":4897303,"relics_obtained":[{"floor":6,"key":"Orichalcum"},{"floor":7,"key":"sneckomod:SuperSneckoEye"},{"floor":14,"key":"champ:DuelingGlove"},{"floor":23,"key":"Necronomicon"},{"floor":24,"key":"Matryoshka"},{"floor":25,"key":"Question Card"},{"floor":28,"key":"Kunai"},{"floor":37,"key":"champ:GladiatorsBookOfMartialProwess"},{"floor":40,"key":"Ornamental Fan"},{"floor":40,"key":"Letter Opener"},{"floor":41,"key":"Bottled Lightning"},{"floor":43,"key":"Nunchaku"},{"floor":43,"key":"Calipers"},{"floor":45,"key":"Peace Pipe"},{"floor":48,"key":"champ:SpectersHand"},{"floor":48,"key":"StrikeDummy"}],"event_choices":[{"damage_healed":0,"gold_gain":0,"cards_transformed":["champ:Strike"],"player_choice":"Transformed","damage_taken":0,"max_hp_gain":0,"max_hp_loss":0,"event_name":"Transmorgrifier","floor":10,"gold_loss":0,"cards_obtained":["champ:CrownThrow"]},{"damage_healed":0,"gold_gain":0,"player_choice":"Fight","damage_taken":0,"max_hp_gain":0,"max_hp_loss":0,"event_name":"Mysterious Sphere","floor":45,"gold_loss":0}],"is_beta":false,"boss_relics":[{"not_picked":["Runic Pyramid","Tiny House"],"picked":"Runic Dome"},{"not_picked":["champ:PowerArmor","Fusion Hammer"],"picked":"Black Star"}],"items_purged_floors":[12,20],"is_endless":false,"potions_floor_spawned":[3,4,13,16,21,25,27,28,32,37,43,46,48,49],"ascension_level":10}}