{"host":"tzyzz5n7hg2ni9q2","time":1609143944,"event":{"mods":["BaseMod","Minty Spire (QoL Compilation)","Quick Restart"],"gold_per_floor":[215,234,244,264,284,324,324,341,341,358,378,406,406,432,432,432,432],"floor_reached":16,"playtime":656,"items_purged":[],"score":143,"play_id":"267e9b2c-a046-4033-b1af-c02af5ef0447","local_time":"20201228092544","is_ascension_mode":false,"campfire_choices":[{"floor":7.0,"key":"REST"},{"floor":15,"key":"REST"}],"circlet_count":0,"master_deck":["Strike_R","Strike_R","Strike_R","Strike_R+1","Strike_R","Defend_R","Defend_R+1","Defend_R","Defend_R","Bash","True Grit","Dropkick","Disarm","Shrug It Off","Disarm","Juggernaut"],"relics":["Burning Blood","CeramicFish","Toxic Egg 2","Pear"],"acts_visited":["Exordium"],"potions_floor_usage":[11,14,16],"damage_taken":[{"damage":6.0,"enemies":"Cultist","floor":1.0,"turns":3.0},{"damage":0.0,"enemies":"Small Slimes","floor":2.0,"turns":3.0},{"damage":7.0,"enemies":"Jaw Worm","floor":3.0,"turns":5.0},{"damage":10.0,"enemies":"2 Fungi Beasts","floor":4.0,"turns":4.0},{"damage":25.0,"enemies":"Exordium Wildlife","floor":5.0,"turns":4.0},{"damage":39.0,"enemies":"Gremlin Nob","floor":6.0,"turns":6.0},{"damage":12.0,"enemies":"Looter","floor":8.0,"turns":3.0},{"damage":11,"enemies":"Gremlin Gang","floor":10,"turns":11},{"damage":7,"enemies":"Blue Slaver","floor":11,"turns":5},{"damage":23,"enemies":"Large Slime","floor":12,"turns":10},{"damage":18,"enemies":"Lagavulin","floor":14,"turns":9},{"damage":68,"enemies":"Slime Boss","floor":16,"turns":11}],"seed_played":"7489313719706024245","potions_obtained":[{"floor":1.0,"key":"BloodPotion"},{"floor":4.0,"key":"Weak Potion"},{"floor":5.0,"key":"BloodPotion"},{"floor":6.0,"key":"Fruit Juice"},{"floor":10,"key":"ColorlessPotion"}],"is_trial":false,"path_per_floor":["M","M","M","M","M","E","R","M","T","M","M","M","?","E","R","B"],"character_chosen":"IRONCLAD","items_purchased":[],"campfire_rested":2,"item_purchase_floors":[],"current_hp_per_floor":[80,80,79,75,56,28,53,47,47,42,58,41,24,22,50,1,1],"gold":432,"neow_bonus":"HUNDRED_GOLD","is_daily":false,"chose_seed":false,"campfire_upgraded":0,"win_rate":0.0,"timestamp":1609143944,"path_taken":["M","M","?","M","M","E","R","M","T","M","M","M","?","E","R","BOSS"],"items_purchased_type":[],"build_version":"2020-12-22","purchased_purges":0,"victory":false,"max_hp_per_floor":[80,80,80,80,80,85,85,85,85,85,85,85,85,95,95,95,95],"card_choices":[{"not_picked":["Infernal Blade","Armaments"],"picked":"True Grit","floor":1.0},{"not_picked":["Clash","Shockwave","True Grit"],"picked":"SKIP","floor":2.0},{"not_picked":["Blood for Blood","Havoc"],"picked":"Dropkick","floor":3.0},{"not_picked":["Intimidate","Armaments"],"picked":"Disarm","floor":4.0},{"not_picked":["Headbutt","Pommel Strike"],"picked":"Shrug It Off","floor":5.0},{"not_picked":["Second Wind","Thunderclap"],"picked":"Disarm","floor":6.0},{"not_picked":["Sever Soul","Havoc","Armaments"],"picked":"SKIP","floor":8.0},{"not_picked":["Clothesline","Pommel Strike","Anger"],"picked":"SKIP","floor":10},{"not_picked":["Armaments+1","Clash","Iron Wave"],"picked":"SKIP","floor":11},{"not_picked":["Sever Soul","Sword Boomerang"],"picked":"Juggernaut","floor":12},{"not_picked":["Rupture","Second Wind+1","Body Slam"],"picked":"SKIP","floor":14}],"player_experience":204934,"relics_obtained":[{"floor":6.0,"key":"CeramicFish"},{"floor":9.0,"key":"Toxic Egg 2"},{"floor":14,"key":"Pear"}],"event_choices":[{"damage_healed":0,"gold_gain":0,"player_choice":"Entered Light","damage_taken":17,"max_hp_gain":0,"max_hp_loss":0,"event_name":"Shining Light","floor":13,"gold_loss":0,"cards_upgraded":["Strike_R","Defend_R"]}],"is_beta":false,"boss_relics":[],"items_purged_floors":[],"is_endless":false,"potions_floor_spawned":[1,4,5,6,10],"killed_by":"Slime Boss","ascension_level":0}}