{"host":"szp1d6dso4pv7ddl","time":1609137753,"event":{"mods":["AchievementEnabler","Alarm Clock","BaseMod","Bestiary","Block Reminder","Colored Map","Colored Powertips","Curses Come First","Displayed Cursed Tome","Highlight Path","Minty Spire (QoL Compilation)","Permanent Neow","Quick Restart","Relic Sorter","Relic Stats","StSLib","Synergy Search"],"gold_per_floor":[115,128,128,303,141,141,171,171,195,209,209,225,240,253,253,348,348,362,362,372,385,385,385,201,201,201,221,136,136,136,155,155,260,260,272,284,30,43,55,87,87,87,87,87,97,97,108,158,158,158],"floor_reached":51,"playtime":3491,"items_purged":["Doubt","Strike_B"],"score":865,"play_id":"f9af00ab-0ddc-4d08-a071-581247a1f470","local_time":"20201227224233","is_ascension_mode":true,"campfire_choices":[{"floor":8.0,"key":"REST"},{"floor":11.0,"key":"REST"},{"data":"Biased Cognition","floor":15.0,"key":"SMITH"},{"data":"Echo Form","floor":23.0,"key":"SMITH"},{"floor":25.0,"key":"REST"},{"floor":30.0,"key":"REST"},{"data":"Redo","floor":32,"key":"SMITH"},{"data":"Self Repair","floor":41,"key":"SMITH"},{"data":"Seek","floor":44,"key":"SMITH"},{"data":"Lockon","floor":49,"key":"SMITH"}],"circlet_count":0,"master_deck":["Strike_B","Strike_B","Strike_B","Defend_B+1","Defend_B","Defend_B","Zap+1","Dualcast","Biased Cognition+1","Lockon+1","Finesse","Conserve Battery","Melter","Lockon","Echo Form+1","Redo+1","Sweeping Beam","Ghostly","Ghostly","Ghostly","Ghostly","Ghostly","Self Repair+1","Hologram+1","Seek+1","Chill+1","Capacitor+1","Parasite"],"relics":["Cracked Core","Nunchaku","Ornamental Fan","Mercury Hourglass","Cursed Key","Strange Spoon","Sozu","Runic Capacitor","Bird Faced Urn","Dead Branch"],"acts_visited":["Exordium","TheCity","TheBeyond"],"potions_floor_usage":[50],"damage_taken":[{"damage":7.0,"enemies":"Jaw Worm","floor":1.0,"turns":2.0},{"damage":1.0,"enemies":"2 Louse","floor":2.0,"turns":2.0},{"damage":35.0,"enemies":"3 Sentries","floor":7.0,"turns":6.0},{"damage":0.0,"enemies":"Cultist","floor":10.0,"turns":3.0},{"damage":4.0,"enemies":"Red Slaver","floor":12.0,"turns":2.0},{"damage":0.0,"enemies":"Exordium Wildlife","floor":13.0,"turns":3.0},{"damage":5.0,"enemies":"Blue Slaver","floor":14.0,"turns":2.0},{"damage":12.0,"enemies":"Slime Boss","floor":16.0,"turns":8.0},{"damage":37.0,"enemies":"2 Thieves","floor":18.0,"turns":3.0},{"damage":0.0,"enemies":"Spheric Guardian","floor":20.0,"turns":2.0},{"damage":13.0,"enemies":"3 Cultists","floor":21.0,"turns":4.0},{"damage":10.0,"enemies":"Chosen and Byrds","floor":27.0,"turns":5.0},{"damage":1,"enemies":"Cultist and Chosen","floor":31,"turns":6},{"damage":2,"enemies":"Collector","floor":33,"turns":11},{"damage":3,"enemies":"3 Darklings","floor":35,"turns":6},{"damage":0,"enemies":"3 Shapes","floor":36,"turns":6},{"damage":0,"enemies":"Maw","floor":38,"turns":7},{"damage":20,"enemies":"Writhing Mass","floor":39,"turns":8},{"damage":2,"enemies":"Nemesis","floor":40,"turns":13},{"damage":0,"enemies":"Transient","floor":45,"turns":5},{"damage":2,"enemies":"4 Shapes","floor":47,"turns":6},{"damage":0,"enemies":"Mind Bloom Boss Battle","floor":48,"turns":4},{"damage":0,"enemies":"Donu and Deca","floor":50,"turns":9}],"seed_played":"91444320720566144","potions_obtained":[{"floor":7.0,"key":"SneckoOil"},{"floor":10.0,"key":"SkillPotion"},{"floor":12.0,"key":"Regen Potion"},{"floor":27.0,"key":"CultistPotion"}],"is_trial":false,"path_per_floor":["M","M","?","?","$","?","E","R","T","M","R","M","M","M","R","B",null,"M","?","M","M","?","R","$","R","T","M","?","?","R","M","R","B",null,"M","M","$","M","M","E","R","T","T","R","M","?","M","?","R","B",null],"character_chosen":"DEFECT","items_purchased":["Finesse","Strange Spoon","Self Repair","Runic Capacitor"],"campfire_rested":4,"item_purchase_floors":[5,24,24,37],"current_hp_per_floor":[68,67,52,52,52,52,17,39,39,39,61,57,57,52,52,55,75,38,38,38,25,25,25,25,36,36,33,33,33,37,37,37,35,37,34,37,37,37,24,36,36,36,36,36,37,37,36,37,37,37],"gold":158,"neow_bonus":"ONE_RANDOM_RARE_CARD","is_daily":false,"chose_seed":false,"campfire_upgraded":6,"win_rate":0.0,"timestamp":1609137753,"path_taken":["M","M","?","?","$","?","E","R","T","M","R","M","M","M","R","BOSS","M","?","?","M","?","R","$","R","T","M","?","?","R","M","R","BOSS","M","M","$","M","?","E","R","?","T","R","M","?","M","?","R","BOSS"],"items_purchased_type":["Card","Relic","Card","Relic"],"build_version":"2020-12-22","purchased_purges":2,"victory":true,"max_hp_per_floor":[75,75,75,75,75,75,75,75,75,75,75,75,75,75,75,75,75,75,75,75,75,37,37,37,37,37,37,37,37,37,37,37,37,37,37,37,37,37,37,37,37,37,37,37,37,37,37,37,37,37],"relic_stats":{"Sozu":5,"Strange Spoon":[40],"Nunchaku":[17],"counters":[23,119],"Ornamental Fan":[64],"Bird Faced Urn":[3],"Dead Branch":[11],"Cursed Key":0,"obtain_stats":[{"Sozu":34,"Strange Spoon":24,"Nunchaku":9,"Ornamental Fan":28,"Bird Faced Urn":40,"Dead Branch":48,"Runic Capacitor":37,"Cracked Core":0,"Cursed Key":17,"Mercury Hourglass":7},{"Sozu":14,"Strange Spoon":11,"Nunchaku":3,"Ornamental Fan":12,"Bird Faced Urn":19,"Dead Branch":22,"Runic Capacitor":16,"Cracked Core":0,"Cursed Key":8,"Mercury Hourglass":3},{"Sozu":56,"Strange Spoon":35,"Nunchaku":10,"Ornamental Fan":39,"Bird Faced Urn":96,"Dead Branch":110,"Runic Capacitor":68,"Cracked Core":0,"Cursed Key":26,"Mercury Hourglass":10}],"Mercury Hourglass":[473]},"card_choices":[{"not_picked":["Go for the Eyes","Scrape"],"picked":"Lockon","floor":1.0},{"not_picked":["Rebound","Gash","Force Field"],"picked":"SKIP","floor":2.0},{"not_picked":["Go for the Eyes","Turbo"],"picked":"Conserve Battery","floor":7.0},{"not_picked":["Darkness","Sunder"],"picked":"Melter","floor":10.0},{"not_picked":["Reinforced Body","Gash"],"picked":"Lockon","floor":12.0},{"not_picked":["Hologram","Rip and Tear","Steam"],"picked":"SKIP","floor":13.0},{"not_picked":["Coolheaded","Sweeping Beam","Stack"],"picked":"SKIP","floor":14.0},{"not_picked":["Buffer","Thunder Strike"],"picked":"Echo Form","floor":16.0},{"not_picked":["Streamline+1","Genetic Algorithm"],"picked":"Redo","floor":18.0},{"not_picked":["Hologram","Leap"],"picked":"Sweeping Beam","floor":20.0},{"not_picked":["Compile Driver","Consume","Barrage"],"picked":"SKIP","floor":21.0},{"not_picked":["Undo","Stack+1"],"picked":"Hologram+1","floor":27.0},{"not_picked":["Barrage","Leap+1","Ball Lightning"],"picked":"SKIP","floor":31},{"not_picked":["Fission","Electrodynamics"],"picked":"Seek","floor":33},{"not_picked":["Reinforced Body+1","Streamline+1"],"picked":"Chill+1","floor":35},{"not_picked":["Glacier","Gash","Barrage"],"picked":"SKIP","floor":36},{"not_picked":["Beam Cell","Chill"],"picked":"Capacitor+1","floor":38},{"not_picked":["Barrage","Electrodynamics","Heatsinks+1"],"picked":"SKIP","floor":39},{"not_picked":["Rebound","Double Energy","Leap+1"],"picked":"SKIP","floor":40},{"not_picked":["Scrape","Hologram+1","Aggregate"],"picked":"SKIP","floor":45},{"not_picked":["Cold Snap+1","Stack","Loop"],"picked":"SKIP","floor":47}],"player_experience":1048167,"relics_obtained":[{"floor":7.0,"key":"Mercury Hourglass"},{"floor":9.0,"key":"Nunchaku"},{"floor":40,"key":"Bird Faced Urn"},{"floor":48,"key":"Dead Branch"}],"event_choices":[{"damage_healed":0.0,"max_hp_gain":0.0,"max_hp_loss":0.0,"gold_gain":0.0,"event_name":"Shining Light","player_choice":"Entered Light","floor":3.0,"gold_loss":0.0,"damage_taken":15.0,"cards_upgraded":["Defend_B","Zap"]},{"damage_healed":0.0,"max_hp_gain":0.0,"max_hp_loss":0.0,"gold_gain":175.0,"event_name":"Liars Game","player_choice":"AGREE","floor":4.0,"gold_loss":0.0,"damage_taken":0.0,"cards_obtained":["Doubt"]},{"cards_removed":["Defend_B"],"damage_healed":0.0,"max_hp_gain":0.0,"max_hp_loss":0.0,"gold_gain":0.0,"event_name":"Bonfire Elementals","player_choice":"Offered Basic","floor":6.0,"gold_loss":0.0,"damage_taken":0.0},{"damage_healed":0.0,"max_hp_gain":0.0,"max_hp_loss":0.0,"gold_gain":0.0,"event_name":"Match and Keep!","player_choice":"0 cards matched","floor":19.0,"gold_loss":0.0,"damage_taken":0.0,"cards_obtained":[]},{"damage_healed":0.0,"max_hp_gain":0.0,"max_hp_loss":38.0,"gold_gain":0.0,"event_name":"Ghosts","player_choice":"Became a Ghost","floor":22.0,"gold_loss":0.0,"damage_taken":0.0,"cards_obtained":["Ghostly","Ghostly","Ghostly","Ghostly","Ghostly"]},{"damage_healed":0.0,"max_hp_gain":0.0,"max_hp_loss":0.0,"gold_gain":0.0,"event_name":"Addict","player_choice":"Obtained Relic","floor":28.0,"gold_loss":85.0,"damage_taken":0.0,"relics_obtained":["Ornamental Fan"]},{"damage_healed":0.0,"max_hp_gain":0.0,"max_hp_loss":0.0,"gold_gain":0.0,"event_name":"N\u0027loth","player_choice":"Ignored","floor":29.0,"gold_loss":0.0,"damage_taken":0.0},{"damage_healed":0,"gold_gain":0,"player_choice":"Ignored","damage_taken":0,"max_hp_gain":0,"max_hp_loss":0,"event_name":"Mysterious Sphere","floor":46,"gold_loss":0},{"damage_healed":0,"gold_gain":0,"player_choice":"Fight","damage_taken":0,"max_hp_gain":0,"max_hp_loss":0,"event_name":"MindBloom","floor":48,"gold_loss":0}],"is_beta":false,"boss_relics":[{"not_picked":["Black Star","FrozenCore"],"picked":"Cursed Key"},{"not_picked":["Tiny House","Philosopher\u0027s Stone"],"picked":"Sozu"}],"items_purged_floors":[5,37],"is_endless":false,"potions_floor_spawned":[7,10,12,13,27,35,38,45,47,48],"ascension_level":4}}