{"host":"rlm703n066cyp567","time":1609118821,"event":{"mods":["AchievementEnabler","BaseMod","Block Reminder","Colored Map","Colored Powertips","Curses Come First","DeckTracker","Highlight Path","Minty Spire (QoL Compilation)","StSLib","SuperFastMode"],"gold_per_floor":[112,112,130,130,148,182,182,214,269,281,298,311,311,311,311,412,412,424,424,424,441,461,461,486,499,526,541,554,654,654,104,104,200,200,214,269,269,39,54,54,89,89,89,89,89,89,116,127,127,127,127,127,78,106,106,106],"floor_reached":55,"playtime":7038,"items_purged":["Strike_G+1","Writhe"],"score":868,"play_id":"d2130546-2a47-4b09-bc3e-9af1b78fdc62","local_time":"20201228022701","is_ascension_mode":true,"campfire_choices":[{"data":"Neutralize","floor":7,"key":"SMITH"},{"floor":13,"key":"RECALL"},{"data":"Acrobatics","floor":15,"key":"SMITH"},{"data":"Storm of Steel","floor":23,"key":"SMITH"},{"floor":30,"key":"REST"},{"floor":32,"key":"REST"},{"data":"Cloak And Dagger","floor":40,"key":"SMITH"},{"data":"Panache","floor":42,"key":"SMITH"},{"data":"Concentrate","floor":44,"key":"SMITH"},{"data":"Blind","floor":46,"key":"SMITH"},{"data":"Blade Dance","floor":49,"key":"SMITH"},{"data":"Slice","floor":52,"key":"SMITH"}],"circlet_count":0,"master_deck":["Defend_G+1","Defend_G+1","Defend_G+1","Defend_G+1","Defend_G+1","Survivor","Neutralize+1","Quick Slash","Concentrate+1","Quick Slash","Underhanded Strike","Slice","Slice+1","Storm of Steel+1","Acrobatics+1","Grand Finale","Slice+1","Blade Dance+1","Flying Knee","Leg Sweep+1","Endless Agony","PiercingWail","Panache+1","Cloak And Dagger+1","Blind+1","PiercingWail+1","Blade Dance+1"],"relics":["Runic Pyramid","Kunai","Anchor","Letter Opener","Empty Cage","Snake Skull","Strawberry","Thread and Needle","Darkstone Periapt","Lantern","TheAbacus","Busted Crown","FossilizedHelix","StrikeDummy","Meat on the Bone","Nunchaku","Art of War"],"acts_visited":["Exordium","TheCity","TheBeyond","TheEnding"],"potions_floor_usage":[36,39,50,55,55,55],"damage_taken":[{"damage":0,"enemies":"Small Slimes","floor":1,"turns":4},{"damage":2,"enemies":"Jaw Worm","floor":3,"turns":3},{"damage":0,"enemies":"Cultist","floor":5,"turns":4},{"damage":4,"enemies":"Lagavulin","floor":6,"turns":10},{"damage":7,"enemies":"3 Sentries","floor":8,"turns":8},{"damage":0,"enemies":"2 Fungi Beasts","floor":10,"turns":3},{"damage":0,"enemies":"3 Louse","floor":11,"turns":2},{"damage":0,"enemies":"Blue Slaver","floor":12,"turns":3},{"damage":4,"enemies":"Hexaghost","floor":16,"turns":10},{"damage":7,"enemies":"Shell Parasite","floor":18,"turns":5},{"damage":2,"enemies":"3 Byrds","floor":21,"turns":4},{"damage":16,"enemies":"Sentry and Sphere","floor":22,"turns":6},{"damage":9,"enemies":"Book of Stabbing","floor":24,"turns":6},{"damage":0,"enemies":"Snecko","floor":25,"turns":5},{"damage":0,"enemies":"Chosen and Byrds","floor":27,"turns":3},{"damage":0,"enemies":"Centurion and Healer","floor":28,"turns":3},{"damage":4,"enemies":"Colosseum Slavers","floor":29,"turns":5},{"damage":17,"enemies":"Colosseum Nobs","floor":29,"turns":4},{"damage":17,"enemies":"Champ","floor":33,"turns":15},{"damage":0,"enemies":"3 Shapes","floor":35,"turns":4},{"damage":18,"enemies":"2 Orb Walkers","floor":36,"turns":5},{"damage":0,"enemies":"3 Darklings","floor":39,"turns":5},{"damage":0,"enemies":"Nemesis","floor":41,"turns":8},{"damage":0,"enemies":"Reptomancer","floor":47,"turns":7},{"damage":0,"enemies":"Spire Growth","floor":48,"turns":5},{"damage":5,"enemies":"Time Eater","floor":50,"turns":11},{"damage":32,"enemies":"Shield and Spear","floor":54,"turns":7},{"damage":104,"enemies":"The Heart","floor":55,"turns":8}],"seed_played":"1776788800115277337","potions_obtained":[{"floor":3,"key":"Block Potion"},{"floor":6,"key":"DistilledChaos"},{"floor":8,"key":"SteroidPotion"},{"floor":10,"key":"ColorlessPotion"},{"floor":16,"key":"CunningPotion"},{"floor":29,"key":"Regen Potion"},{"floor":39,"key":"Regen Potion"}],"is_trial":false,"path_per_floor":["M","?","M","?","M","E","R","E","T","M","M","M","R","?","R","B",null,"M","?","?","M","M","R","E","M","T","M","M","?","R","$","R","B",null,"M","?","?","$","M","R","E","R","T","R","?","R","E","M","R","B",null,"R","$","E","B"],"character_chosen":"THE_SILENT","items_purchased":["Lantern","Panache","TheAbacus","Cloak And Dagger","EssenceOfSteel","BlessingOfTheForge"],"campfire_rested":2,"item_purchase_floors":[31,31,31,38,38,53],"current_hp_per_floor":[70,63,61,61,61,57,57,50,50,50,50,50,50,50,50,46,70,63,63,63,61,45,45,36,36,43,43,43,22,45,45,68,51,77,77,59,83,83,83,83,83,83,83,83,83,83,83,83,83,78,83,83,83,51,0,0],"gold":106,"neow_bonus":"BOSS_RELIC","is_daily":false,"chose_seed":false,"campfire_upgraded":9,"win_rate":0.0,"timestamp":1609118821,"path_taken":["M","?","M","?","M","E","R","E","T","M","?","M","R","?","R","BOSS","M","?","?","M","M","R","E","M","T","M","M","?","R","$","R","BOSS","M","?","?","$","M","R","E","R","T","R","?","R","E","M","R","BOSS","R","$","E","BOSS"],"items_purchased_type":["Relic","Card","Relic","Card","Potion","Potion"],"build_version":"2020-12-22","purchased_purges":2,"victory":false,"max_hp_per_floor":[70,70,70,70,70,70,70,70,70,70,70,70,70,70,70,70,70,70,70,70,70,70,70,70,70,77,77,77,77,77,77,77,77,77,77,77,83,83,83,83,83,83,83,83,83,83,83,83,83,83,83,83,83,83,83,83],"card_choices":[{"not_picked":["Deadly Poison","Acrobatics"],"picked":"Quick Slash","floor":1},{"not_picked":["Catalyst","Acrobatics"],"picked":"Concentrate","floor":3},{"not_picked":["Finisher","Masterful Stab"],"picked":"Quick Slash","floor":5},{"not_picked":["Cloak And Dagger","Bane"],"picked":"Underhanded Strike","floor":6},{"not_picked":["Leg Sweep","Acrobatics"],"picked":"Slice","floor":8},{"not_picked":["Bouncing Flask","Accuracy"],"picked":"Slice","floor":10},{"not_picked":["Cloak And Dagger","Caltrops"],"picked":"Storm of Steel","floor":11},{"not_picked":["Sucker Punch","Outmaneuver"],"picked":"Acrobatics","floor":12},{"not_picked":["Malaise","Venomology"],"picked":"Grand Finale","floor":16},{"not_picked":["Flechettes","Flying Knee"],"picked":"Slice+1","floor":18},{"not_picked":["Dagger Spray","Infinite Blades"],"picked":"Blade Dance+1","floor":21},{"not_picked":["Crippling Poison+1","Deadly Poison"],"picked":"Flying Knee","floor":22},{"not_picked":["Bane","Blade Dance","Dodge and Roll"],"picked":"SKIP","floor":24},{"not_picked":["Sucker Punch","Setup"],"picked":"Leg Sweep+1","floor":25},{"not_picked":["Dodge and Roll","Bane","Leg Sweep"],"picked":"SKIP","floor":27},{"not_picked":["Blur","Predator"],"picked":"Endless Agony","floor":28},{"not_picked":["Outmaneuver","Dodge and Roll"],"picked":"PiercingWail","floor":29},{"not_picked":["Deadly Poison"],"picked":"SKIP","floor":35},{"not_picked":["Well Laid Plans+1"],"picked":"SKIP","floor":39},{"not_picked":["Calculated Gamble+1"],"picked":"SKIP","floor":41},{"not_picked":[],"picked":"Blind","floor":45},{"not_picked":[],"picked":"PiercingWail+1","floor":47},{"not_picked":[],"picked":"Blade Dance","floor":48},{"not_picked":["Masterful Stab"],"picked":"SKIP","floor":54}],"player_experience":296637,"relics_obtained":[{"floor":6,"key":"Anchor"},{"floor":8,"key":"Letter Opener"},{"floor":24,"key":"Snake Skull"},{"floor":26,"key":"Strawberry"},{"floor":29,"key":"Thread and Needle"},{"floor":29,"key":"Darkstone Periapt"},{"floor":36,"key":"FossilizedHelix"},{"floor":41,"key":"StrikeDummy"},{"floor":43,"key":"Meat on the Bone"},{"floor":47,"key":"Nunchaku"},{"floor":54,"key":"Art of War"}],"event_choices":[{"cards_removed":["Strike_G"],"damage_healed":0,"gold_gain":0,"player_choice":"Card Removal","damage_taken":7,"max_hp_gain":0,"max_hp_loss":0,"event_name":"Golden Wing","floor":2,"gold_loss":0},{"damage_healed":0,"gold_gain":0,"player_choice":"Gave Potion","damage_taken":0,"relics_obtained":["Kunai"],"max_hp_gain":0,"max_hp_loss":0,"event_name":"WeMeetAgain","floor":4,"gold_loss":0},{"cards_removed":["Strike_G"],"damage_healed":0,"gold_gain":0,"player_choice":"Forget","damage_taken":0,"max_hp_gain":0,"max_hp_loss":0,"event_name":"Living Wall","floor":14,"gold_loss":0},{"damage_healed":0,"gold_gain":0,"player_choice":"Ignored","damage_taken":0,"max_hp_gain":0,"max_hp_loss":0,"event_name":"Ghosts","floor":19,"gold_loss":0},{"damage_healed":0,"gold_gain":0,"player_choice":"Simplicity","damage_taken":0,"max_hp_gain":0,"max_hp_loss":0,"event_name":"Back to Basics","floor":20,"gold_loss":0,"cards_upgraded":["Strike_G","Defend_G","Defend_G","Defend_G","Defend_G","Defend_G"]},{"damage_healed":0,"gold_gain":0,"player_choice":"Fight","damage_taken":0,"max_hp_gain":0,"max_hp_loss":0,"event_name":"Colosseum","floor":29,"gold_loss":0},{"damage_healed":0,"gold_gain":0,"player_choice":"Fought Nobs","damage_taken":0,"max_hp_gain":0,"max_hp_loss":0,"event_name":"Colosseum","floor":29,"gold_loss":0},{"damage_healed":0,"gold_gain":0,"player_choice":"Fight","damage_taken":0,"max_hp_gain":0,"max_hp_loss":0,"event_name":"Mysterious Sphere","floor":36,"gold_loss":0},{"damage_healed":19,"gold_gain":0,"player_choice":"Writhe","damage_taken":0,"max_hp_gain":0,"max_hp_loss":0,"event_name":"Winding Halls","floor":37,"gold_loss":0,"cards_obtained":["Writhe"]},{"damage_healed":0,"gold_gain":0,"player_choice":"Memory 1","damage_taken":0,"max_hp_gain":0,"max_hp_loss":0,"event_name":"SensoryStone","floor":45,"gold_loss":0}],"is_beta":false,"boss_relics":[{"not_picked":["Runic Dome","Coffee Dripper"],"picked":"Empty Cage"},{"not_picked":["Tiny House","Black Star"],"picked":"Busted Crown"}],"items_purged_floors":[31,38],"is_endless":false,"potions_floor_spawned":[3,6,8,10,16,21,24,29,29,33,39,47,54],"killed_by":"The Heart","ascension_level":3}}