{"host":"2no1vwhhkhf0ohz3","time":1609156507,"event":{"mods":["AchievementEnabler","BaseMod","Colored Map","DeckTracker","Keyboard Shortcuts","Minty Spire (QoL Compilation)","Relic Stats","SuperFastMode"],"gold_per_floor":[116,128,6,22,41,41,56,56,56,74,74,74,84,84,84,180,180,191,191,209,226,242,242,242,242],"floor_reached":24,"playtime":578,"items_purged":["Strike_B"],"score":192,"play_id":"3ae35097-16d6-4f22-a9b8-3eb3249f86fe","local_time":"20201228205507","is_ascension_mode":false,"campfire_choices":[{"data":"Capacitor","floor":6,"key":"SMITH"},{"data":"Coolheaded","floor":8,"key":"SMITH"},{"data":"Defragment","floor":15,"key":"SMITH"},{"data":"Biased Cognition","floor":23,"key":"SMITH"}],"circlet_count":0,"master_deck":["Strike_B","Strike_B","Defend_B","Defend_B","Defend_B","Defend_B","Zap","Dualcast","Trip","Beam Cell","Coolheaded+1","Ball Lightning","Capacitor+1","Go for the Eyes","FTL","Defragment+1","Biased Cognition+1","Self Repair+1"],"relics":["Cracked Core","TungstenRod","Singing Bowl","Inserter"],"acts_visited":["Exordium","TheCity"],"potions_floor_usage":[13,16],"damage_taken":[{"damage":1,"enemies":"Cultist","floor":1,"turns":3},{"damage":6,"enemies":"Jaw Worm","floor":2,"turns":3},{"damage":3,"enemies":"Small Slimes","floor":4,"turns":2},{"damage":12,"enemies":"Red Slaver","floor":5,"turns":4},{"damage":4,"enemies":"Blue Slaver","floor":7,"turns":3},{"damage":22,"enemies":"Exordium Thugs","floor":10,"turns":4},{"damage":0,"enemies":"3 Louse","floor":13,"turns":1},{"damage":4,"enemies":"Hexaghost","floor":16,"turns":10},{"damage":23,"enemies":"2 Thieves","floor":18,"turns":4},{"damage":2,"enemies":"Chosen","floor":20,"turns":4},{"damage":19,"enemies":"Snake Plant","floor":21,"turns":4},{"damage":2,"enemies":"Chosen and Byrds","floor":22,"turns":6},{"damage":40,"enemies":"Gremlin Leader","floor":24,"turns":2}],"seed_played":"-7716857363437775725","potions_obtained":[{"floor":1,"key":"Explosive Potion"},{"floor":4,"key":"Swift Potion"},{"floor":10,"key":"PowerPotion"},{"floor":13,"key":"PowerPotion"},{"floor":16,"key":"BlessingOfTheForge"}],"is_trial":false,"path_per_floor":["M","M","$","M","M","R","M","R","T","M","?","?","M","?","R","B",null,"M","$","M","M","M","R","E"],"character_chosen":"DEFECT","items_purchased":["Ball Lightning"],"campfire_rested":0,"item_purchase_floors":[3],"current_hp_per_floor":[74,68,68,65,53,53,49,49,49,27,22,22,24,24,24,20,77,56,56,56,39,37,37,0,0],"gold":242,"neow_bonus":"RANDOM_COLORLESS","is_daily":false,"chose_seed":false,"campfire_upgraded":4,"win_rate":0.0,"timestamp":1609156507,"path_taken":["M","M","$","?","M","R","M","R","T","M","?","?","?","?","R","BOSS","M","$","M","M","M","R","E"],"items_purchased_type":["Card"],"build_version":"2020-12-22","purchased_purges":1,"victory":false,"max_hp_per_floor":[75,75,75,75,75,75,75,75,75,75,75,75,77,77,77,77,77,79,79,81,83,83,83,83,83],"relic_stats":{"Inserter":[10],"Singing Bowl":8,"counters":[13,50],"obtain_stats":[{"Inserter":17,"Singing Bowl":11,"Cracked Core":0,"TungstenRod":9},{"Inserter":8,"Singing Bowl":6,"Cracked Core":0,"TungstenRod":5},{"Inserter":30,"Singing Bowl":19,"Cracked Core":0,"TungstenRod":15}],"TungstenRod":28},"card_choices":[{"not_picked":["Mind Blast","Good Instincts"],"picked":"Trip","floor":0},{"not_picked":["Redo","Conserve Battery"],"picked":"Beam Cell","floor":1},{"not_picked":["Streamline","BootSequence"],"picked":"Coolheaded","floor":2},{"not_picked":["Scrape","Darkness"],"picked":"Capacitor","floor":4},{"not_picked":["Conserve Battery","Rip and Tear"],"picked":"Go for the Eyes","floor":5},{"not_picked":["BootSequence","Storm"],"picked":"FTL","floor":7},{"not_picked":["Chill","Force Field"],"picked":"Defragment","floor":10},{"not_picked":["Leap","Ball Lightning","Steam"],"picked":"Singing Bowl","floor":13},{"not_picked":["Buffer","Seek"],"picked":"Biased Cognition","floor":16},{"not_picked":["Streamline","Steam","Redo+1"],"picked":"Singing Bowl","floor":18},{"not_picked":["Auto Shields","FTL","Darkness"],"picked":"Singing Bowl","floor":20},{"not_picked":["Storm","Ball Lightning+1","Reprogram+1"],"picked":"Singing Bowl","floor":21},{"not_picked":["Defragment","Redo"],"picked":"Self Repair+1","floor":22}],"player_experience":259628,"relics_obtained":[{"floor":9,"key":"TungstenRod"}],"event_choices":[{"damage_healed":0,"gold_gain":0,"player_choice":"Success","damage_taken":7,"relics_obtained":["Singing Bowl"],"max_hp_gain":0,"max_hp_loss":0,"event_name":"Scrap Ooze","floor":11,"gold_loss":0},{"damage_healed":0,"gold_gain":0,"player_choice":"Bought 0 Potions","damage_taken":0,"max_hp_gain":0,"max_hp_loss":0,"event_name":"The Woman in Blue","floor":12,"gold_loss":0},{"cards_removed":["Strike_B"],"damage_healed":0,"gold_gain":0,"player_choice":"Purged","damage_taken":0,"max_hp_gain":0,"max_hp_loss":0,"event_name":"Purifier","floor":14,"gold_loss":0}],"is_beta":false,"boss_relics":[{"not_picked":["Busted Crown","Runic Pyramid"],"picked":"Inserter"}],"items_purged_floors":[3],"is_endless":false,"potions_floor_spawned":[1,4,10,13,16,18,21],"killed_by":"Gremlin Leader","ascension_level":0}}