{"host":"gttgmv2wah99hzdm","time":1609188093,"event":{"mods":["AchievementEnabler","BaseMod","Bestiary","Block Reminder","Filter the Spire","Minty Spire (QoL Compilation)","Permanent Neow","Random Character Button","Relic Stats","ojb\u0027s Better Paths Mod","ojb\u0027s Info Mod"],"gold_per_floor":[113,130,130,146,146,186,186,46,46,46,84,84,97,138,138,229,229,243,243,4,4,16,16,94,94,94,127,127,52,66,100,100,177,177,197,214,42,56,73,106,106,106,131,147,176,47,60,80,80,80,80,80,80,4,33,33],"floor_reached":57,"playtime":3638,"items_purged":["Pain","Strike_R+1","Strike_R+1"],"score":2986,"play_id":"a1c8e16e-dfa3-47a5-bdc0-28980fb36cf1","local_time":"20201228144133","is_ascension_mode":true,"campfire_choices":[{"data":"Bash","floor":7.0,"key":"SMITH"},{"data":"Cleave","floor":10.0,"key":"SMITH"},{"data":"Immolate","floor":15.0,"key":"SMITH"},{"data":"Feel No Pain","floor":23.0,"key":"SMITH"},{"data":"Feel No Pain","floor":25.0,"key":"SMITH"},{"data":"Clothesline","floor":28.0,"key":"SMITH"},{"data":"Juggernaut","floor":32,"key":"SMITH"},{"data":"Shrug It Off","floor":42,"key":"SMITH"},{"floor":49,"key":"RECALL"},{"data":"Shrug It Off","floor":53,"key":"SMITH"}],"circlet_count":0,"master_deck":["AscendersBane","Strike_R+1","Defend_R+1","Defend_R+1","Defend_R+1","Defend_R+1","Bash+1","Dark Embrace","Cleave+1","Rampage","Corruption","Feel No Pain+1","Clothesline+1","Immolate+1","Shrug It Off+1","Feel No Pain+1","Impervious","Shrug It Off+1","Burning Pact+1","Ghostly Armor+1","Juggernaut+1","Impervious+1","Ghostly Armor+1","Metallicize","Dual Wield+1","Burning Pact+1","Clumsy","Body Slam","Disarm+1","Flame Barrier+1","Body Slam","Feel No Pain+1","Exhume+1"],"relics":["Philosopher\u0027s Stone","Bloody Idol","Lantern","Mummified Hand","Pantograph","WarpedTongs","Letter Opener","Snecko Eye","Membership Card","Toxic Egg 2","Mercury Hourglass","Matryoshka","Cursed Key","Frozen Eye","Paper Frog","White Beast Statue","Nunchaku","Kunai"],"acts_visited":["Exordium","TheCity","TheBeyond","TheEnding"],"potions_floor_usage":[33,56,56],"damage_taken":[{"damage":2.0,"enemies":"2 Louse","floor":1.0,"turns":3.0},{"damage":6.0,"enemies":"Small Slimes","floor":2.0,"turns":2.0},{"damage":2.0,"enemies":"Cultist","floor":4.0,"turns":3.0},{"damage":9.0,"enemies":"Gremlin Nob","floor":6.0,"turns":3.0},{"damage":15.0,"enemies":"Lagavulin","floor":11.0,"turns":3.0},{"damage":1.0,"enemies":"Large Slime","floor":13.0,"turns":5.0},{"damage":8.0,"enemies":"3 Sentries","floor":14.0,"turns":3.0},{"damage":46.0,"enemies":"The Guardian","floor":16.0,"turns":10.0},{"damage":7.0,"enemies":"2 Thieves","floor":18.0,"turns":3.0},{"damage":1.0,"enemies":"Spheric Guardian","floor":22.0,"turns":3.0},{"damage":2.0,"enemies":"Gremlin Leader","floor":27.0,"turns":3.0},{"damage":2.0,"enemies":"Snake Plant","floor":30.0,"turns":2.0},{"damage":0.0,"enemies":"Slavers","floor":31.0,"turns":3.0},{"damage":10,"enemies":"Collector","floor":33,"turns":5},{"damage":0,"enemies":"3 Darklings","floor":35,"turns":2},{"damage":0,"enemies":"Orb Walker","floor":36,"turns":2},{"damage":0,"enemies":"Spire Growth","floor":38,"turns":2},{"damage":0,"enemies":"Writhing Mass","floor":39,"turns":3},{"damage":0,"enemies":"Nemesis","floor":40,"turns":3},{"damage":0,"enemies":"4 Shapes","floor":44,"turns":3},{"damage":0,"enemies":"Reptomancer","floor":45,"turns":4},{"damage":0,"enemies":"Jaw Worm Horde","floor":47,"turns":3},{"damage":0,"enemies":"Maw","floor":48,"turns":4},{"damage":6,"enemies":"Time Eater","floor":50,"turns":8},{"damage":0,"enemies":"Donu and Deca","floor":51,"turns":5},{"damage":0,"enemies":"Shield and Spear","floor":55,"turns":4},{"damage":44,"enemies":"The Heart","floor":56,"turns":8}],"seed_played":"6026685278650753451","potions_obtained":[{"floor":2.0,"key":"BlessingOfTheForge"},{"floor":6.0,"key":"BloodPotion"},{"floor":11.0,"key":"BlessingOfTheForge"},{"floor":14.0,"key":"Fire Potion"},{"floor":16.0,"key":"Dexterity Potion"},{"floor":22.0,"key":"LiquidBronze"},{"floor":27.0,"key":"SteroidPotion"},{"floor":33,"key":"Dexterity Potion"},{"floor":38,"key":"HeartOfIron"},{"floor":39,"key":"SkillPotion"}],"is_trial":false,"path_per_floor":["M","M","?","M","?","E","R","$","T","R","E","?","M","E","R","B",null,"M","?","$","?","M","R","T","R","T","E","R","?","M","E","R","B",null,"M","M","$","M","M","E","?","R","T","M","E","$","M","M","R","B","B",null,"R","$","E","B",null],"character_chosen":"IRONCLAD","items_purchased":["Feel No Pain","Clothesline","Membership Card","Shrug It Off","Frozen Eye","Metallicize","Flame Barrier+1","Body Slam","Exhume+1"],"campfire_rested":0,"item_purchase_floors":[8,8,20,20,37,37,46,46,54],"current_hp_per_floor":[66,60,53,51,51,42,42,42,42,42,27,27,26,31,31,10,54,47,47,47,47,51,51,56,56,56,59,59,59,62,67,67,63,67,68,68,68,68,68,68,65,65,65,65,65,65,65,65,65,59,65,65,65,65,65,21],"gold":33,"neow_bonus":"BOSS_RELIC","is_daily":false,"chose_seed":false,"campfire_upgraded":9,"win_rate":0.0,"timestamp":1609188093,"path_taken":["M","M","?","M","?","E","R","$","T","R","E","?","?","E","R","BOSS","M","?","$","?","M","R","?","R","T","E","R","?","M","E","R","BOSS","M","M","$","M","M","E","?","R","T","M","E","$","M","M","R","BOSS","BOSS","R","$","E","BOSS"],"items_purchased_type":["Card","Card","Relic","Card","Relic","Card","Card","Card","Card"],"build_version":"2020-12-22","purchased_purges":3,"victory":true,"max_hp_per_floor":[75,75,75,75,68,68,68,68,68,68,68,68,68,68,68,68,68,68,68,68,68,68,68,68,68,68,68,68,68,68,68,68,68,68,68,68,68,68,68,68,65,65,65,65,65,65,65,65,65,65,65,65,65,65,65,65],"relic_stats":{"Nunchaku":[6],"counters":[27,101],"Mummified Hand":[195],"Bloody Idol":31,"Pantograph":32,"Snecko Eye":[178,163,154,159],"Letter Opener":[222],"Kunai":[2],"Cursed Key":1,"obtain_stats":[{"Lantern":6,"Golden Idol":5,"Letter Opener":14,"Cursed Key":34,"Burning Blood":0,"White Beast Statue":43,"WarpedTongs":12,"Mercury Hourglass":26,"Frozen Eye":37,"Nunchaku":45,"Matryoshka":27,"Mummified Hand":9,"Pantograph":11,"Bloody Idol":21,"Snecko Eye":17,"Philosopher\u0027s Stone":0,"Membership Card":20,"Kunai":55,"Toxic Egg 2":24,"Paper Frog":40},{"Lantern":4,"Golden Idol":3,"Letter Opener":7,"Cursed Key":14,"Burning Blood":0,"White Beast Statue":19,"WarpedTongs":5,"Mercury Hourglass":10,"Frozen Eye":16,"Nunchaku":21,"Matryoshka":11,"Mummified Hand":4,"Pantograph":5,"Bloody Idol":9,"Snecko Eye":8,"Philosopher\u0027s Stone":0,"Membership Card":9,"Kunai":26,"Toxic Egg 2":10,"Paper Frog":19},{"Lantern":11,"Golden Idol":8,"Letter Opener":22,"Cursed Key":51,"Burning Blood":0,"White Beast Statue":63,"WarpedTongs":14,"Mercury Hourglass":38,"Frozen Eye":55,"Nunchaku":69,"Matryoshka":41,"Mummified Hand":11,"Pantograph":14,"Bloody Idol":35,"Snecko Eye":32,"Philosopher\u0027s Stone":0,"Membership Card":35,"Kunai":93,"Toxic Egg 2":38,"Paper Frog":63}],"WarpedTongs":[77],"Mercury Hourglass":[238]},"card_choices":[{"not_picked":["Body Slam","Clash"],"picked":"Dark Embrace","floor":1.0},{"not_picked":["Armaments","Clash"],"picked":"Cleave","floor":2.0},{"not_picked":["Armaments","Reckless Charge"],"picked":"Rampage","floor":4.0},{"not_picked":["Feel No Pain","Rampage"],"picked":"Corruption","floor":6.0},{"not_picked":["Havoc","True Grit"],"picked":"Immolate","floor":11.0},{"not_picked":["Thunderclap","Armaments"],"picked":"Shrug It Off","floor":13.0},{"not_picked":["Evolve","Uppercut"],"picked":"Feel No Pain","floor":14.0},{"not_picked":["Double Tap","Offering"],"picked":"Impervious","floor":16.0},{"not_picked":["Headbutt","Perfected Strike","Twin Strike"],"picked":"SKIP","floor":18.0},{"not_picked":["Warcry","Sword Boomerang"],"picked":"Burning Pact+1","floor":22.0},{"not_picked":["Clothesline","Seeing Red+1","Corruption"],"picked":"SKIP","floor":27.0},{"not_picked":["Entrench+1","Warcry+1"],"picked":"Ghostly Armor+1","floor":30.0},{"not_picked":["Dropkick","Pummel"],"picked":"Juggernaut","floor":31},{"not_picked":["Berserk","Limit Break+1"],"picked":"Impervious+1","floor":33},{"not_picked":["Anger","Heavy Blade+1","Warcry+1"],"picked":"SKIP","floor":35},{"not_picked":["True Grit+1","Dark Embrace"],"picked":"Ghostly Armor+1","floor":36},{"not_picked":["Pommel Strike+1","True Grit+1"],"picked":"Dual Wield+1","floor":38},{"not_picked":["Warcry+1","Twin Strike","Rupture"],"picked":"SKIP","floor":39},{"not_picked":["Brutality","Fire Breathing"],"picked":"Burning Pact+1","floor":40},{"not_picked":["Wild Strike+1","Blood for Blood"],"picked":"Body Slam","floor":44},{"not_picked":["Carnage","True Grit+1"],"picked":"Disarm+1","floor":45},{"not_picked":["Twin Strike+1","Perfected Strike","Iron Wave+1"],"picked":"SKIP","floor":47},{"not_picked":["Heavy Blade","Combust"],"picked":"Feel No Pain+1","floor":48},{"not_picked":["Headbutt","Berserk","Combust"],"picked":"SKIP","floor":55}],"player_experience":1029231,"relics_obtained":[{"floor":6.0,"key":"Lantern"},{"floor":9.0,"key":"Mummified Hand"},{"floor":11.0,"key":"Pantograph"},{"floor":14.0,"key":"Letter Opener"},{"floor":24.0,"key":"Toxic Egg 2"},{"floor":26.0,"key":"Mercury Hourglass"},{"floor":27.0,"key":"Matryoshka"},{"floor":40,"key":"Paper Frog"},{"floor":43,"key":"White Beast Statue"},{"floor":45,"key":"Nunchaku"},{"floor":55,"key":"Kunai"}],"event_choices":[{"cards_removed":["Strike_R"],"damage_healed":0.0,"max_hp_gain":0.0,"max_hp_loss":0.0,"gold_gain":0.0,"event_name":"Golden Wing","player_choice":"Card Removal","floor":3.0,"gold_loss":0.0,"damage_taken":7.0},{"damage_healed":0.0,"max_hp_gain":0.0,"max_hp_loss":7.0,"gold_gain":0.0,"event_name":"Golden Idol","player_choice":"Lose Max HP","floor":5.0,"gold_loss":0.0,"damage_taken":0.0,"relics_obtained":["Golden Idol"]},{"damage_healed":0.0,"max_hp_gain":0.0,"max_hp_loss":0.0,"gold_gain":0.0,"event_name":"Accursed Blacksmith","player_choice":"Rummage","floor":12.0,"gold_loss":0.0,"damage_taken":0.0,"relics_obtained":["WarpedTongs"],"cards_obtained":["Pain"]},{"damage_healed":0.0,"max_hp_gain":0.0,"max_hp_loss":0.0,"gold_gain":0.0,"event_name":"Back to Basics","player_choice":"Simplicity","floor":19.0,"gold_loss":0.0,"damage_taken":0.0,"cards_upgraded":["Strike_R","Strike_R","Strike_R","Strike_R","Defend_R","Defend_R","Defend_R","Defend_R"]},{"damage_healed":0.0,"max_hp_gain":0.0,"max_hp_loss":0.0,"gold_gain":0.0,"event_name":"Forgotten Altar","player_choice":"Gave Idol","floor":21.0,"relics_lost":["Golden Idol"],"gold_loss":0.0,"damage_taken":0.0,"relics_obtained":["Bloody Idol"]},{"cards_removed":["Strike_R"],"damage_healed":0.0,"max_hp_gain":0.0,"max_hp_loss":0.0,"gold_gain":0.0,"event_name":"Beggar","player_choice":"Gave Gold","floor":29.0,"gold_loss":75.0,"damage_taken":0.0},{"damage_healed":0,"gold_gain":0,"player_choice":"Max HP","damage_taken":0,"max_hp_gain":0,"max_hp_loss":3,"event_name":"Winding Halls","floor":41,"gold_loss":0}],"is_beta":false,"boss_relics":[{"not_picked":["Ectoplasm","Pandora\u0027s Box"],"picked":"Snecko Eye"},{"not_picked":["Sozu","Fusion Hammer"],"picked":"Cursed Key"}],"items_purged_floors":[20,37,46],"is_endless":false,"potions_floor_spawned":[2,6,11,14,16,22,27,31,33,38,39,40,44,45,47,48,55],"ascension_level":20}}