{"host":"2ioh1k9doqjhbns9","time":1609120503,"event":{"mods":["BaseMod","BetterRewards","Colored Map","Downfall","Minty Spire (QoL Compilation)","Replay The Spire","StSLib"],"gold_per_floor":[152,252,263,115,115,125,125,125,125,125,136,86,86,36,136,166,176,277,277,227,242,242,256,256,256,256,206,236,247,47,60,10,10,23,118,118,68,78,117,167,167,42,42,42,60,10,25,49,49,65,65,65],"floor_reached":53,"playtime":3187,"items_purged":[],"score":750,"play_id":"30b4d18c-dd20-4c79-b5ff-63017d81d30d","local_time":"20201228025503","is_ascension_mode":false,"campfire_choices":[{"floor":12,"key":"RECALL"},{"data":"Slimebound:Split","floor":14,"key":"SMITH"},{"floor":20,"key":"REST"},{"floor":27,"key":"REST"},{"floor":30,"key":"REST"},{"floor":32,"key":"REST"},{"floor":42,"key":"REST"},{"floor":44,"key":"REST"},{"floor":46,"key":"REST"}],"circlet_count":0,"master_deck":["Slimebound:Strike_Slimebound","Slimebound:Strike_Slimebound","Slimebound:Strike_Slimebound","Slimebound:Tackle","Slimebound:Defend_Slimebound","Slimebound:Defend_Slimebound","Slimebound:Defend_Slimebound","Slimebound:Split+1","Slimebound:CorrosiveSpit","Slimebound:SamplingLick","Slimebound:SplitAcid","Slimebound:FinishingTackle","Slimebound:FinishingTackle","Slimebound:SplitBruiser","Slimebound:SplitAcid","Slimebound:SplitMire","Slimebound:Dissolve","Slimebound:SamplingLick","Slimebound:SamplingLick+1","Slimebound:MassRepurpose","Slimebound:PressTheAttack","Slimebound:MassRepurpose","Slimebound:SplitAcid+1","RitualDagger","Slimebound:PrepareCrush","Slimebound:SplitBruiser+1","Slimebound:SplitLeeching","Slimebound:SplitBruiser","Slimebound:SpikyOuterGoop+1","Slimebound:Teamwork","Slimebound:GrowthPunch+1","Slimebound:SplitLeeching","Slimebound:SplitLeeching","Slimebound:SplitMire","Slimebound:SlimeTap+1","Slimebound:Equalize","Slimebound:SplitAcid+1"],"relics":["Slimebound:AbsorbEndCombat","Slimebound:GreedOozeRelic","Fusion Hammer","downfall:RedIOU","Garlic","Bronze Scales","Quantum Egg","downfall:HeartBlessingBlue","downfall:HeartBlessingRed","MealTicket","Ring of Chaos","Ring of Greed","Golden Idol","Blue Doll","downfall:HeartBlessingGreen","Replay:Bottled Steam","HornCleat"],"acts_visited":["Exordium","TheCity","TheBeyond"],"potions_floor_usage":[52,52],"damage_taken":[{"damage":12,"enemies":"2 Louse","floor":3,"turns":3},{"damage":4,"enemies":"downfall:FleeingMerchant","floor":4,"turns":4},{"damage":11,"enemies":"Cultist","floor":6,"turns":2},{"damage":12,"enemies":"Jaw Worm","floor":11,"turns":3},{"damage":15,"enemies":"Replay:BlueRogue","floor":16,"turns":5},{"damage":14,"enemies":"3 Louse","floor":17,"turns":2},{"damage":33,"enemies":"downfall:Watcher","floor":18,"turns":8},{"damage":10,"enemies":"Shell Parasite","floor":21,"turns":3},{"damage":4,"enemies":"Cultist and Chosen","floor":23,"turns":4},{"damage":14,"enemies":"Gremlin Leader","floor":28,"turns":3},{"damage":19,"enemies":"3 Cultists","floor":29,"turns":3},{"damage":28,"enemies":"Chosen and Byrds","floor":31,"turns":3},{"damage":38,"enemies":"Sentry and Sphere","floor":34,"turns":3},{"damage":56,"enemies":"downfall:Silent","floor":35,"turns":5},{"damage":32,"enemies":"3 Darklings","floor":38,"turns":4},{"damage":21,"enemies":"Orb Walker","floor":45,"turns":3},{"damage":46,"enemies":"Spire Growth","floor":47,"turns":3},{"damage":41,"enemies":"Jaw Worm Horde","floor":48,"turns":4},{"damage":44,"enemies":"Transient","floor":50,"turns":5},{"damage":49,"enemies":"4 Shapes","floor":51,"turns":3},{"damage":37,"enemies":"downfall:Defect","floor":52,"turns":5}],"seed_played":"-617688052353781028","potions_obtained":[{"floor":6,"key":"BlessingOfTheForge"},{"floor":18,"key":"Slimebound:SpawnSlimePotion"},{"floor":28,"key":"Block Potion"}],"is_trial":false,"path_per_floor":["R_BF","?","M","$","?","M","T","?","PTL","PTL","M","R","?","R","?","E","M","B",null,"R","M","?","M","?","T","T","R","E","M","R","M","R","T","M","B",null,"R_BF","M","?","?","?","R","T","R","M","R","M","M","T","M","M","B",null],"character_chosen":"SLIMEBOUND","items_purchased":["Slimebound:FinishingTackle","Slimebound:SplitBruiser","Slimebound:SplitAcid"],"campfire_rested":7,"item_purchase_floors":[4,4,4],"current_hp_per_floor":[66,66,58,66,66,66,66,66,66,66,66,66,71,71,71,76,76,69,76,76,76,70,76,76,76,76,76,76,76,86,86,86,86,76,58,86,86,80,46,46,46,71,71,86,86,86,60,59,59,75,70,79],"gold":65,"neow_bonus":"TEN_PERCENT_HP_BONUS","is_daily":false,"chose_seed":false,"campfire_upgraded":1,"win_rate":0.0,"timestamp":1609120503,"path_taken":["R_BF","?","?","?","?","M","T","?","PTL","PTL","?","R","?","R","?","E","M","BOSS","R","M","?","M","?","?","T","R","E","M","R","?","R","?","M","BOSS","R_BF","M","?","?","?","R","T","R","M","R","M","M","?","M","M","BOSS"],"items_purchased_type":["Card","Card","Card"],"build_version":"2020-12-22","purchased_purges":0,"victory":true,"max_hp_per_floor":[66,66,66,66,66,66,66,66,66,66,66,66,71,71,71,76,76,76,76,76,76,76,76,76,76,76,76,76,76,86,86,86,86,86,86,86,86,86,86,86,86,86,86,86,86,86,86,86,86,86,86,86],"card_choices":[{"not_picked":["Slimebound:GoopTackle","Slimebound:Gluttony"],"picked":"Slimebound:SamplingLick","floor":3},{"not_picked":["Slimebound:LeechingTouch","Slimebound:ViciousTackle"],"picked":"Slimebound:SplitAcid","floor":4},{"not_picked":["Slimebound:SplitLeeching","Slimebound:RollThrough"],"picked":"Slimebound:SplitMire","floor":6},{"not_picked":["Slimebound:SplitAcid","Slimebound:LeechingTouch"],"picked":"Slimebound:SamplingLick","floor":11},{"not_picked":["Slimebound:ProtectTheBoss","Slimebound:Chomp"],"picked":"Slimebound:MassRepurpose","floor":16},{"not_picked":["Slimebound:GrowthPunch","Slimebound:FinishingTackle"],"picked":"Slimebound:PressTheAttack","floor":17},{"not_picked":["Slimebound:WasteNot","Slimebound:DouseInSlime"],"picked":"Slimebound:MassRepurpose","floor":18},{"not_picked":["Slimebound:SlimeSpikes+1","Slimebound:ComboTackle"],"picked":"Slimebound:SplitAcid+1","floor":21},{"not_picked":["Slimebound:SplitBruiser","Slimebound:SlimeBarrage"],"picked":"Slimebound:PrepareCrush","floor":23},{"not_picked":["Slimebound:GoopSpray","Slimebound:SlimeBrawl"],"picked":"Slimebound:SplitBruiser+1","floor":28},{"not_picked":["Slimebound:HauntingLick","Slimebound:LeechEnergy"],"picked":"Slimebound:SplitLeeching","floor":29},{"not_picked":["Slimebound:Chomp","Slimebound:SplitMire"],"picked":"Slimebound:SplitBruiser","floor":31},{"not_picked":["Slimebound:ComboTackle+1","Slimebound:LeechingTouch"],"picked":"Slimebound:SpikyOuterGoop+1","floor":34},{"not_picked":["Slimebound:SelfFormingGoo","Slimebound:DuplicatedForm"],"picked":"Slimebound:Teamwork","floor":35},{"not_picked":["Slimebound:Grow","Slimebound:ProtectTheBoss"],"picked":"Slimebound:GrowthPunch+1","floor":38},{"not_picked":["Slimebound:RejuvenatingLick+1","Slimebound:SlimeSpikes"],"picked":"Slimebound:SplitLeeching","floor":39},{"not_picked":["Slimebound:LivingWall+1","Slimebound:ViciousTackle+1"],"picked":"Slimebound:SplitLeeching","floor":45},{"not_picked":["Slimebound:TongueLash+1","Slimebound:Dissolve"],"picked":"Slimebound:SplitMire","floor":47},{"not_picked":["Slimebound:ComboTackle","Slimebound:Nibble"],"picked":"Slimebound:SlimeTap+1","floor":48},{"not_picked":["Slimebound:MegaLick","Slimebound:HauntingLick"],"picked":"Slimebound:Equalize","floor":50},{"not_picked":["Slimebound:SamplingLick+1","Slimebound:SplitLeeching+1"],"picked":"Slimebound:SplitAcid+1","floor":51}],"player_experience":12695,"relics_obtained":[{"floor":16,"key":"Durian"},{"floor":25,"key":"Garlic"},{"floor":26,"key":"Bronze Scales"},{"floor":28,"key":"Quantum Egg"},{"floor":33,"key":"MealTicket"},{"floor":40,"key":"Ring of Greed"},{"floor":40,"key":"Golden Idol"},{"floor":40,"key":"Blue Doll"},{"floor":43,"key":"Replay:Bottled Steam"},{"floor":49,"key":"HornCleat"}],"event_choices":[{"damage_healed":0,"gold_gain":0,"player_choice":"Donut","damage_taken":0,"max_hp_gain":5,"max_hp_loss":0,"event_name":"Big Fish","floor":13,"gold_loss":0},{"cards_removed":["Slimebound:Defend_Slimebound"],"damage_healed":0,"gold_gain":0,"player_choice":"Removed Skill","damage_taken":0,"max_hp_gain":0,"max_hp_loss":0,"event_name":"Falling","floor":41,"gold_loss":0}],"is_beta":false,"boss_relics":[{"not_picked":["ReplayTheSpireMod:DimensionalGlitch","SlaversCollar"],"picked":"Fusion Hammer"},{"not_picked":["SacredBark","Replay:Wanted Poster"],"picked":"Ring of Chaos"}],"items_purged_floors":[],"is_endless":false,"potions_floor_spawned":[6,18,28,31,38,48],"ascension_level":0}}