{"host":"baymyijz6sxaqj5s","time":1609158758,"event":{"mods":["AchievementEnabler","BaseMod","Colored Map","Colored Powertips","DeckTracker","Highlight Path","KOR Keyword Fix","Keyboard Shortcuts","Minty Spire (QoL Compilation)","Quick Restart","StSLib","SuperFastMode"],"gold_per_floor":[116,116,136,136,155,171,186,38,65,65,65,65,75,88,88,187,187,200,213,62,81,98,98,198,198,198,218,232,247,247,258,258,258,258],"floor_reached":33,"playtime":1338,"items_purged":[],"score":245,"play_id":"eee33e5c-486d-4cf2-be18-745e4e483f88","local_time":"20201228213238","is_ascension_mode":false,"campfire_choices":[{"data":"Dualcast","floor":10,"key":"SMITH"},{"data":"Redo","floor":15,"key":"SMITH"},{"floor":23,"key":"REST"},{"data":"Leap","floor":25,"key":"SMITH"},{"floor":30,"key":"REST"},{"data":"Conserve Battery","floor":32,"key":"SMITH"}],"circlet_count":0,"master_deck":["Strike_B","Strike_B","Defend_B","Defend_B","Defend_B","Defend_B+1","Zap","Dualcast+1","Coolheaded","Static Discharge+1","Conserve Battery+1","Cold Snap","Darkness","Redo+1","Electrodynamics","Ball Lightning+1","Leap+1","Chaos"],"relics":["FrozenCore","Regal Pillow","MealTicket","Lee\u0027s Waffle","Molten Egg 2"],"acts_visited":["Exordium","TheCity"],"potions_floor_usage":[14,16,16,19,27,28,28,33],"damage_taken":[{"damage":0,"enemies":"Small Slimes","floor":1,"turns":3},{"damage":1,"enemies":"Jaw Worm","floor":3,"turns":5},{"damage":2,"enemies":"Cultist","floor":5,"turns":4},{"damage":0,"enemies":"Blue Slaver","floor":6,"turns":3},{"damage":4,"enemies":"Red Slaver","floor":7,"turns":5},{"damage":1,"enemies":"Looter","floor":13,"turns":4},{"damage":0,"enemies":"2 Fungi Beasts","floor":14,"turns":3},{"damage":18,"enemies":"Hexaghost","floor":16,"turns":9},{"damage":15,"enemies":"Spheric Guardian","floor":18,"turns":6},{"damage":26,"enemies":"Chosen","floor":19,"turns":6},{"damage":24,"enemies":"Snecko","floor":21,"turns":8},{"damage":12,"enemies":"Snake Plant","floor":22,"turns":4},{"damage":24,"enemies":"Chosen and Byrds","floor":27,"turns":5},{"damage":9,"enemies":"Centurion and Healer","floor":28,"turns":8},{"damage":15,"enemies":"Shelled Parasite and Fungi","floor":29,"turns":8},{"damage":2,"enemies":"Snecko","floor":31,"turns":5},{"damage":109,"enemies":"Automaton","floor":33,"turns":12}],"seed_played":"3895169092927009271","potions_obtained":[{"floor":6,"key":"Energy Potion"},{"floor":7,"key":"GamblersBrew"},{"floor":14,"key":"Weak Potion"},{"floor":16,"key":"FocusPotion"},{"floor":19,"key":"Energy Potion"},{"floor":21,"key":"Strength Potion"},{"floor":22,"key":"FearPotion"},{"floor":27,"key":"EssenceOfSteel"}],"is_trial":false,"path_per_floor":["M","?","M","?","M","M","M","$","T","R","$","?","M","M","R","B",null,"M","M","$","M","M","R","?","R","T","M","M","M","R","M","R","B"],"character_chosen":"DEFECT","items_purchased":["Regal Pillow","Lee\u0027s Waffle"],"campfire_rested":2,"item_purchase_floors":[8,20],"current_hp_per_floor":[82,75,74,58,56,56,52,52,52,52,67,67,66,66,66,48,82,67,41,89,65,53,89,89,89,89,65,56,41,82,80,80,0,0],"gold":258,"neow_bonus":"TEN_PERCENT_HP_BONUS","is_daily":false,"chose_seed":false,"campfire_upgraded":4,"win_rate":0.0,"timestamp":1609158758,"path_taken":["M","?","M","?","M","M","M","$","T","R","$","?","M","?","R","BOSS","M","M","$","M","M","R","?","R","T","?","M","M","R","M","R","BOSS"],"items_purchased_type":["Relic","Relic"],"build_version":"2020-12-22","purchased_purges":0,"victory":false,"max_hp_per_floor":[82,82,82,82,82,82,82,82,82,82,82,82,82,82,82,82,82,82,82,89,89,89,89,89,89,89,89,89,89,89,89,89,89,89],"card_choices":[{"not_picked":["Hologram","Gash"],"picked":"Coolheaded","floor":1},{"not_picked":["Reprogram","Steam Power"],"picked":"Static Discharge","floor":3},{"not_picked":["Barrage","Chill"],"picked":"Conserve Battery","floor":5},{"not_picked":["Machine Learning","Turbo"],"picked":"Cold Snap","floor":6},{"not_picked":["Cold Snap","Turbo"],"picked":"Darkness","floor":7},{"not_picked":["Tempest","Compile Driver"],"picked":"Redo","floor":13},{"not_picked":["Cold Snap","Coolheaded","Heatsinks"],"picked":"SKIP","floor":14},{"not_picked":["Amplify","Creative AI"],"picked":"Electrodynamics","floor":16},{"not_picked":["Go for the Eyes","Gash+1"],"picked":"Ball Lightning+1","floor":18},{"not_picked":["Rebound","Scrape+1","Ball Lightning+1"],"picked":"SKIP","floor":19},{"not_picked":["Cold Snap","Storm","Aggregate"],"picked":"SKIP","floor":21},{"not_picked":["Loop+1","Stack"],"picked":"Leap","floor":22},{"not_picked":["Tempest","Coolheaded","Genetic Algorithm"],"picked":"SKIP","floor":27},{"not_picked":["Conserve Battery+1","Blizzard+1","Creative AI"],"picked":"SKIP","floor":28},{"not_picked":["Coolheaded","Genetic Algorithm+1","Turbo"],"picked":"SKIP","floor":29},{"not_picked":["Undo","Ball Lightning+1"],"picked":"Chaos","floor":31}],"player_experience":281034,"relics_obtained":[{"floor":9,"key":"MealTicket"},{"floor":26,"key":"Molten Egg 2"}],"event_choices":[{"cards_removed":["Strike_B"],"damage_healed":0,"gold_gain":0,"player_choice":"Card Removal","damage_taken":7,"max_hp_gain":0,"max_hp_loss":0,"event_name":"Golden Wing","floor":2,"gold_loss":0},{"damage_healed":0,"gold_gain":0,"player_choice":"Entered Light","damage_taken":16,"max_hp_gain":0,"max_hp_loss":0,"event_name":"Shining Light","floor":4,"gold_loss":0,"cards_upgraded":["Defend_B","Static Discharge"]},{"cards_removed":["Strike_B"],"damage_healed":0,"gold_gain":0,"player_choice":"Offered Basic","damage_taken":0,"max_hp_gain":0,"max_hp_loss":0,"event_name":"Bonfire Elementals","floor":12,"gold_loss":0},{"damage_healed":0,"gold_gain":100,"player_choice":"Pray","damage_taken":0,"max_hp_gain":0,"max_hp_loss":0,"event_name":"Golden Shrine","floor":24,"gold_loss":0}],"is_beta":false,"boss_relics":[{"not_picked":["Inserter","Fusion Hammer"],"picked":"FrozenCore"}],"items_purged_floors":[],"is_endless":false,"potions_floor_spawned":[6,7,14,16,19,21,22,27],"killed_by":"Automaton","ascension_level":0}}