{"host":"nak33n7iw6yqkk3u","time":1609160262,"event":{"mods":["Act Like it!","BaseMod","Colored Map","Colored Powertips","DeckTracker","Downfall","Koishi","Marisa£®ÏF”Í°°ƒß¿Ì…≥£©","Minty Spire (QoL Compilation)","Quick Restart","Rare Cards Sparkle","Reimu£®≤©¿ˆ¡È√Œ£©","Remilia£®¿Ÿ√◊¿Ú—«£©","RumiaBox-¬∂√◊Ê´µƒ…Ò√ÿ∫–◊”","Shop Mod","StSLib","The Bug Knight","Waifu the Spire","Youmu£®ªÍ∆«—˝√Œ£©","Yuyuko","[IsaacMod]“‘»ˆº‚À˛","everything is the same but u backflip on backflip"],"gold_per_floor":[99,117,131,149,149,141,168,186,196,296,335,36,136,147,165,165,165,165],"floor_reached":16,"playtime":641,"items_purged":[],"score":142,"play_id":"87e16aec-747a-42fa-9c84-795912047ceb","local_time":"20201228205742","is_ascension_mode":true,"campfire_choices":[{"floor":1,"key":"RECALL"}],"circlet_count":0,"master_deck":["hexamod:Strike","hexamod:Strike","hexamod:Strike","hexamod:Strike","hexamod:Defend","hexamod:Defend","hexamod:Defend","hexamod:Defend","hexamod:Sear","hexamod:Float","EpicFetus","hexamod:AdvancingGuard","hexamod:ThirdSeal","hexamod:ThermalTransfer","hexamod:Firestarter","hexamod:BurningTouch","hexamod:Incineration","hexamod:SecondSeal","hexamod:HeatShield","hexamod:SpectralSpark","hexamod:HeatShield","hexamod:VolcanoVisage","hexamod:ThermalTransfer","SuicideKing","hexamod:Rewind","hexamod:BurningTouch"],"relics":["hexamod:SpiritBrand","HushsDoor","DeadEye","Dream Catcher"],"acts_visited":["Exordium"],"potions_floor_usage":[12,16,16],"damage_taken":[{"damage":1,"enemies":"Jaw Worm","floor":2,"turns":3},{"damage":0,"enemies":"Cultist","floor":3,"turns":3},{"damage":1,"enemies":"Small Slimes","floor":4,"turns":4},{"damage":3,"enemies":"Blue Slaver","floor":8,"turns":3},{"damage":3,"enemies":"3 Louse","floor":9,"turns":4},{"damage":0,"enemies":"Gremlin Nob","floor":11,"turns":3},{"damage":0,"enemies":"downfall:FleeingMerchant","floor":12,"turns":4},{"damage":6,"enemies":"2 Fungi Beasts","floor":14,"turns":3},{"damage":14,"enemies":"Blue Slaver","floor":15,"turns":3},{"damage":59,"enemies":"downfall:Ironclad","floor":16,"turns":9}],"seed_played":"449058339984019361","potions_obtained":[{"floor":2,"key":"Energy Potion"},{"floor":3,"key":"LiquidMemories"},{"floor":4,"key":"EssenceOfSteel"},{"floor":14,"key":"Fire Potion"}],"is_trial":false,"path_per_floor":["R","M","M","M","?","?","T","M","M","?","E","$","?","M","M","B"],"character_chosen":"THE_SPIRIT","items_purchased":["Fruit Juice","SuicideKing"],"campfire_rested":0,"item_purchase_floors":[12,12],"current_hp_per_floor":[70,69,69,68,68,68,68,65,62,62,62,67,67,61,47,0,0,0],"gold":165,"neow_bonus":"THREE_CARDS","is_daily":false,"chose_seed":false,"campfire_upgraded":0,"win_rate":0.0,"timestamp":1609160262,"path_taken":["R","M","M","M","?","?","T","M","M","?","E","$","?","M","M","BOSS"],"items_purchased_type":["Potion","Card"],"build_version":"2020-12-22","purchased_purges":0,"victory":false,"max_hp_per_floor":[70,70,70,70,70,70,70,70,70,70,70,75,75,75,75,75,75,75],"card_choices":[{"not_picked":[],"picked":"EpicFetus","floor":0},{"not_picked":["hexamod:NightmareStrike","hexamod:GhostLash"],"picked":"hexamod:AdvancingGuard","floor":0},{"not_picked":["hexamod:NightmareStrike","hexamod:BurningTouch"],"picked":"hexamod:ThirdSeal","floor":2},{"not_picked":["hexamod:NightmareStrike","hexamod:NightmareGuise"],"picked":"hexamod:ThermalTransfer","floor":3},{"not_picked":["hexamod:GhostShield","Bomb"],"picked":"hexamod:Firestarter","floor":3},{"not_picked":["hexamod:NightmareStrike","hexamod:DynamicBlow"],"picked":"hexamod:BurningTouch","floor":4},{"not_picked":["hexamod:SpectersWail","hexamod:DynamicBlow"],"picked":"hexamod:Incineration","floor":4},{"not_picked":["hexamod:GhostflameInferno","hexamod:ChargedBarrage"],"picked":"hexamod:HeatShield","floor":8},{"not_picked":["hexamod:RadiantFlame","hexamod:SpectralAdrenaline"],"picked":"hexamod:SpectralSpark","floor":9},{"not_picked":["hexamod:HauntingEcho","hexamod:GhostLash"],"picked":"Bomb","floor":9},{"not_picked":["hexamod:RainOfEmbers","hexamod:Firestarter"],"picked":"hexamod:HeatShield","floor":11},{"not_picked":["hexamod:ShieldOfDarkness","hexamod:PhantomCloak"],"picked":"hexamod:VolcanoVisage","floor":12},{"not_picked":["hexamod:BurningTouch","hexamod:NightmareStrike"],"picked":"hexamod:ThermalTransfer","floor":12},{"not_picked":["hexamod:PhantomFireball","hexamod:ShieldOfDarkness"],"picked":"hexamod:Rewind","floor":14},{"not_picked":["hexamod:SwordOfDarkness","hexamod:PhantomFireball"],"picked":"hexamod:BurningTouch","floor":15}],"player_experience":419455,"relics_obtained":[{"floor":11,"key":"Dream Catcher"}],"event_choices":[],"is_beta":false,"boss_relics":[],"items_purged_floors":[],"is_endless":false,"potions_floor_spawned":[2,3,4,14,15],"killed_by":"downfall:Ironclad","ascension_level":2}}