{"host":"3jjxuhjpio8e4zkv","time":1609197597,"event":{"mods":["BaseMod","Colored Map","Highlight Path","Minty Spire (QoL Compilation)","Permanent Neow","Relic Stats","StSLib"],"gold_per_floor":[213,232,243,255,273,273,273,299,368,387,6,6,18,18,18,96,96,113,133,133,146,7,7,7],"floor_reached":23,"playtime":1069,"items_purged":["Decay"],"score":390,"play_id":"c738c4e6-25f6-46a7-9c10-4169e279a769","local_time":"20201228181957","is_ascension_mode":true,"campfire_choices":[{"data":"Defragment","floor":6,"key":"SMITH"},{"data":"Genetic Algorithm","floor":12,"key":"SMITH"},{"data":"Consume","floor":15,"key":"SMITH"}],"circlet_count":0,"master_deck":["AscendersBane","Zap","Dualcast","Genetic Algorithm+1","Hello World","Defragment+1","Go for the Eyes","Hologram","Consume+1","Cold Snap","Self Repair","Capacitor","Fission","Compile Driver","Static Discharge","Seek","Skim","Redo","Force Field","Static Discharge","Compile Driver","Turbo","Steam Power+1","Stack","Buffer","Coolheaded"],"relics":["Cracked Core","Eternal Feather","Pear","Potion Belt","Pandora\u0027s Box"],"acts_visited":["Exordium","TheCity"],"potions_floor_usage":[5,8,13,13,16,16,19,23],"damage_taken":[{"damage":1,"enemies":"Cultist","floor":1,"turns":3},{"damage":7,"enemies":"Small Slimes","floor":2,"turns":3},{"damage":2,"enemies":"2 Louse","floor":3,"turns":3},{"damage":7,"enemies":"2 Fungi Beasts","floor":4,"turns":4},{"damage":13,"enemies":"3 Louse","floor":5,"turns":3},{"damage":19,"enemies":"Lagavulin","floor":8,"turns":8},{"damage":11,"enemies":"Red Slaver","floor":10,"turns":5},{"damage":4,"enemies":"Lots of Slimes","floor":13,"turns":4},{"damage":16,"enemies":"The Guardian","floor":16,"turns":11},{"damage":16,"enemies":"Shell Parasite","floor":18,"turns":6},{"damage":10,"enemies":"Chosen","floor":19,"turns":7},{"damage":16,"enemies":"Sentry and Sphere","floor":21,"turns":5},{"damage":47,"enemies":"Gremlin Leader","floor":23,"turns":7}],"seed_played":"1690794021419143487","potions_obtained":[{"floor":1,"key":"Swift Potion"},{"floor":2,"key":"BlessingOfTheForge"},{"floor":8,"key":"Block Potion"},{"floor":10,"key":"FearPotion"},{"floor":13,"key":"BlessingOfTheForge"},{"floor":18,"key":"Block Potion"},{"floor":19,"key":"SteroidPotion"}],"is_trial":false,"path_per_floor":["M","M","M","M","M","R","?","E","T","M","$","R","M","?","R","B",null,"M","M","?","M","$","E"],"character_chosen":"DEFECT","items_purchased":["Self Repair","Potion Belt","BlessingOfTheForge","Buffer","Coolheaded"],"campfire_rested":0,"item_purchase_floors":[11,11,11,22,22],"current_hp_per_floor":[63,56,54,47,34,34,34,15,25,14,14,23,19,19,31,22,66,57,54,54,45,45,0,0],"gold":7,"neow_bonus":"HUNDRED_GOLD","is_daily":false,"chose_seed":false,"campfire_upgraded":3,"win_rate":0.0,"timestamp":1609197597,"path_taken":["M","M","?","M","M","R","?","E","T","?","$","R","?","?","R","BOSS","M","M","?","M","$","E"],"items_purchased_type":["Card","Relic","Potion","Card","Card"],"build_version":"2020-12-22","purchased_purges":1,"victory":false,"max_hp_per_floor":[71,71,71,71,71,71,71,71,81,81,81,81,81,81,81,81,81,81,81,81,81,81,81,81],"relic_stats":{"counters":[13,69],"Eternal Feather":21,"Pandora\u0027s Box":["Compile Driver","Static Discharge","Seek","Skim","Redo","Force Field","Static Discharge","Compile Driver"],"obtain_stats":[{"Potion Belt":11,"Pear":9,"Eternal Feather":8,"Pandora\u0027s Box":17,"Cracked Core":0},{"Potion Belt":7,"Pear":6,"Eternal Feather":6,"Pandora\u0027s Box":9,"Cracked Core":0},{"Potion Belt":29,"Pear":24,"Eternal Feather":24,"Pandora\u0027s Box":44,"Cracked Core":0}]},"card_choices":[{"not_picked":["Scrape","Aggregate"],"picked":"Genetic Algorithm","floor":1},{"not_picked":["Scrape","Barrage"],"picked":"Hello World","floor":2},{"not_picked":["Conserve Battery","BootSequence"],"picked":"Defragment","floor":3},{"not_picked":["Gash","Beam Cell"],"picked":"Go for the Eyes","floor":4},{"not_picked":["Go for the Eyes","Leap"],"picked":"Hologram","floor":5},{"not_picked":["Genetic Algorithm","Blizzard"],"picked":"Consume","floor":8},{"not_picked":["Turbo","Gash"],"picked":"Cold Snap","floor":10},{"not_picked":["Rebound","Undo"],"picked":"Capacitor","floor":13},{"not_picked":["Meteor Strike","Machine Learning"],"picked":"Fission","floor":16},{"not_picked":["Rebound","Streamline"],"picked":"Turbo","floor":18},{"not_picked":["Capacitor","Static Discharge"],"picked":"Steam Power+1","floor":19},{"not_picked":["Rebound","Redo"],"picked":"Stack","floor":21}],"player_experience":1125996,"relics_obtained":[{"floor":8,"key":"Eternal Feather"},{"floor":9,"key":"Pear"}],"event_choices":[{"damage_healed":0,"gold_gain":0,"player_choice":"Cursed","damage_taken":0,"max_hp_gain":0,"max_hp_loss":0,"event_name":"Wheel of Change","floor":7,"gold_loss":0,"cards_obtained":["Decay"]},{"damage_healed":0,"gold_gain":0,"player_choice":"Ignored","damage_taken":0,"max_hp_gain":0,"max_hp_loss":0,"event_name":"Liars Game","floor":14,"gold_loss":0},{"damage_healed":0,"gold_gain":0,"player_choice":"Ignored","damage_taken":0,"max_hp_gain":0,"max_hp_loss":0,"event_name":"Cursed Tome","floor":20,"gold_loss":0}],"is_beta":false,"boss_relics":[{"not_picked":["SlaversCollar","Astrolabe"],"picked":"Pandora\u0027s Box"}],"items_purged_floors":[11],"is_endless":false,"potions_floor_spawned":[1,2,8,10,13,18,19],"killed_by":"Gremlin Leader","ascension_level":20}}