{"host":"h7xtspmc2x3i8s2i","time":1609195309,"event":{"mods":["2.2 Compatiblity","AchievementEnabler","Act Like it!","AlwaysNeverKeys","Aspiration","Astrologer","BaseMod","Beaked The Cultist","Bestiary","Better Altar","Better Match","Better Note","Better Sensory Stone","Better Skull","Better Third Choice","Better Vampires","Better-Laid Plans","BetterRewards","Challenge The Spire","Colored Map","Colored Powertips","Colorless Booster Pack","Curses Come First","Defuse TimeMaze Blight","Dio Mod","Disable Question Mark Monsters","Downfall","Duelist Mod","EXCEPTION","Emptier Cage","Energized Spire","Friendly Minions","GifTheSpireLib","Gold Saver","Gremlin Skip","Halation","Hubris","Ironclad Rager","Jedi Mod","Key Reminder","Marked Mod","Minty Spire (QoL Compilation)","Permanent Neow","Potion Indicator Mod","Quick Restart","Random Character Button","Random Character Mod","Rare Cards Sparkle","Relic Filter","Relic Stats","Replay The Spire","SacredBarkPlus","Shop Mod","Somnambulant","Spicy Shops","Spikes Relics","Spire Birthday Party","StSLib","Steal the Spire","Stuff the Spire","SuperFastMode","The Awakened One except there are too many feathers","The Blue Laboratory","The Cursed","The Death Knight","The Dragon Tamer","The Edgeheg","The Hierophant","The Problem Sleuth","The Runesmith","The Wild Card","TheVelvet","Transform Curses","Uncapped","Unceasing Turn Reminder","Virulent Crown","everything is the same but u backflip on backflip","slay the spire mod where everything is the same but ironclad has a cowboy hat","vexMod"],"gold_per_floor":[272,290,309,309,309,338,338,357,375,225,26,26,1,14,30,135,135,135,147,247,265,280,280,280,205,216,108,108,139,156,156,168,264,264,264,277,289,30,40,100,145,145,105,105,137,137,137,18,35,35,35],"floor_reached":50,"playtime":1965,"items_purged":[],"score":592,"play_id":"3fe9f528-3ed5-4d32-83b9-01fc3dbc057b","local_time":"20201228174149","is_ascension_mode":false,"campfire_choices":[{"floor":1,"key":"DIG"},{"floor":10,"key":"REST"},{"floor":12,"key":"REST"},{"floor":18,"key":"RECALL"},{"data":"Runesmith:CraftFirestone","floor":25,"key":"SMITH"},{"data":"Runesmith:CraftProtectio","floor":35,"key":"SMITH"},{"data":"Runesmith:ChiselStab","floor":42,"key":"SMITH"}],"circlet_count":0,"master_deck":["Runesmith:Strike_RS","Runesmith:Strike_RS","Runesmith:Strike_RS","Runesmith:Strike_RS","Runesmith:Defend_RS","Runesmith:Defend_RS","Runesmith:Defend_RS","Runesmith:Defend_RS","Runesmith:CraftFirestone+1","Runesmith:Fortify","Runesmith:Attraction+1","Runesmith:GoWithTheFlow","Runesmith:ArcReactor","Runesmith:ChiselStab+1","Runesmith:BackupBattery","Runesmith:CraftProtectio+1","Runesmith:EnergizedChisel","Runesmith:EnergizedChisel","Runesmith:CraftSpiculum","Runesmith:BackupBattery","Runesmith:CraftPrismatica","Runesmith:CraftMagma+1","Runesmith:RuneHurl","Runesmith:GoWithTheFlow+1","StuffTheSpire:Rapture","StuffTheSpire:Rapture","Runesmith:RunicBlueprint+1","Runesmith:CraftIndustria+1","Runesmith:StaticCage+1","expansioncontent:DashGenerateEvil","Runesmith:LithiumIon","Runesmith:StaticCage+1","Runesmith:ChaoticBlast","Runesmith:RuneHurl","Runesmith:EnergizedChisel+1","StuffTheSpire:Rapture","Runesmith:CraftObretio","Runesmith:LithiumIon","hubris:EnhanceAbility","Runesmith:GoWithTheFlow+1"],"relics":["Runesmith:BrokenRuby","Vajra","WizardHat","Guardian:PocketSentry","downfall:HeartBlessingGreen","downfall:HeartBlessingBlue","MerchantsRug","hubris:ScarierMask","StuffTheSpire:ForceGauntlet","downfall:HeartBlessingRed","halation:PrussianBluePaint","InkBottle","Simple Rune","hubris:Towel","vexMod:Dragonfruit","aspiration:ChemicalBlood"],"acts_visited":["Exordium","TheCity","TheBeyond"],"potions_floor_usage":[6,9,15,22,33,43,50,50],"damage_taken":[{"damage":0,"enemies":"Cultist","floor":2,"turns":3},{"damage":0,"enemies":"Jaw Worm","floor":3,"turns":4},{"damage":36,"enemies":"3 Sentries","floor":6,"turns":10},{"damage":0,"enemies":"2 Louse","floor":8,"turns":2},{"damage":9,"enemies":"Blue Slaver","floor":9,"turns":3},{"damage":5,"enemies":"downfall:FleeingMerchant","floor":11,"turns":4},{"damage":17,"enemies":"Exordium Thugs","floor":14,"turns":3},{"damage":0,"enemies":"2 Fungi Beasts","floor":15,"turns":2},{"damage":7,"enemies":"downfall:Watcher","floor":16,"turns":7},{"damage":0,"enemies":"Chosen","floor":19,"turns":5},{"damage":0,"enemies":"3 Byrds","floor":21,"turns":3},{"damage":12,"enemies":"Snake Plant","floor":22,"turns":5},{"damage":6,"enemies":"Cultist and Chosen","floor":26,"turns":3},{"damage":5,"enemies":"Book of Stabbing","floor":29,"turns":4},{"damage":10,"enemies":"Centurion and Healer","floor":30,"turns":3},{"damage":0,"enemies":"Snecko","floor":32,"turns":4},{"damage":3,"enemies":"downfall:Silent","floor":33,"turns":5},{"damage":0,"enemies":"3 Darklings","floor":36,"turns":4},{"damage":9,"enemies":"Orb Walker","floor":37,"turns":2},{"damage":0,"enemies":"downfall:FleeingMerchant","floor":38,"turns":4},{"damage":6,"enemies":"Jaw Worm Horde","floor":39,"turns":2},{"damage":0,"enemies":"downfall:FleeingMerchant","floor":43,"turns":4},{"damage":49,"enemies":"Reptomancer","floor":45,"turns":6},{"damage":0,"enemies":"downfall:FleeingMerchant","floor":48,"turns":2},{"damage":0,"enemies":"3 Darklings","floor":49,"turns":3},{"damage":23,"enemies":"downfall:Defect","floor":50,"turns":3}],"seed_played":"1048003020514887426","potions_obtained":[{"floor":3,"key":"blueLaboratory:BubblePotion"},{"floor":8,"key":"SkillPotion"},{"floor":14,"key":"Explosive Potion"},{"floor":15,"key":"blueLaboratory:HorrorPotion"},{"floor":16,"key":"blueLaboratory:BottledHope"},{"floor":26,"key":"blueLaboratory:AbyssPotion"},{"floor":30,"key":"AttackPotion"},{"floor":33,"key":"blueLaboratory:EnragingPotion"},{"floor":36,"key":"blueLaboratory:PyrophylliteBrew"},{"floor":39,"key":"jedi:mysterypotion"},{"floor":40,"key":"Slimebound:ThreeZeroPotion"},{"floor":45,"key":"ColorlessPotion"},{"floor":49,"key":"SkillPotion"}],"is_trial":false,"path_per_floor":["R_BF","M","M","?","?","E","T","M","M","R","$","R","?","M","M","B",null,"R_BF","M","?","M","M","?","T","R","M","?","?","E","M","?","M","B",null,"R","M","M","$","M","?","T","R","$","?","E","?","T","$","M","B"],"character_chosen":"RUNESMITH_CLASS","items_purchased":["MerchantsRug","Runesmith:EnergizedChisel","expansioncontent:DashGenerateEvil","Runesmith:LithiumIon","Runesmith:RuneHurl","aspiration:ChemicalBlood","Runesmith:CraftObretio","Runesmith:LithiumIon","hubris:EnhanceAbility"],"campfire_rested":2,"item_purchase_floors":[11,11,38,38,43,48,48,48,48],"current_hp_per_floor":[70,70,70,70,71,35,35,35,26,60,55,79,79,62,62,55,81,81,81,81,81,69,69,69,69,63,63,63,58,48,48,48,45,81,81,81,72,72,66,66,66,66,66,66,17,17,22,22,22,0,0],"gold":35,"neow_bonus":"RANDOM_COMMON_RELIC","is_daily":false,"chose_seed":false,"campfire_upgraded":3,"win_rate":0.0,"timestamp":1609195309,"path_taken":["R_BF","M","M","?","?","E","T","M","M","R","$","R","?","?","M","BOSS","R_BF","M","?","?","M","?","T","R","M","?","?","E","?","?","M","BOSS","R","M","M","$","?","?","T","R","$","?","E","?","?","?","M","BOSS"],"items_purchased_type":["Relic","Card","Card","Card","Card","Relic","Card","Card","Card"],"build_version":"2020-12-22","purchased_purges":0,"victory":false,"max_hp_per_floor":[70,70,70,70,71,71,71,71,71,81,81,81,81,81,81,81,81,81,81,81,81,81,81,81,81,81,81,81,81,81,81,81,81,81,81,81,81,81,81,81,81,81,81,81,81,81,86,86,86,86,86],"relic_stats":{"counters":[26,99],"obtain_stats":[{"WizardHat":1,"MerchantsRug":11,"Runesmith:BrokenRuby":0,"downfall:HeartBlessingRed":25,"StuffTheSpire:ForceGauntlet":24,"Vajra":0,"downfall:HeartBlessingGreen":10,"Guardian:PocketSentry":6,"hubris:Towel":44,"War Paint":45,"keyreminder:keyreminder":6,"vexMod:Dragonfruit":47,"downfall:HeartBlessingBlue":10,"halation:PrussianBluePaint":29,"hubris:ScarierMask":17,"Simple Rune":41,"InkBottle":40,"aspiration:ChemicalBlood":48},{"WizardHat":0,"MerchantsRug":6,"Runesmith:BrokenRuby":0,"downfall:HeartBlessingRed":12,"StuffTheSpire:ForceGauntlet":12,"Vajra":0,"downfall:HeartBlessingGreen":5,"Guardian:PocketSentry":3,"hubris:Towel":22,"War Paint":23,"keyreminder:keyreminder":3,"vexMod:Dragonfruit":23,"downfall:HeartBlessingBlue":5,"halation:PrussianBluePaint":14,"hubris:ScarierMask":9,"Simple Rune":21,"InkBottle":21,"aspiration:ChemicalBlood":24},{"WizardHat":0,"MerchantsRug":26,"Runesmith:BrokenRuby":0,"downfall:HeartBlessingRed":50,"StuffTheSpire:ForceGauntlet":50,"Vajra":0,"downfall:HeartBlessingGreen":22,"Guardian:PocketSentry":17,"hubris:Towel":85,"War Paint":91,"keyreminder:keyreminder":17,"vexMod:Dragonfruit":91,"downfall:HeartBlessingBlue":22,"halation:PrussianBluePaint":57,"hubris:ScarierMask":38,"Simple Rune":81,"InkBottle":81,"aspiration:ChemicalBlood":93}],"InkBottle":[13]},"card_choices":[{"not_picked":["Runesmith:UnstableHammer","Runesmith:RuneHurl"],"picked":"Runesmith:Attraction","floor":2},{"not_picked":["Runesmith:Repurpose","Runesmith:UnstableHammer"],"picked":"Runesmith:GoWithTheFlow","floor":3},{"not_picked":["Runesmith:EarthShield","Runesmith:Refine"],"picked":"Runesmith:ArcReactor","floor":6},{"not_picked":["Runesmith:HammerThrow","Runesmith:Grindstone"],"picked":"Runesmith:ChiselStab","floor":8},{"not_picked":["Runesmith:RuneHurl","Runesmith:HammerThrow"],"picked":"Runesmith:BackupBattery","floor":9},{"not_picked":["Runesmith:StaticCage","Runesmith:Refine"],"picked":"Runesmith:CraftProtectio","floor":11},{"not_picked":["Runesmith:Terraform","Runesmith:Grindstone"],"picked":"Runesmith:CraftSpiculum","floor":14},{"not_picked":["Runesmith:EarthShield","Runesmith:WhiteBalance"],"picked":"Runesmith:BackupBattery","floor":15},{"not_picked":["Runesmith:LastStand","Runesmith:DuctTape"],"picked":"Runesmith:CraftPrismatica","floor":16},{"not_picked":["Runesmith:EnergizedChisel","Runesmith:HeatExchange+1"],"picked":"Runesmith:CraftMagma+1","floor":19},{"not_picked":["Runesmith:StaticCage","Runesmith:HeatedChisel+1"],"picked":"Runesmith:RuneHurl","floor":21},{"not_picked":["Runesmith:Terraform+1","Runesmith:Malloc","Runesmith:Grindstone"],"picked":"SKIP","floor":22},{"not_picked":["Runesmith:HammerThrow+1","Runesmith:Overpower"],"picked":"Runesmith:GoWithTheFlow+1","floor":26},{"not_picked":["Runesmith:HammerAndChisel","Runesmith:DoubleUp"],"picked":"Runesmith:RunicBlueprint+1","floor":29},{"not_picked":["Runesmith:ChiselStab","Runesmith:CraftProtectio","Runesmith:EnergizedChisel"],"picked":"SKIP","floor":30},{"not_picked":["Runesmith:Discharge+1","Runesmith:MakeshiftArmor","Runesmith:NegativeSpace"],"picked":"SKIP","floor":32},{"not_picked":["Runesmith:Duplicate","Runesmith:GenerateForcefield"],"picked":"Runesmith:CraftIndustria","floor":33},{"not_picked":["Runesmith:CraftReservo","Runesmith:WhiteBalance+1","Runesmith:ShiftingStrike"],"picked":"SKIP","floor":36},{"not_picked":["Runesmith:CraftMagma+1","Runesmith:UnstableHammer"],"picked":"Runesmith:StaticCage+1","floor":37},{"not_picked":["Runesmith:EnergizedChisel+1","Runesmith:ChargedHammer+1","Runesmith:MakeshiftArmor"],"picked":"SKIP","floor":38},{"not_picked":["Runesmith:EarthShield+1","Runesmith:UnstableHammer"],"picked":"Runesmith:StaticCage+1","floor":39},{"not_picked":["Runesmith:Overpower","Runesmith:CraftProtectio+1"],"picked":"Runesmith:ChaoticBlast","floor":40},{"not_picked":["Runesmith:PoweredAnvil+1","Runesmith:HeatExchange","Runesmith:Grindstone+1"],"picked":"SKIP","floor":43},{"not_picked":["Runesmith:HeatedChisel+1","Runesmith:DoubleUp+1"],"picked":"Runesmith:EnergizedChisel+1","floor":45},{"not_picked":["StuffTheSpire:Ambrosia","StuffTheSpire:CelestialWarden"],"picked":"StuffTheSpire:Rapture","floor":46},{"not_picked":["Runesmith:Empowerment","Runesmith:FieryHammer+1","Runesmith:ChiselStab"],"picked":"SKIP","floor":48},{"not_picked":["Runesmith:Discharge+1","Runesmith:Grindstone"],"picked":"Runesmith:GoWithTheFlow+1","floor":49}],"player_experience":604283,"relics_obtained":[{"floor":1,"key":"WizardHat"},{"floor":6,"key":"Guardian:PocketSentry"},{"floor":24,"key":"StuffTheSpire:ForceGauntlet"},{"floor":29,"key":"halation:PrussianBluePaint"},{"floor":40,"key":"InkBottle"},{"floor":41,"key":"Simple Rune"},{"floor":45,"key":"War Paint"},{"floor":47,"key":"vexMod:Dragonfruit"}],"event_choices":[{"damage_healed":0,"gold_gain":0,"player_choice":"Ignored","damage_taken":0,"max_hp_gain":0,"max_hp_loss":0,"event_name":"betterNote:BetterNote","floor":23,"gold_loss":0,"cards_obtained":["Noxious Fumes"]},{"damage_healed":0,"gold_gain":0,"player_choice":"Copied","damage_taken":0,"max_hp_gain":0,"max_hp_loss":0,"event_name":"Duplicator","floor":28,"gold_loss":0,"cards_obtained":["StuffTheSpire:Rapture"]}],"is_beta":false,"boss_relics":[{"not_picked":["energizedSpire:HugeHouse","Cursed Key"],"picked":"hubris:ScarierMask"},{"not_picked":["Runic Dome","aspiration:IroncladSkillbook","halation:PinkAlligatorPlush"]}],"items_purged_floors":[],"is_endless":false,"potions_floor_spawned":[3,8,14,15,16,26,30,33,36,39,45,49],"killed_by":"downfall:Defect","ascension_level":0}}