{"host":"a4s27ghlnr83kbqz","time":1609148113,"event":{"mods":["AchievementEnabler","BaseMod","Colored Map","Minty Spire (QoL Compilation)","Permanent Neow","SuperFastMode"],"gold_per_floor":[17,17,33,58,133,133,158,158,158,197,210,210,241,269,269,362,362,383,404,604,196,219,219,240,240,240,258,158,158,191,206,206,295,295,319,71,404,404,416,416,451,465,513,542,542,542,542],"floor_reached":46,"playtime":1176,"items_purged":["Strike_R","Strike_R"],"score":1166,"play_id":"61503cf7-397c-4e99-a18c-353c77b85fce","local_time":"20201228173513","is_ascension_mode":true,"campfire_choices":[{"data":"Armaments","floor":6.0,"key":"SMITH"},{"floor":8.0,"key":"REST"},{"data":"Fire Breathing","floor":12.0,"key":"SMITH"},{"data":"Carnage","floor":15.0,"key":"SMITH"},{"data":"Demon Form","floor":23.0,"key":"SMITH"},{"floor":25.0,"key":"REST"},{"data":"Battle Trance","floor":29.0,"key":"SMITH"},{"floor":32.0,"key":"REST"},{"data":"Double Tap","floor":40,"key":"SMITH"}],"circlet_count":0,"master_deck":["AscendersBane","Strike_R+1","Defend_R","Defend_R","Defend_R","Bash+1","Twin Strike","Armaments+1","Cleave","Fire Breathing+1","Battle Trance+1","Carnage+1","Seeing Red","Double Tap+1","Havoc+1","Demon Form+1","Dark Embrace+1","Fiend Fire","Power Through","Second Wind","Body Slam+1","Evolve"],"relics":["Burning Blood","Kunai","Singing Bowl","Whetstone","Odd Mushroom","Velvet Choker","PreservedInsect","Orrery","Darkstone Periapt","TungstenRod","Snecko Eye","TheAbacus","Pear","Dream Catcher","Potion Belt"],"acts_visited":["Exordium","TheCity","TheBeyond"],"potions_floor_usage":[33],"damage_taken":[{"damage":2.0,"enemies":"2 Louse","floor":1.0,"turns":4.0},{"damage":5.0,"enemies":"Small Slimes","floor":3.0,"turns":3.0},{"damage":9.0,"enemies":"Jaw Worm","floor":4.0,"turns":5.0},{"damage":13.0,"enemies":"Red Slaver","floor":7.0,"turns":3.0},{"damage":20.0,"enemies":"Lagavulin","floor":10.0,"turns":5.0},{"damage":0.0,"enemies":"Exordium Wildlife","floor":11.0,"turns":2.0},{"damage":12.0,"enemies":"3 Sentries","floor":13.0,"turns":3.0},{"damage":4.0,"enemies":"The Mushroom Lair","floor":14.0,"turns":4.0},{"damage":0.0,"enemies":"Slime Boss","floor":16.0,"turns":6.0},{"damage":27.0,"enemies":"3 Byrds","floor":18.0,"turns":4.0},{"damage":0.0,"enemies":"Spheric Guardian","floor":19.0,"turns":3.0},{"damage":27.0,"enemies":"Snake Plant","floor":22.0,"turns":4.0},{"damage":23.0,"enemies":"Snecko","floor":24.0,"turns":4.0},{"damage":5.0,"enemies":"3 Cultists","floor":27.0,"turns":4.0},{"damage":13.0,"enemies":"Gremlin Leader","floor":30.0,"turns":5.0},{"damage":33.0,"enemies":"Snake Plant","floor":31.0,"turns":3.0},{"damage":26,"enemies":"Champ","floor":33,"turns":11},{"damage":0,"enemies":"3 Shapes","floor":35,"turns":6},{"damage":0,"enemies":"3 Darklings","floor":39,"turns":3},{"damage":29,"enemies":"Nemesis","floor":41,"turns":5},{"damage":31,"enemies":"Spire Growth","floor":42,"turns":6},{"damage":73,"enemies":"Reptomancer","floor":44,"turns":6},{"damage":30,"enemies":"Writhing Mass","floor":46,"turns":3}],"seed_played":"187033669008386318","potions_obtained":[{"floor":1.0,"key":"Weak Potion"},{"floor":7.0,"key":"EntropicBrew"},{"floor":11.0,"key":"CultistPotion"},{"floor":14.0,"key":"SmokeBomb"},{"floor":16.0,"key":"FearPotion"},{"floor":24.0,"key":"Block Potion"},{"floor":30.0,"key":"SpeedPotion"},{"floor":35,"key":"FairyPotion"},{"floor":44,"key":"Fire Potion"}],"is_trial":false,"path_per_floor":["M","?","M","M","?","R","M","R","T","E","M","R","E","?","R","B",null,"M","M","?","$","M","R","M","R","T","M","$","R","E","M","R","B",null,"M","$","?","?","M","R","E","M","T","E","?","M"],"character_chosen":"IRONCLAD","items_purchased":["PreservedInsect","Orrery","TheAbacus","Evolve"],"campfire_rested":3,"item_purchase_floors":[21,21,36,36],"current_hp_per_floor":[72,46,47,44,33,33,26,48,48,34,40,40,34,36,36,42,67,48,56,56,60,41,41,24,49,49,50,50,50,43,18,44,26,73,79,79,79,79,87,87,76,53,53,24,26,0,0],"gold":542,"neow_bonus":"REMOVE_TWO","is_daily":false,"chose_seed":false,"campfire_upgraded":6,"win_rate":0.0,"timestamp":1609148113,"path_taken":["M","?","M","M","?","R","M","R","T","E","M","R","E","?","R","BOSS","M","M","?","$","?","R","M","R","T","M","$","R","E","M","R","BOSS","M","$","?","?","?","R","E","M","T","E","?","M"],"items_purchased_type":["Relic","Relic","Relic","Card"],"build_version":"2020-12-22","purchased_purges":2,"victory":false,"max_hp_per_floor":[75,75,75,75,75,75,75,75,75,75,75,75,75,75,75,75,75,77,79,79,83,85,85,85,85,85,85,85,85,85,87,87,89,89,89,89,89,89,91,91,103,105,105,107,109,109,109],"card_choices":[{"not_picked":["Second Wind","Warcry"],"picked":"Twin Strike","floor":1.0},{"not_picked":["Sever Soul","Thunderclap"],"picked":"Armaments","floor":3.0},{"not_picked":["Havoc","Thunderclap"],"picked":"Cleave","floor":4.0},{"not_picked":["Twin Strike","Warcry","Cleave"],"picked":"SKIP","floor":7.0},{"not_picked":["Second Wind","Shrug It Off"],"picked":"Fire Breathing","floor":10.0},{"not_picked":["Cleave","Shrug It Off"],"picked":"Battle Trance","floor":11.0},{"not_picked":["Flame Barrier","Pummel"],"picked":"Carnage","floor":13.0},{"not_picked":["Sword Boomerang","Metallicize"],"picked":"Seeing Red","floor":14.0},{"not_picked":["Exhume","Limit Break"],"picked":"Double Tap","floor":16.0},{"not_picked":["Headbutt","Rupture","Wild Strike"],"picked":"Singing Bowl","floor":18.0},{"not_picked":["Anger","Havoc","Iron Wave"],"picked":"Singing Bowl","floor":19.0},{"not_picked":["Heavy Blade","Clash"],"picked":"Havoc+1","floor":21.0},{"not_picked":["Sword Boomerang","Ghostly Armor","Seeing Red"],"picked":"Singing Bowl","floor":21.0},{"not_picked":["Pommel Strike+1","Ghostly Armor"],"picked":"Demon Form","floor":21.0},{"not_picked":["Rage","Double Tap"],"picked":"Dark Embrace+1","floor":21.0},{"not_picked":["Havoc","Infernal Blade","Body Slam"],"picked":"Singing Bowl","floor":21.0},{"not_picked":["Pummel","Headbutt","Armaments"],"picked":"Singing Bowl","floor":22.0},{"not_picked":["Heavy Blade","Intimidate"],"picked":"Fiend Fire","floor":24.0},{"not_picked":["Seeing Red","Pommel Strike"],"picked":"Power Through","floor":27.0},{"not_picked":["Clash","Seeing Red"],"picked":"Second Wind","floor":30.0},{"not_picked":["Body Slam","Clothesline","Wild Strike"],"picked":"Singing Bowl","floor":31.0},{"not_picked":["Exhume","Juggernaut","Bludgeon"],"picked":"Singing Bowl","floor":33},{"not_picked":["Shrug It Off","True Grit+1"],"picked":"Body Slam+1","floor":35},{"not_picked":["Perfected Strike","True Grit+1","Infernal Blade"],"picked":"Singing Bowl","floor":39},{"not_picked":["Limit Break","Anger","Intimidate"],"picked":"Singing Bowl","floor":41},{"not_picked":["Twin Strike","Ghostly Armor+1","Iron Wave+1"],"picked":"Singing Bowl","floor":42},{"not_picked":["Spot Weakness+1","Cleave+1","Flame Barrier+1"],"picked":"Singing Bowl","floor":44},{"not_picked":["Dramatic Entrance","Good Instincts","Deep Breath"],"picked":"Singing Bowl","floor":45}],"player_experience":1055590,"relics_obtained":[{"floor":9.0,"key":"Kunai"},{"floor":10.0,"key":"Singing Bowl"},{"floor":13.0,"key":"Whetstone"},{"floor":14.0,"key":"Odd Mushroom"},{"floor":26.0,"key":"Darkstone Periapt"},{"floor":30.0,"key":"TungstenRod"},{"floor":41,"key":"Pear"},{"floor":43,"key":"Dream Catcher"},{"floor":44,"key":"Potion Belt"}],"event_choices":[{"damage_healed":0.0,"max_hp_gain":0.0,"max_hp_loss":0.0,"gold_gain":0.0,"event_name":"Golden Idol","player_choice":"Take Damage","floor":2.0,"gold_loss":0.0,"damage_taken":26.0,"relics_obtained":["Golden Idol"]},{"damage_healed":0.0,"max_hp_gain":0.0,"max_hp_loss":0.0,"gold_gain":75.0,"event_name":"World of Goop","player_choice":"Gather Gold","floor":5.0,"gold_loss":0.0,"damage_taken":11.0},{"damage_healed":0.0,"max_hp_gain":0.0,"max_hp_loss":0.0,"gold_gain":0.0,"event_name":"Mushrooms","player_choice":"Fought Mushrooms","floor":14.0,"gold_loss":0.0,"damage_taken":0.0},{"damage_healed":0.0,"max_hp_gain":0.0,"max_hp_loss":0.0,"gold_gain":250.0,"event_name":"The Joust","player_choice":"Bet on Owner","floor":20.0,"gold_loss":50.0,"damage_taken":0.0},{"damage_healed":0,"gold_gain":333,"player_choice":"Gave Idol","damage_taken":0,"max_hp_gain":0,"max_hp_loss":0,"event_name":"The Moai Head","floor":37,"relics_lost":["Golden Idol"],"gold_loss":0},{"cards_removed":["Strike_R"],"damage_healed":0,"gold_gain":0,"player_choice":"Offered Basic","damage_taken":0,"max_hp_gain":0,"max_hp_loss":0,"event_name":"Bonfire Elementals","floor":38,"gold_loss":0},{"damage_healed":0,"gold_gain":0,"player_choice":"Memory 1","damage_taken":0,"max_hp_gain":0,"max_hp_loss":0,"event_name":"SensoryStone","floor":45,"gold_loss":0}],"is_beta":false,"boss_relics":[{"not_picked":["Empty Cage","SlaversCollar"],"picked":"Velvet Choker"},{"not_picked":["Black Star","Sozu"],"picked":"Snecko Eye"}],"items_purged_floors":[21,28],"is_endless":false,"potions_floor_spawned":[1,7,11,14,16,24,30,31,35,44],"killed_by":"Writhing Mass","ascension_level":20}}