{"host":"7nu0fnckee4tlfez","time":1609190421,"event":{"mods":["2.2 Compatiblity","AchievementEnabler","Astrologer","BaseMod","CapriCore","Colored Map","Downfall","Hermit","Lobotomy","Marisa£¨Ùöéë¡¡Øª×âÞÞ£©","Minty Spire (QoL Compilation)","Quick Restart","StSLib","SuperFastMode","The Cursed","The Hierophant","The Immortal"],"gold_per_floor":[99,124,124,158,173,173,225,225,245,245,262,276,16,32,42,142,142,142,142,142,171,171],"floor_reached":21,"playtime":572,"items_purged":[],"score":257,"play_id":"7d6c28b5-fbe4-4057-acb1-fc16df40d3d0","local_time":"20201229062021","is_ascension_mode":false,"campfire_choices":[{"data":"Slimebound:Split","floor":1.0,"key":"SMITH"},{"data":"Slimebound:CorrosiveSpit","floor":3.0,"key":"SMITH"},{"data":"Slimebound:Schlurp","floor":10.0,"key":"SMITH"},{"data":"Slimebound:OozeBath","floor":18,"key":"SMITH"}],"circlet_count":0,"master_deck":["Slimebound:Strike_Slimebound","Slimebound:Strike_Slimebound","Slimebound:Tackle","Slimebound:Defend_Slimebound","Slimebound:Defend_Slimebound","Slimebound:Defend_Slimebound","Slimebound:Defend_Slimebound","Slimebound:Split+1","Slimebound:CorrosiveSpit+1","Slimebound:SplitBruiser","Slimebound:Schlurp+1","Slimebound:ComboTackle","Slimebound:SplitMire","Slimebound:SamplingLick","Slimebound:SlimeBrawl","Slimebound:OozeBath+1","Slimebound:LeechingTouch+1"],"relics":["Slimebound:AbsorbEndCombat","downfall:HeartsMalice","Dream Catcher","Omamori","Tiny Chest","Molten Egg 2","Slimebound:TarBlob","Blue Candle","Singing Bowl"],"acts_visited":["Exordium","TheCity"],"potions_floor_usage":[16,21],"damage_taken":[{"damage":0.0,"enemies":"Gremlin Nob","floor":2.0,"turns":1.0},{"damage":0.0,"enemies":"3 Sentries","floor":4.0,"turns":1.0},{"damage":5.0,"enemies":"Jaw Worm","floor":5.0,"turns":4.0},{"damage":14.0,"enemies":"Small Slimes","floor":9.0,"turns":2.0},{"damage":16,"enemies":"Cultist","floor":11,"turns":3},{"damage":25,"enemies":"Exordium Thugs","floor":12,"turns":3},{"damage":0,"enemies":"downfall:FleeingMerchant","floor":13,"turns":4},{"damage":12,"enemies":"Large Slime","floor":14,"turns":4},{"damage":22,"enemies":"Gremlin Gang","floor":15,"turns":3},{"damage":40,"enemies":"downfall:CharBossIronclad","floor":16,"turns":7},{"damage":47,"enemies":"Book of Stabbing","floor":21,"turns":5}],"seed_played":"7591351136549679642","potions_obtained":[{"floor":4.0,"key":"hexamod:EctoCoolerPotion"},{"floor":5.0,"key":"LiquidBronze"},{"floor":12,"key":"Strength Potion"},{"floor":14,"key":"Fire Potion"},{"floor":16,"key":"EssenceOfSteel"},{"floor":21,"key":"Dexterity Potion"}],"is_trial":false,"path_per_floor":["R","E","R","E","M","?","T","?","M","R","M","M","$","M","M","B",null,"R","T","?","E"],"character_chosen":"SLIMEBOUND","items_purchased":["Molten Egg 2"],"campfire_rested":0,"item_purchase_floors":[13],"current_hp_per_floor":[60,60,60,60,60,57,57,57,51,51,55,46,46,50,50,38,60,60,60,60,45,45],"gold":171,"neow_bonus":"THREE_ENEMY_KILL","is_daily":false,"chose_seed":false,"campfire_upgraded":4,"win_rate":0.0,"timestamp":1609190421,"path_taken":["R","E","R","E","M","?","T","?","M","R","?","M","?","M","M","BOSS","R","?","?","E"],"items_purchased_type":["Relic"],"build_version":"2020-12-22","purchased_purges":0,"victory":false,"max_hp_per_floor":[60,60,60,60,60,60,60,60,60,60,60,60,60,60,60,60,60,60,60,60,60,60],"card_choices":[{"not_picked":["Slimebound:FirmFortitude","Slimebound:OneTwoCombo"],"picked":"Slimebound:SplitBruiser","floor":2.0},{"not_picked":["Slimebound:FinishingTackle","Slimebound:DivideAndConquer"],"picked":"Slimebound:Schlurp","floor":4.0},{"not_picked":["Slimebound:FlameTackle","Slimebound:Equalize"],"picked":"Slimebound:ComboTackle","floor":5.0},{"not_picked":["Slimebound:ServeAndProtect","Slimebound:SlimeBrawl"],"picked":"Slimebound:SplitMire","floor":9.0},{"not_picked":["Slimebound:SplitMire","Slimebound:Gluttony"],"picked":"Slimebound:SamplingLick","floor":11},{"not_picked":["Slimebound:SamplingLick","Slimebound:TongueLash"],"picked":"Slimebound:SlimeBrawl","floor":12},{"not_picked":["Slimebound:GoopTackle+1","Slimebound:BestDefense"],"picked":"Slimebound:OozeBath","floor":14},{"not_picked":["Slimebound:SplitMire","Slimebound:Schlurp"],"picked":"Slimebound:LeechingTouch+1","floor":15}],"player_experience":91145,"relics_obtained":[{"floor":2.0,"key":"Dream Catcher"},{"floor":4.0,"key":"Omamori"},{"floor":19,"key":"Blue Candle"},{"floor":21,"key":"Singing Bowl"}],"event_choices":[{"damage_healed":0.0,"max_hp_gain":0.0,"max_hp_loss":0.0,"gold_gain":0.0,"event_name":"Scrap Ooze","player_choice":"Success","floor":6.0,"gold_loss":0.0,"damage_taken":3.0,"relics_obtained":["Tiny Chest"]}],"is_beta":false,"boss_relics":[{"not_picked":["Astrolabe","Black Star"],"picked":"Slimebound:TarBlob"}],"items_purged_floors":[],"is_endless":false,"potions_floor_spawned":[4,5,12,14,15,16,21],"killed_by":"Book of Stabbing","ascension_level":0}}