{"host":"nwjx7hbomubpmo86","time":1609117347,"event":{"mods":["AchievementEnabler","BaseMod","Better Note","Better Third Choice","Downfall","Hermit","Hubris","Minty Spire (QoL Compilation)","Replay The Spire","StSLib","The Blackbeard","The Necromancer","The Saiyan","slay the spire mod where everything is the same but ironclad has a cowboy hat"],"gold_per_floor":[111,22,22,297,314,314,325,325,351,351,365,386,386,346,346,437,737,755,755,12,37,51,51,86,86,86,86,109,109,148,30,30,125,125,140,19292,19313,19313,19338,19369,19369,19404,19404,19435,19450,18870,18884,18915,18915,18915,18915,18915,18915,18206,18245,18245],"floor_reached":57,"playtime":2870,"items_purged":["Regret","Doubt","Doubt","CommonCold"],"score":2807,"play_id":"fa5211f8-eb27-4716-8abb-9081e07aad9d","local_time":"20201228020227","is_ascension_mode":true,"campfire_choices":[{"floor":6.0,"key":"REST"},{"floor":10.0,"key":"REST"},{"floor":15.0,"key":"RECALL"},{"data":"Noxious Fumes","floor":23,"key":"SMITH"},{"data":"Sadistic Nature","floor":25,"key":"SMITH"},{"data":"Infinite Blades","floor":27,"key":"SMITH"},{"data":"Envenom","floor":32,"key":"SMITH"},{"data":"Infinite Blades","floor":41,"key":"SMITH"},{"data":"Discovery","floor":49,"key":"SMITH"},{"data":"ReplayTheSpireMod:Brewmster","floor":53,"key":"SMITH"}],"circlet_count":0,"master_deck":["AscendersBane","Echo Form","Strike_G","Strike_G","Strike_G","Strike_G","Defend_G","Defend_G","Defend_G","Defend_G","Defend_G","Survivor","Neutralize","Poisoned Stab","Fluid Movement","Burn+1","Dagger Throw","Injury","Bane","ReplayTheSpireMod:Speed Training","Second Wind","Poisoned Stab","Envenom+1","Replay:Poison Smokescreen","Corpse Explosion","Noxious Fumes+1","ReplayTheSpireMod:Speed Training","Sadistic Nature+1","Infinite Blades+1","Adrenaline","Blur+1","Infinite Blades+1","ReplayTheSpireMod:Speed Training","Finisher","Replay:Bag of Tricks","Hidden Blade","Cloak And Dagger","Cloak And Dagger","ReplayTheSpireMod:Brewmster+1","Specialist","Poisoned Stab","Infinite Blades","Flying Knee","Deadly Poison+1","Dagger Spray","Slice","Setup","Quick Slash","The Bomb","Caltrops","Flying Knee","Discovery+1","Envenom","Deadly Poison+1","ReplayTheSpireMod:Scrap Shanks","Cloak And Dagger","Sneak Up","Predator","Master of Strategy","Blind","Replay:Poison Smokescreen"],"relics":["Ring of Chaos","Golden Idol","Tiny Chest","Boot","Replay:Ancient Bell","Happy Flower","HornCleat","Old Coin","Mango","CaptainsWheel","Snake Skull","ReplayTheSpireMod:TigerMarble","Replay:Bronze Core","Membership Card","hubris:TinFlute","Dream Catcher","Darkstone Periapt","Bronze Scales","PreservedInsect","Iron Hammer","Bird Faced Urn","TwistedFunnel","Replay:Rubber Ducky","Ninja Scroll","Oddly Smooth Stone","Mummified Hand","Vajra","Medical Kit","Gremlin Food"],"acts_visited":[],"potions_floor_usage":[33,35,37,37,40,40,40,40,50,50,56,56],"damage_taken":[{"damage":26.0,"enemies":"Jaw Worm","floor":1.0,"turns":8.0},{"damage":13.0,"enemies":"Cultist","floor":5.0,"turns":4.0},{"damage":10.0,"enemies":"Small Slimes","floor":7.0,"turns":5.0},{"damage":19.0,"enemies":"3 Louse","floor":11.0,"turns":7.0},{"damage":15.0,"enemies":"Gremlin Gang","floor":12.0,"turns":5.0},{"damage":13.0,"enemies":"Looter","floor":14.0,"turns":4.0},{"damage":182.0,"enemies":"Fading Forest","floor":16.0,"turns":13.0},{"damage":38.0,"enemies":"Chosen","floor":18.0,"turns":6.0},{"damage":51,"enemies":"Shell Parasite","floor":21,"turns":7},{"damage":45,"enemies":"Snake Plant","floor":22,"turns":6},{"damage":90,"enemies":"Slavers","floor":24,"turns":5},{"damage":43,"enemies":"Gremlin Leader","floor":30,"turns":7},{"damage":83,"enemies":"Automaton","floor":33,"turns":7},{"damage":25,"enemies":"3 Darklings","floor":35,"turns":4},{"damage":5,"enemies":"Orb Walker","floor":37,"turns":3},{"damage":64,"enemies":"Spire Growth","floor":39,"turns":6},{"damage":188,"enemies":"Giant Head","floor":40,"turns":8},{"damage":102,"enemies":"Reptomancer","floor":42,"turns":7},{"damage":52,"enemies":"Mind Bloom Boss Battle","floor":44,"turns":6},{"damage":62,"enemies":"Jaw Worm Horde","floor":45,"turns":5},{"damage":0,"enemies":"4 Shapes","floor":47,"turns":4},{"damage":60,"enemies":"Giant Head","floor":48,"turns":6},{"damage":90,"enemies":"Donu and Deca","floor":50,"turns":7},{"damage":10,"enemies":"hubris:GrandSnecko","floor":51,"turns":9},{"damage":55,"enemies":"Shield and Spear","floor":55,"turns":6},{"damage":287,"enemies":"The Heart","floor":56,"turns":9}],"seed_played":"-4998844616511746876","potions_obtained":[{"floor":7.0,"key":"Strength Potion"},{"floor":11.0,"key":"Flashbang"},{"floor":12.0,"key":"CunningPotion"},{"floor":24,"key":"CultistPotion"},{"floor":33,"key":"Adrenaline Potion"},{"floor":35,"key":"SkillPotion"},{"floor":42,"key":"Dexterity Potion"},{"floor":44,"key":"LiquidBronze"}],"is_trial":false,"path_per_floor":["M","$","?","?","M","R","M","?","T","R","M","M","?","M","R","B",null,"M","?","$","M","M","R","E","R","T","R","T","?","E","$","R","B",null,"M","$","M","T","M","E","R","E","T","?","M","$","M","E","R","B","B",null,"R","$","E","B",null],"character_chosen":"THE_SILENT","items_purchased":["Fluid Movement","Noxious Fumes","ReplayTheSpireMod:Speed Training","Sadistic Nature","Mango","ReplayTheSpireMod:Speed Training","Finisher","Cloak And Dagger","Membership Card","hubris:TinFlute","ReplayTheSpireMod:Brewmster","Specialist","Poisoned Stab","Infinite Blades","Dream Catcher","Poison Potion","Flying Knee","TwistedFunnel","Replay:Rubber Ducky","Ninja Scroll","The Bomb","Caltrops","Flying Knee","Discovery","Mummified Hand","Vajra","Medical Kit","ReplayTheSpireMod:Scrap Shanks","Cloak And Dagger","Sneak Up","Predator","Master of Strategy","Blind","Poison Potion","BlessingOfTheForge"],"campfire_rested":2,"item_purchase_floors":[2,20,20,20,20,31,31,36,36,36,36,36,36,36,36,36,36,46,46,46,46,46,46,46,54,54,54,54,54,54,54,54,54,54,54],"current_hp_per_floor":[33,33,33,33,20,39,29,29,29,48,29,14,173,160,160,66,66,28,28,42,184,139,139,191,191,191,191,191,90,175,175,175,92,90,200,200,195,195,131,100,100,122,122,200,200,200,90,165,165,90,90,90,90,90,90,23],"gold":18245,"neow_bonus":"BOSS_RELIC","is_daily":false,"chose_seed":false,"campfire_upgraded":7,"win_rate":0.0,"timestamp":1609117347,"path_taken":["M","$","?","?","?","R","M","?","T","R","M","M","?","M","R","BOSS","M","?","$","?","M","R","E","R","T","R","?","?","E","$","R","BOSS","M","?","?","?","M","E","R","E","T","?","M","$","M","E","R","BOSS","BOSS","R","$","E","BOSS"],"items_purchased_type":["Card","Card","Card","Card","Relic","Card","Card","Card","Relic","Relic","Card","Card","Card","Card","Relic","Potion","Card","Relic","Relic","Relic","Card","Card","Card","Card","Relic","Relic","Relic","Card","Card","Card","Card","Card","Card","Potion","Potion"],"build_version":"2020-12-22","purchased_purges":4,"victory":true,"max_hp_per_floor":[66,66,66,66,66,66,66,66,66,66,66,66,66,66,66,66,66,66,66,80,80,80,80,80,80,80,80,80,90,90,90,90,90,90,90,90,90,90,90,90,90,90,90,90,90,90,90,90,90,90,90,90,90,90,90,90],"card_choices":[{"not_picked":["Cloak And Dagger","hubris:Sniper"],"picked":"Poisoned Stab","floor":1.0},{"not_picked":["Dagger Spray","Dodge and Roll"],"picked":"Dagger Throw","floor":5.0},{"not_picked":["Predator","Acrobatics"],"picked":"Doppelganger","floor":7.0},{"not_picked":["Prepared","Flying Knee"],"picked":"Bane","floor":11.0},{"not_picked":["Riddle With Holes","Backflip"],"picked":"ReplayTheSpireMod:Speed Training","floor":12.0},{"not_picked":["hubris:TrickCloak","Atom Bomb"],"picked":"Poisoned Stab","floor":14.0},{"not_picked":["Glass Knife","Night Terror"],"picked":"Envenom","floor":16.0},{"not_picked":["Shame","Amnesia"],"picked":"CommonCold","floor":17.0},{"not_picked":["Pain","sneckomod:Bewildered"],"picked":"Doubt","floor":17.0},{"not_picked":["hubris:Sloth","Normality"],"picked":"Doubt","floor":17.0},{"not_picked":["Quick Slash","Slice"],"picked":"Replay:Poison Smokescreen","floor":18.0},{"not_picked":["Blade Dance+1","Quick Slash"],"picked":"Infinite Blades","floor":21},{"not_picked":["PiercingWail","ReplayTheSpireMod:The Works"],"picked":"Adrenaline","floor":22},{"not_picked":["Deflect","Dagger Throw"],"picked":"Blur+1","floor":24},{"not_picked":["Leg Sweep","Dagger Spray"],"picked":"Infinite Blades","floor":30},{"not_picked":["Night Terror","Wraith Form v2"],"picked":"Replay:Bag of Tricks","floor":33},{"not_picked":["Dodge and Roll","Tactician"],"picked":"Hidden Blade","floor":35},{"not_picked":["Well Laid Plans","ReplayTheSpireMod:Speed Training"],"picked":"Deadly Poison+1","floor":37},{"not_picked":["Bane+1","Replay:Bag of Tricks"],"picked":"Dagger Spray","floor":39},{"not_picked":["Blade Dance","Dagger Spray"],"picked":"Slice","floor":40},{"not_picked":["Quick Slash","hubris:SlightOfHand","Acrobatics"],"picked":"SKIP","floor":42},{"not_picked":["Dagger Spray","hubris:SlightOfHand+1"],"picked":"Setup","floor":44},{"not_picked":["Acrobatics","ReplayTheSpireMod:Tripwire"],"picked":"Quick Slash","floor":45},{"not_picked":["Blur","Underhanded Strike"],"picked":"Envenom","floor":47},{"not_picked":["Glass Knife","Setup"],"picked":"Deadly Poison+1","floor":48},{"not_picked":["Poisoned Stab","Acrobatics"],"picked":"Replay:Poison Smokescreen","floor":55}],"player_experience":594474,"relics_obtained":[{"floor":9.0,"key":"Tiny Chest"},{"floor":24,"key":"CaptainsWheel"},{"floor":28,"key":"Snake Skull"},{"floor":30,"key":"ReplayTheSpireMod:TigerMarble"},{"floor":38,"key":"Darkstone Periapt"},{"floor":40,"key":"Bronze Scales"},{"floor":42,"key":"PreservedInsect"},{"floor":43,"key":"Iron Hammer"},{"floor":44,"key":"Bird Faced Urn"},{"floor":48,"key":"Oddly Smooth Stone"},{"floor":55,"key":"Gremlin Food"}],"event_choices":[{"damage_healed":33.0,"max_hp_gain":0.0,"max_hp_loss":66.0,"gold_gain":0.0,"event_name":"betterThird:BetterShining","player_choice":"Embrace Burn","floor":3.0,"gold_loss":0.0,"damage_taken":0.0},{"damage_healed":0.0,"max_hp_gain":0.0,"max_hp_loss":0.0,"gold_gain":275.0,"event_name":"Golden Shrine","player_choice":"Desecrate","floor":4.0,"gold_loss":0.0,"damage_taken":0.0,"cards_obtained":["Regret"]},{"damage_healed":0.0,"max_hp_gain":0.0,"max_hp_loss":0.0,"gold_gain":0.0,"event_name":"Golden Idol","player_choice":"Take Wound","floor":8.0,"gold_loss":0.0,"damage_taken":0.0,"relics_obtained":["Golden Idol"],"cards_obtained":["Injury"]},{"damage_healed":0.0,"max_hp_gain":0.0,"max_hp_loss":0.0,"gold_gain":0.0,"cards_transformed":["Strike_G"],"event_name":"Transmorgrifier","player_choice":"Transformed","floor":19.0,"gold_loss":0.0,"damage_taken":0.0,"cards_obtained":["Corpse Explosion"]},{"cards_removed":["Doppelganger"],"damage_healed":-111,"gold_gain":0,"player_choice":"Offered Rare","damage_taken":0,"max_hp_gain":10,"max_hp_loss":0,"event_name":"Bonfire Elementals","floor":29,"gold_loss":0},{"damage_healed":0,"gold_gain":0,"player_choice":"Fight","damage_taken":0,"max_hp_gain":0,"max_hp_loss":0,"event_name":"MindBloom","floor":44,"gold_loss":0}],"is_beta":false,"boss_relics":[{"not_picked":["SlaversCollar","Snecko Eye"],"picked":"Replay:Ancient Bell"},{"not_picked":["Replay:Bandana","Orichalcum"],"picked":"Happy Flower"},{"not_picked":["ReplayTheSpireMod:Shallot","InkBottle"],"picked":"HornCleat"},{"not_picked":["Gambling Chip","hubris:MedicalManual"],"picked":"Old Coin"},{"not_picked":["Coffee Dripper","Replay:Drink Me"],"picked":"Replay:Bronze Core"}],"items_purged_floors":[20,36,46,54],"is_endless":false,"potions_floor_spawned":[7,11,12,24,33,35,42,44,47],"ascension_level":20}}