{"host":"2nhpogk5xa0u9xre","time":1609120839,"event":{"mods":["Aspiration","BaseMod","Colored Powertips","Googly Eyes","Hubris","Infinite Spire","Minty Spire (QoL Compilation)","Rare Cards Sparkle","Replay The Spire","StSLib","The Construct","The Hayseed","The Hierophant","The Runesmith","everything is the same but u backflip on backflip"],"gold_per_floor":[117,135,146,163,175,175,145,155,155,155,190,190,213,213,213,333,333,273,88,13,29,29,29,44,69,96,96,96],"floor_reached":27,"playtime":1405,"items_purged":["Injury"],"score":215,"play_id":"ffe44ea6-999b-45e3-a7b9-ad64de6a8899","local_time":"20201227210039","is_ascension_mode":false,"campfire_choices":[{"data":"construct:BatteryCore","floor":6,"key":"SMITH"},{"data":"construct:Autoturret","floor":12,"key":"SMITH"},{"data":"construct:Autoturret","floor":15,"key":"SMITH"},{"floor":23,"key":"REST"}],"circlet_count":0,"master_deck":["construct:Strike_Gold","construct:Strike_Gold","construct:Strike_Gold","construct:Strike_Gold","construct:Strike_Gold","construct:Defend_Gold","construct:Defend_Gold","construct:Defend_Gold","construct:Defend_Gold","construct:Defend_Gold","construct:DefenseMode","construct:Forcefield","construct:Reinforce","construct:Autoturret+1","construct:BatteryAcid","construct:BatteryCore+1","construct:MetalShell","construct:Autoturret+1","construct:LongRangeLance","construct:GuardCore","construct:Autoturret+1","construct:Backup","construct:Failsafe","construct:Analyze","construct:Analyze"],"relics":["construct:Cogwheel","NeowsBlessing","hubris:FunFungus","Golden Idol","WingedGreaves","Black Star","MutagenicStrength","MealTicket"],"acts_visited":["Exordium","TheCity"],"potions_floor_usage":[13,16,16,18,25],"damage_taken":[{"damage":0,"enemies":"Cultist","floor":1,"turns":1},{"damage":0,"enemies":"Small Slimes","floor":2,"turns":1},{"damage":0,"enemies":"2 Louse","floor":3,"turns":1},{"damage":4,"enemies":"Blue Slaver","floor":4,"turns":7},{"damage":1,"enemies":"2 Fungi Beasts","floor":5,"turns":6},{"damage":5,"enemies":"Looter","floor":7,"turns":4},{"damage":7,"enemies":"Exordium Wildlife","floor":8,"turns":9},{"damage":9,"enemies":"Replay:BlueRogue","floor":11,"turns":23},{"damage":15,"enemies":"Exordium Thugs","floor":13,"turns":7},{"damage":14,"enemies":"The Guardian","floor":16,"turns":20},{"damage":28,"enemies":"2 Thieves","floor":18,"turns":4},{"damage":45,"enemies":"3 Byrds","floor":21,"turns":10},{"damage":35,"enemies":"Snake Plant","floor":24,"turns":7},{"damage":0,"enemies":"3 Cultists","floor":25,"turns":2},{"damage":23,"enemies":"Gremlin Leader","floor":27,"turns":6}],"seed_played":"6958452517913349881","potions_obtained":[{"floor":3,"key":"Reflective Coating"},{"floor":11,"key":"Explosive Potion"},{"floor":13,"key":"Block Potion"},{"floor":16,"key":"LiquidBronze"},{"floor":24,"key":"infinitespire:BlackPotion"}],"is_trial":false,"path_per_floor":["M","M","M","M","M","R","M","M","T","?","E","R","M","?","R","B",null,"M","$","?","M","?","R","M","M","T","E"],"character_chosen":"THE_CONSTRUCT_MOD","items_purchased":["construct:Autoturret+1","construct:Backup"],"campfire_rested":1,"item_purchase_floors":[19,19],"current_hp_per_floor":[85,85,85,81,80,80,75,68,68,68,85,85,76,85,85,85,85,60,60,60,24,24,49,18,18,18,0,0],"gold":96,"neow_bonus":"THREE_ENEMY_KILL","is_daily":false,"chose_seed":false,"campfire_upgraded":3,"win_rate":0.0,"timestamp":1609120839,"path_taken":["M","M","M","M","M","R","M","M","T","?","E","R","M","?","R","BOSS","M","$","?","M","?","R","M","M","T","E"],"items_purchased_type":["Card","Card"],"build_version":"2020-12-22","purchased_purges":1,"victory":false,"max_hp_per_floor":[85,85,85,85,85,85,85,85,85,85,85,85,85,85,85,85,85,85,85,85,85,85,85,85,85,85,85,85],"card_choices":[{"not_picked":["construct:SyphonStrike","construct:Versatility"],"picked":"construct:Forcefield","floor":1},{"not_picked":["construct:MetalShell","construct:ScrapCannon"],"picked":"construct:Reinforce","floor":2},{"not_picked":["construct:Anticipate","construct:SweepLaser"],"picked":"construct:Autoturret","floor":3},{"not_picked":["construct:Backup","construct:Missile"],"picked":"construct:BatteryAcid","floor":4},{"not_picked":["construct:VentSteam","construct:Backfire"],"picked":"construct:BatteryCore","floor":5},{"not_picked":["construct:ShiftGuard","construct:SaveState"],"picked":"construct:MetalShell","floor":7},{"not_picked":["construct:ChargeShot","construct:SaveState","construct:Chainstrike"],"picked":"SKIP","floor":8},{"not_picked":["construct:Electrocute","construct:ForceCore","construct:ClusterMines"],"picked":"SKIP","floor":11},{"not_picked":["construct:SweepLaser","construct:Disrupt"],"picked":"construct:Autoturret","floor":13},{"not_picked":["construct:MassProduction","construct:BatteryCore"],"picked":"construct:LongRangeLance","floor":16},{"not_picked":["construct:ScrapCannon","construct:SweepLaser"],"picked":"construct:GuardCore","floor":18},{"not_picked":["construct:HeavyBolt+1","construct:SuppressiveFire+1"],"picked":"construct:Failsafe","floor":21},{"not_picked":["construct:SweepLaser+1","construct:Impenetrable"],"picked":"construct:Analyze","floor":24},{"not_picked":["construct:PowerUp","construct:ShiftStrike"],"picked":"construct:Analyze","floor":25}],"player_experience":194860,"relics_obtained":[{"floor":9,"key":"hubris:FunFungus"},{"floor":11,"key":"WingedGreaves"},{"floor":26,"key":"MealTicket"}],"event_choices":[{"damage_healed":0,"gold_gain":0,"player_choice":"Take Wound","damage_taken":0,"relics_obtained":["Golden Idol"],"max_hp_gain":0,"max_hp_loss":0,"event_name":"Golden Idol","floor":10,"gold_loss":0,"cards_obtained":["Injury"]},{"cards_removed":["construct:AttackMode"],"damage_healed":0,"gold_gain":0,"player_choice":"Gave Gold","damage_taken":0,"max_hp_gain":0,"max_hp_loss":0,"event_name":"Beggar","floor":20,"gold_loss":75},{"damage_healed":0,"gold_gain":0,"player_choice":"Inject Mutagens","damage_taken":0,"relics_obtained":["MutagenicStrength"],"max_hp_gain":0,"max_hp_loss":0,"event_name":"Drug Dealer","floor":22,"gold_loss":0}],"is_beta":false,"boss_relics":[{"not_picked":["Busted Crown","Fusion Hammer"],"picked":"Black Star"}],"items_purged_floors":[19],"is_endless":false,"potions_floor_spawned":[3,11,13,16,24],"killed_by":"Gremlin Leader","ascension_level":0}}