{"host":"6xsbn6ynqlzwllfm","time":1609165465,"event":{"mods":["2.2 Compatiblity","BaseMod","Bestiary","Colored Map","Colored Powertips","Curses Come First","Highlight Path","Keyboard Shortcuts","Minty Spire (QoL Compilation)","Quick Restart","Relic Stats","Slay the Relics Exporter","StSLib","SuperFastMode"],"gold_per_floor":[113,73,38,38,38,71,71,71,71,71,112,132,157,0,0,95,95,116,134,159,22,22,22],"floor_reached":22,"playtime":597,"items_purged":["Strike_R"],"score":484,"play_id":"a2478568-6cb3-4c2d-b1ea-325135ba4061","local_time":"20201228092425","is_ascension_mode":true,"campfire_choices":[{"data":"Offering","floor":8,"key":"SMITH"},{"data":"Dark Embrace","floor":10,"key":"SMITH"},{"data":"Inflame","floor":15,"key":"SMITH"}],"circlet_count":0,"master_deck":["AscendersBane","Strike_R","Defend_R","Defend_R","Defend_R","Defend_R","Bash","True Grit","Dark Embrace+1","Offering+1","Inflame+1","Thunderclap","Evolve","Fire Breathing","Offering","Twin Strike+1","Infernal Blade+1","Metallicize+1","Power Through","True Grit"],"relics":["Burning Blood","NeowsBlessing","The Courier","Golden Idol","Matryoshka","Blue Candle","PreservedInsect","Regal Pillow","Astrolabe","TheAbacus"],"acts_visited":["Exordium","TheCity"],"potions_floor_usage":[16,22],"damage_taken":[{"damage":0,"enemies":"Small Slimes","floor":1,"turns":1},{"damage":0,"enemies":"Lagavulin","floor":6,"turns":1},{"damage":0,"enemies":"Gremlin Nob","floor":11,"turns":1},{"damage":13,"enemies":"Jaw Worm","floor":12,"turns":3},{"damage":7,"enemies":"2 Louse","floor":13,"turns":4},{"damage":26,"enemies":"Hexaghost","floor":16,"turns":11},{"damage":12,"enemies":"3 Byrds","floor":18,"turns":7},{"damage":14,"enemies":"Chosen","floor":19,"turns":3},{"damage":15,"enemies":"Snecko","floor":20,"turns":6},{"damage":50,"enemies":"Masked Bandits","floor":22,"turns":4}],"seed_played":"-5307673607467254439","potions_obtained":[{"floor":1,"key":"Dexterity Potion"},{"floor":6,"key":"Swift Potion"},{"floor":11,"key":"BlessingOfTheForge"},{"floor":18,"key":"FearPotion"}],"is_trial":false,"path_per_floor":["M","$","?","T","?","E","?","R","T","R","E","M","M","$","R","B",null,"M","M","M","$","?"],"character_chosen":"IRONCLAD","items_purchased":["Dark Embrace","Evolve","Fire Breathing","TheAbacus"],"campfire_rested":0,"item_purchase_floors":[2,14,14,21],"current_hp_per_floor":[74,74,75,75,49,55,60,60,60,60,66,59,58,58,58,38,70,64,56,47,47,0,0],"gold":22,"neow_bonus":"THREE_ENEMY_KILL","is_daily":false,"chose_seed":false,"campfire_upgraded":3,"win_rate":0.0,"timestamp":1609165465,"path_taken":["M","$","?","?","?","E","?","R","T","R","E","?","M","$","R","BOSS","M","M","M","$","?"],"items_purchased_type":["Card","Card","Card","Relic"],"build_version":"2020-12-22","purchased_purges":1,"victory":false,"max_hp_per_floor":[75,75,75,75,75,75,80,80,80,80,80,80,80,80,80,80,80,80,80,80,80,80,80],"relic_stats":{"Regal Pillow":0,"TheAbacus":[12],"counters":[10,41],"Golden Idol":65,"Blue Candle":[0],"Astrolabe":["Twin Strike","Infernal Blade","Metallicize"],"PreservedInsect":0,"obtain_stats":[{"Regal Pillow":11,"Matryoshka":6,"TheAbacus":21,"NeowsBlessing":0,"Golden Idol":5,"Blue Candle":9,"Astrolabe":17,"The Courier":4,"PreservedInsect":9,"Burning Blood":0},{"Regal Pillow":3,"Matryoshka":2,"TheAbacus":9,"NeowsBlessing":0,"Golden Idol":1,"Blue Candle":2,"Astrolabe":6,"The Courier":1,"PreservedInsect":2,"Burning Blood":0},{"Regal Pillow":3,"Matryoshka":2,"TheAbacus":37,"NeowsBlessing":0,"Golden Idol":1,"Blue Candle":2,"Astrolabe":21,"The Courier":1,"PreservedInsect":2,"Burning Blood":0}],"Burning Blood":54},"card_choices":[{"not_picked":["Headbutt","Thunderclap"],"picked":"True Grit","floor":1},{"not_picked":["Perfected Strike","Combust"],"picked":"Offering","floor":6},{"not_picked":["Heavy Blade","Rampage"],"picked":"Inflame","floor":11},{"not_picked":["Clothesline","Havoc"],"picked":"Thunderclap","floor":12},{"not_picked":["Impervious","Double Tap"],"picked":"Offering","floor":16},{"not_picked":["Pommel Strike","Heavy Blade"],"picked":"Power Through","floor":18},{"not_picked":["Pommel Strike","Inflame"],"picked":"True Grit","floor":20}],"player_experience":1061996,"relics_obtained":[{"floor":4,"key":"The Courier"},{"floor":6,"key":"Matryoshka"},{"floor":9,"key":"Blue Candle"},{"floor":9,"key":"PreservedInsect"},{"floor":11,"key":"Regal Pillow"}],"event_choices":[{"damage_healed":18,"gold_gain":0,"player_choice":"Healed","damage_taken":0,"max_hp_gain":0,"max_hp_loss":0,"event_name":"The Cleric","floor":3,"gold_loss":35},{"damage_healed":0,"gold_gain":0,"player_choice":"Take Damage","damage_taken":26,"relics_obtained":["Golden Idol"],"max_hp_gain":0,"max_hp_loss":0,"event_name":"Golden Idol","floor":5,"gold_loss":0},{"damage_healed":0,"gold_gain":0,"player_choice":"Donut","damage_taken":0,"max_hp_gain":5,"max_hp_loss":0,"event_name":"Big Fish","floor":7,"gold_loss":0},{"damage_healed":0,"gold_gain":0,"player_choice":"Fought Bandits","damage_taken":0,"max_hp_gain":0,"max_hp_loss":0,"event_name":"Masked Bandits","floor":22,"gold_loss":0}],"is_beta":false,"boss_relics":[{"not_picked":["Coffee Dripper","Black Blood"],"picked":"Astrolabe"}],"items_purged_floors":[14],"is_endless":false,"potions_floor_spawned":[1,6,11,18,19],"killed_by":"Masked Bandits","ascension_level":20}}