{"host":"2uzrezb18q7r18aw","time":1609141238,"event":{"mods":["Act Like it!","BaseMod","Gensokyo","Minty Spire (QoL Compilation)","StSLib"],"gold_per_floor":[118,118,118,133,31,31,43,43,43,69,69,235,260,273,273,376,376,395,395,395,414,339,372,372,19,43,55,85,85,85,85,85,188,188,204,204,79,79,79,79,113,113,113,142,38,48,48,122,122,122],"floor_reached":51,"playtime":1774,"items_purged":["Gensokyo:AllTheWorldsEvil","Defend_R","Hemokinesis"],"score":870,"play_id":"3530a6fb-924c-440b-a9b9-2858f138cb11","local_time":"20201228164038","is_ascension_mode":false,"campfire_choices":[{"data":"Shrug It Off","floor":6.0,"key":"SMITH"},{"data":"Perfected Strike","floor":15.0,"key":"SMITH"},{"data":"Feed","floor":24.0,"key":"SMITH"},{"data":"Metallicize","floor":29.0,"key":"SMITH"},{"floor":32.0,"key":"REST"},{"data":"Gensokyo:TekeTeke","floor":40,"key":"SMITH"},{"data":"Second Wind","floor":42,"key":"SMITH"},{"floor":49,"key":"REST"}],"circlet_count":0,"master_deck":["Strike_R","Strike_R","Strike_R","Strike_R","Strike_R","Defend_R","Defend_R","Bash","Shrug It Off+1","Power Through","Feed+1","Twin Strike","Pommel Strike","Perfected Strike+1","Immolate","Battle Trance","Gensokyo:TekeTeke+1","Twin Strike+1","Metallicize+1","Second Wind+1","Impervious","Feel No Pain+1","Gensokyo:MedicineKit","Shrug It Off","Wild Strike+1","Gensokyo:Taser","True Grit+1"],"relics":["Burning Blood","Shuriken","StrikeDummy","Orichalcum","Ginger","Ornamental Fan","Runic Dome","Potion Belt","Matryoshka","Strawberry","Art of War","Lantern","Mark of Pain","MealTicket","White Beast Statue","Bronze Scales","Unceasing Top","Gremlin Horn"],"acts_visited":["Exordium","Gensokyo:Gensokyo","Gensokyo:Gensokyoer"],"potions_floor_usage":[33,33,50,50,50,50],"damage_taken":[{"damage":1.0,"enemies":"Gensokyo:3_Fairies","floor":1.0,"turns":4.0},{"damage":2.0,"enemies":"Gensokyo:Gryphon","floor":4.0,"turns":3.0},{"damage":7.0,"enemies":"Gensokyo:2_Kodama","floor":7.0,"turns":5.0},{"damage":24.0,"enemies":"Gensokyo:Mamizou","floor":10.0,"turns":9.0},{"damage":0.0,"enemies":"Gensokyo:LivingMonolith","floor":12.0,"turns":3.0},{"damage":37.0,"enemies":"Gensokyo:Aya","floor":13.0,"turns":7.0},{"damage":2.0,"enemies":"Gensokyo:VengefulSpirit","floor":14.0,"turns":4.0},{"damage":2.0,"enemies":"Gensokyo:Reimu","floor":16.0,"turns":7.0},{"damage":12.0,"enemies":"Gensokyo:3_Dogs","floor":18.0,"turns":4.0},{"damage":17.0,"enemies":"Gensokyo:AngelMirror","floor":21.0,"turns":6.0},{"damage":35.0,"enemies":"Gensokyo:Reisen","floor":23.0,"turns":9.0},{"damage":0.0,"enemies":"Gensokyo:3_Gloops","floor":27.0,"turns":3.0},{"damage":36.0,"enemies":"Gensokyo:Tenshi","floor":28.0,"turns":3.0},{"damage":78,"enemies":"Gensokyo:Kaguya","floor":33,"turns":10},{"damage":0,"enemies":"Gensokyo:3_Boulders","floor":35,"turns":3},{"damage":31,"enemies":"Gensokyo:Doremy","floor":41,"turns":7},{"damage":35,"enemies":"Gensokyo:Kasen","floor":44,"turns":6},{"damage":0,"enemies":"Gensokyo:3_Bats","floor":46,"turns":3},{"damage":18,"enemies":"Gensokyo:Shinki","floor":50,"turns":10}],"seed_played":"-5652996787720591924","potions_obtained":[{"floor":1.0,"key":"DuplicationPotion"},{"floor":4.0,"key":"Ancient Potion"},{"floor":13.0,"key":"Fire Potion"},{"floor":18.0,"key":"LiquidBronze"},{"floor":23.0,"key":"Fire Potion"},{"floor":35,"key":"FearPotion"},{"floor":44,"key":"PowerPotion"},{"floor":46,"key":"CultistPotion"}],"is_trial":false,"path_per_floor":["M","?","T","M","COS","R","M","$","T","E","?","M","E","M","R","B",null,"M","?","?","M","$","E","R","$","T","M","E","R","?","?","R","B",null,"M","?","$","?","$","R","E","R","T","E","COS","M","?","T","R","B",null],"character_chosen":"IRONCLAD","items_purchased":["Matryoshka"],"campfire_rested":2,"item_purchase_floors":[25],"current_hp_per_floor":[88,96,96,96,96,96,95,95,95,77,77,86,58,65,65,72,108,105,100,100,92,92,66,66,66,73,83,53,53,53,53,88,16,117,121,121,121,121,121,121,100,100,100,71,71,81,81,81,119,111],"gold":122,"neow_bonus":"TEN_PERCENT_HP_BONUS","is_daily":false,"chose_seed":false,"campfire_upgraded":6,"win_rate":0.0,"timestamp":1609141238,"path_taken":["M","?","?","M","COS","R","?","?","T","E","?","?","E","M","R","BOSS","M","?","?","M","$","E","R","$","T","?","E","R","?","?","R","BOSS","M","?","$","?","?","R","E","R","T","E","COS","?","?","?","R","BOSS"],"items_purchased_type":["Relic"],"build_version":"2020-12-22","purchased_purges":3,"victory":true,"max_hp_per_floor":[88,96,96,96,96,96,96,96,96,96,96,99,102,105,105,108,108,111,100,100,103,103,106,106,106,113,117,117,117,117,117,117,117,117,121,121,121,121,121,121,125,125,125,125,125,129,129,129,129,129],"card_choices":[{"not_picked":["Intimidate","Warcry","Infernal Blade"],"picked":"SKIP","floor":1.0},{"not_picked":["Iron Wave","Perfected Strike"],"picked":"Shrug It Off","floor":4.0},{"not_picked":["Sentinel","Wild Strike"],"picked":"Power Through","floor":7.0},{"not_picked":["Searing Blow","Clash"],"picked":"Feed","floor":10.0},{"not_picked":["Dual Wield","Blood for Blood"],"picked":"Twin Strike","floor":11.0},{"not_picked":["Headbutt","Power Through"],"picked":"Hemokinesis","floor":12.0},{"not_picked":["Seeing Red","True Grit"],"picked":"Pommel Strike","floor":13.0},{"not_picked":["Headbutt","Whirlwind"],"picked":"Perfected Strike","floor":14.0},{"not_picked":["Barricade","Impervious"],"picked":"Immolate","floor":16.0},{"not_picked":["Intimidate","Armaments"],"picked":"Battle Trance","floor":18.0},{"not_picked":["Gensokyo:LittleGreenMen","Gensokyo:ManorOfTheDishes"],"picked":"Gensokyo:TekeTeke","floor":19.0},{"not_picked":["Body Slam+1","Clash"],"picked":"Twin Strike+1","floor":21.0},{"not_picked":["Searing Blow+1","Reckless Charge"],"picked":"Metallicize","floor":23.0},{"not_picked":["Clash","Carnage","True Grit"],"picked":"SKIP","floor":27.0},{"not_picked":["Juggernaut","Warcry","Dual Wield"],"picked":"SKIP","floor":28.0},{"not_picked":["Fiend Fire","Bludgeon"],"picked":"Impervious","floor":33},{"not_picked":["Uppercut","Clothesline+1"],"picked":"Feel No Pain+1","floor":35},{"not_picked":["Clothesline+1","Clash+1"],"picked":"Shrug It Off","floor":41},{"not_picked":["Iron Wave+1","Thunderclap+1"],"picked":"Wild Strike+1","floor":44},{"not_picked":["Anger+1","Barricade"],"picked":"True Grit+1","floor":46},{"not_picked":["Armaments+1","Headbutt+1","Rupture+1"],"picked":"SKIP","floor":46}],"player_experience":580484,"relics_obtained":[{"floor":3.0,"key":"Shuriken"},{"floor":9.0,"key":"StrikeDummy"},{"floor":10.0,"key":"Orichalcum"},{"floor":13.0,"key":"Ornamental Fan"},{"floor":23.0,"key":"Potion Belt"},{"floor":26.0,"key":"Strawberry"},{"floor":26.0,"key":"Art of War"},{"floor":28.0,"key":"Lantern"},{"floor":41,"key":"MealTicket"},{"floor":43,"key":"White Beast Statue"},{"floor":43,"key":"Bronze Scales"},{"floor":44,"key":"Unceasing Top"},{"floor":48,"key":"Gremlin Horn"}],"event_choices":[],"is_beta":false,"boss_relics":[{"not_picked":["Runic Pyramid","Snecko Eye"],"picked":"Runic Dome"},{"not_picked":["Pandora\u0027s Box","Calling Bell"],"picked":"Mark of Pain"}],"items_purged_floors":[22,25,37],"is_endless":false,"potions_floor_spawned":[1,4,13,14,18,23,35,44,46],"ascension_level":0}}