{"host":"j0vzbnzm6n2ctevn","time":1609160917,"event":{"mods":["AchievementEnabler","BaseMod","Minty Spire (QoL Compilation)","Shop Mod"],"gold_per_floor":[112,287,297,297,372,372,402,414,441,441,454,467,56,70,70,168,168,179,179,79,98,118,118,118],"floor_reached":23,"playtime":1048,"items_purged":["Bash","Strike_R"],"score":212,"play_id":"fc0bfe92-1d7f-4bde-bccd-bf6e71fe11ea","local_time":"20201228210837","is_ascension_mode":true,"campfire_choices":[{"data":"Iron Wave","floor":6,"key":"SMITH"},{"data":"Armaments","floor":15,"key":"SMITH"}],"circlet_count":0,"master_deck":["Strike_R","Strike_R","Strike_R","Defend_R","Defend_R","Defend_R","Iron Wave+1","Juggernaut","Rage","Rage","Armaments+1","Double Tap","Seeing Red","Searing Blow","Metallicize"],"relics":["Burning Blood","Pen Nib","MealTicket","White Beast Statue","Question Card","Busted Crown"],"acts_visited":["Exordium","TheCity"],"potions_floor_usage":[7,14,14,21,22,23,23],"damage_taken":[{"damage":1,"enemies":"Cultist","floor":1,"turns":3},{"damage":9,"enemies":"2 Louse","floor":3,"turns":3},{"damage":29,"enemies":"Lagavulin","floor":7,"turns":9},{"damage":8,"enemies":"Small Slimes","floor":8,"turns":4},{"damage":6,"enemies":"Looter","floor":11,"turns":3},{"damage":9,"enemies":"Blue Slaver","floor":12,"turns":4},{"damage":1,"enemies":"2 Fungi Beasts","floor":14,"turns":2},{"damage":7,"enemies":"The Guardian","floor":16,"turns":11},{"damage":10,"enemies":"Shell Parasite","floor":18,"turns":6},{"damage":7,"enemies":"3 Byrds","floor":21,"turns":4},{"damage":18,"enemies":"Snake Plant","floor":22,"turns":5},{"damage":69,"enemies":"Slavers","floor":23,"turns":4}],"seed_played":"-6214290221925893042","potions_obtained":[{"floor":3,"key":"SkillPotion"},{"floor":7,"key":"Explosive Potion"},{"floor":8,"key":"Explosive Potion"},{"floor":11,"key":"Swift Potion"},{"floor":14,"key":"Swift Potion"},{"floor":16,"key":"Regen Potion"},{"floor":18,"key":"Weak Potion"},{"floor":21,"key":"Explosive Potion"},{"floor":22,"key":"Strength Potion"}],"is_trial":false,"path_per_floor":["M","?","M","?","?","R","E","M","T","T","M","M","$","M","R","B",null,"M","?","$","M","M","E"],"character_chosen":"IRONCLAD","items_purchased":["Rage","Question Card"],"campfire_rested":0,"item_purchase_floors":[13,13],"current_hp_per_floor":[72,72,69,62,51,51,28,26,26,26,26,23,38,43,43,42,72,68,68,72,71,59,0,0],"gold":118,"neow_bonus":"REMOVE_TWO","is_daily":false,"chose_seed":false,"campfire_upgraded":2,"win_rate":0.0,"timestamp":1609160917,"path_taken":["M","?","M","?","?","R","E","M","T","?","M","M","$","?","R","BOSS","M","?","$","M","M","E"],"items_purchased_type":["Card","Relic"],"build_version":"2020-12-22","purchased_purges":2,"victory":false,"max_hp_per_floor":[72,72,72,72,72,72,72,72,72,72,72,72,72,72,72,72,72,72,72,72,72,72,72,72],"card_choices":[{"not_picked":["Intimidate","Rampage"],"picked":"Iron Wave","floor":1},{"not_picked":["Feel No Pain","Headbutt","Burning Pact"],"picked":"SKIP","floor":3},{"not_picked":["Wild Strike","Armaments"],"picked":"Juggernaut","floor":7},{"not_picked":["Perfected Strike","Wild Strike","Twin Strike"],"picked":"SKIP","floor":8},{"not_picked":["Ghostly Armor","Dark Embrace"],"picked":"Rage","floor":11},{"not_picked":["Feel No Pain","Burning Pact","Heavy Blade"],"picked":"SKIP","floor":12},{"not_picked":["Twin Strike","Cleave","Heavy Blade"],"picked":"Armaments","floor":14},{"not_picked":["Feed","Limit Break","Reaper"],"picked":"Double Tap","floor":16},{"not_picked":["Sword Boomerang"],"picked":"Seeing Red","floor":18},{"not_picked":["Clash+1"],"picked":"Metallicize","floor":21},{"not_picked":["True Grit","Armaments"],"picked":"SKIP","floor":22}],"player_experience":52661,"relics_obtained":[{"floor":7,"key":"Pen Nib"},{"floor":9,"key":"MealTicket"},{"floor":10,"key":"White Beast Statue"}],"event_choices":[{"damage_healed":0,"gold_gain":175,"player_choice":"AGREE","damage_taken":0,"max_hp_gain":0,"max_hp_loss":0,"event_name":"Liars Game","floor":2,"gold_loss":0,"cards_obtained":["Doubt"]},{"cards_removed":["Doubt"],"damage_healed":0,"gold_gain":0,"player_choice":"Card Removal","damage_taken":7,"max_hp_gain":0,"max_hp_loss":0,"event_name":"Golden Wing","floor":4,"gold_loss":0},{"damage_healed":0,"gold_gain":75,"player_choice":"Gather Gold","damage_taken":11,"max_hp_gain":0,"max_hp_loss":0,"event_name":"World of Goop","floor":5,"gold_loss":0},{"damage_healed":0,"gold_gain":0,"player_choice":"Read","damage_taken":0,"max_hp_gain":0,"max_hp_loss":0,"event_name":"The Library","floor":19,"gold_loss":0,"cards_obtained":["Searing Blow"]}],"is_beta":false,"boss_relics":[{"not_picked":["Runic Dome","Sozu"],"picked":"Busted Crown"}],"items_purged_floors":[13,20],"is_endless":false,"potions_floor_spawned":[3,7,8,11,12,14,16,18,21,22],"killed_by":"Slavers","ascension_level":2}}