{"host":"d1ko3fbbyfpftrlc","time":1609179860,"event":{"mods":["AchievementEnabler","BaseMod","Curses Come First","Minty Spire (QoL Compilation)","Replay The Spire","StSLib"],"gold_per_floor":[114,114,47,60,60,60,73,83,110,35,35,46,77,77,77,181,181,197,258,269,269,269,2,63,94,144,164,187,237,237,237],"floor_reached":30,"playtime":1168,"items_purged":["Defend_R"],"score":250,"play_id":"313b555d-57b3-4f6c-946b-5e7185a6b007","local_time":"20201229012420","is_ascension_mode":false,"campfire_choices":[{"data":"Infernal Blade","floor":6,"key":"SMITH"},{"data":"Life Link","floor":11,"key":"SMITH"},{"data":"Battle Trance","floor":15,"key":"SMITH"}],"circlet_count":0,"master_deck":["Strike_R","Strike_R","Strike_R","Strike_R","Strike_R","Defend_R","Infernal Blade+1","Life Link+1","Flex","Battle Trance+1","Exhume","Run Through","Replay:Undeath\u0027s Touch","Replay:Many Hands","Flex","Heavy Blade","Warcry+1","Replay:Undeath\u0027s Touch","Flex","Sever Soul","Shrug It Off","Inflame+1"],"relics":["Burning Blood","Ring of Hypnosis","Ring of Misfortune","Orichalcum","Pen Nib","SsserpentHead","SacredBark","Golden Egg","Bag of Marbles","Pet Ghost"],"acts_visited":["Exordium","TheCity"],"potions_floor_usage":[13,20,25,27],"damage_taken":[{"damage":4,"enemies":"2 Louse","floor":1,"turns":3},{"damage":2,"enemies":"Cultist","floor":4,"turns":3},{"damage":1,"enemies":"Small Slimes","floor":7,"turns":3},{"damage":12,"enemies":"2 Fungi Beasts","floor":8,"turns":3},{"damage":0,"enemies":"3 Louse","floor":12,"turns":2},{"damage":20,"enemies":"Lagavulin","floor":13,"turns":4},{"damage":56,"enemies":"The Guardian","floor":16,"turns":9},{"damage":19,"enemies":"Spheric Guardian","floor":18,"turns":4},{"damage":16,"enemies":"Shell Parasite","floor":19,"turns":6},{"damage":6,"enemies":"Cultist and Chosen","floor":20,"turns":4},{"damage":46,"enemies":"Shelled Parasite and Fungi","floor":24,"turns":5},{"damage":22,"enemies":"Slavers","floor":25,"turns":4},{"damage":5,"enemies":"Centurion and Healer","floor":27,"turns":2},{"damage":4,"enemies":"Cultist and Chosen","floor":30,"turns":3}],"seed_played":"-6200230532664614699","potions_obtained":[{"floor":8,"key":"Dexterity Potion"},{"floor":16,"key":"DuplicationPotion"},{"floor":19,"key":"Swift Potion"},{"floor":20,"key":"Energy Potion"}],"is_trial":false,"path_per_floor":["M","?","$","M","?","R","M","M","T","$","R","M","E","?","R","B",null,"M","M","M","PTL","PTL","$","M","E","?","M","T","?","M"],"character_chosen":"IRONCLAD","items_purchased":["Life Link","Golden Egg","Warcry"],"campfire_rested":0,"item_purchase_floors":[3,23,23],"current_hp_per_floor":[88,88,88,88,81,81,86,80,80,80,80,86,72,72,72,22,88,75,65,65,65,65,65,25,9,9,10,10,1,0,0],"gold":237,"neow_bonus":"TEN_PERCENT_HP_BONUS","is_daily":false,"chose_seed":false,"campfire_upgraded":3,"win_rate":0.0,"timestamp":1609179860,"path_taken":["M","?","$","M","?","R","M","M","T","$","R","M","E","?","R","BOSS","M","?","M","PTL","PTL","$","?","E","?","M","T","?","M"],"items_purchased_type":["Card","Relic","Card"],"build_version":"2020-12-22","purchased_purges":1,"victory":false,"max_hp_per_floor":[88,88,88,88,88,88,88,88,88,88,88,88,88,88,88,88,88,88,88,88,88,88,88,88,88,88,88,88,88,88,88],"card_choices":[{"not_picked":["Shrug It Off","Twin Strike"],"picked":"Infernal Blade","floor":1},{"not_picked":["Disarm","True Grit"],"picked":"Flex","floor":4},{"not_picked":["True Grit","Iron Wave"],"picked":"Battle Trance","floor":7},{"not_picked":["Fire Breathing","Evolve"],"picked":"Exhume","floor":8},{"not_picked":["Thunderclap","Body Slam"],"picked":"Run Through","floor":12},{"not_picked":["ReplayTheSpireMod:LeadingStrike","Perfected Strike"],"picked":"Replay:Undeath\u0027s Touch","floor":13},{"not_picked":["Demonic Infusion","Limit Break"],"picked":"Replay:Many Hands","floor":16},{"not_picked":["Perfected Strike","Blood for Blood"],"picked":"Flex","floor":18},{"not_picked":["Perfected Strike+1","Wild Strike"],"picked":"Heavy Blade","floor":19},{"not_picked":["Perfected Strike","Blood for Blood","Intimidate"],"picked":"SKIP","floor":20},{"not_picked":["Warcry+1","ReplayTheSpireMod:Strike From Hell+1"],"picked":"Replay:Undeath\u0027s Touch","floor":24},{"not_picked":["ReplayTheSpireMod:Strike From Hell","Dual Wield+1"],"picked":"Flex","floor":25},{"not_picked":["Clothesline","Heavy Blade+1"],"picked":"Inflame+1","floor":27}],"player_experience":33307,"relics_obtained":[{"floor":2,"key":"Ring of Hypnosis"},{"floor":2,"key":"Ring of Misfortune"},{"floor":9,"key":"Orichalcum"},{"floor":13,"key":"Pen Nib"},{"floor":25,"key":"Bag of Marbles"},{"floor":28,"key":"Pet Ghost"}],"event_choices":[{"cards_removed":["Bash"],"damage_healed":0,"gold_gain":0,"player_choice":"Card Removal","damage_taken":7,"max_hp_gain":0,"max_hp_loss":0,"event_name":"Golden Wing","floor":5,"gold_loss":0},{"damage_healed":0,"gold_gain":0,"player_choice":"Trade","damage_taken":0,"relics_obtained":["SsserpentHead"],"max_hp_gain":0,"max_hp_loss":0,"event_name":"FaceTrader","floor":14,"gold_loss":0},{"damage_healed":0,"gold_gain":0,"cards_transformed":["Defend_R","Defend_R"],"player_choice":"Became Test Subject","damage_taken":0,"max_hp_gain":0,"max_hp_loss":0,"event_name":"Drug Dealer","floor":26,"gold_loss":0,"cards_obtained":["Sever Soul","Shrug It Off"]},{"damage_healed":0,"gold_gain":0,"player_choice":"Stopped","damage_taken":9,"max_hp_gain":0,"max_hp_loss":0,"event_name":"Cursed Tome","floor":29,"gold_loss":0}],"is_beta":false,"boss_relics":[{"not_picked":["Replay:Wanted Poster","Velvet Choker"],"picked":"SacredBark"}],"items_purged_floors":[10],"is_endless":false,"potions_floor_spawned":[8,16,19,20],"killed_by":"Cultist and Chosen","ascension_level":0}}