{"host":"tiwza2kisyyrpq7h","time":1609186752,"event":{"mods":["BaseMod","Colored Powertips","Minty Spire (QoL Compilation)","Quick Restart","Rare Cards Sparkle","StSLib","SuperFastMode","The Servant 0.9.4","óô»ðÖ¸ÄÏ"],"gold_per_floor":[112,112,128,142,67,67,102,102,175,201,213,213,232,258,258,337,337,356,356,281,294,294,328,3,3,3],"floor_reached":25,"playtime":629,"items_purged":["Strike_R"],"score":528,"play_id":"bbcc3505-e87b-4442-8c41-3fbd9ec3420c","local_time":"20201229041912","is_ascension_mode":true,"campfire_choices":[{"data":"Bludgeon","floor":6.0,"key":"SMITH"},{"data":"Corruption","floor":8.0,"key":"SMITH"},{"data":"Whirlwind","floor":12.0,"key":"SMITH"},{"data":"Feel No Pain","floor":15.0,"key":"SMITH"}],"circlet_count":0,"master_deck":["AscendersBane","Strike_R","Strike_R","Strike_R","Defend_R","Defend_R","Defend_R","Defend_R","Bash","Bludgeon+1","Twin Strike","Whirlwind+1","Corruption+1","Seeing Red","Spot Weakness","True Grit+1","Feel No Pain+1","Immolate","Limit Break+1","CurseOfTheBell","Pommel Strike","Fire Breathing","Evolve"],"relics":["Burning Blood","Anchor","MealTicket","StrikeDummy","Ancient Tea Set","Tiny Chest","Calling Bell","Nunchaku","Question Card","Shovel","War Paint","Potion Belt","PreservedInsect"],"acts_visited":["Exordium","TheCity"],"potions_floor_usage":[25,25],"damage_taken":[{"damage":8.0,"enemies":"Small Slimes","floor":1.0,"turns":4.0},{"damage":4.0,"enemies":"2 Louse","floor":3.0,"turns":2.0},{"damage":4.0,"enemies":"Jaw Worm","floor":4.0,"turns":2.0},{"damage":20.0,"enemies":"3 Sentries","floor":7.0,"turns":5.0},{"damage":0.0,"enemies":"Gremlin Nob","floor":10.0,"turns":2.0},{"damage":3.0,"enemies":"Gremlin Gang","floor":11.0,"turns":4.0},{"damage":0.0,"enemies":"Exordium Wildlife","floor":13.0,"turns":1.0},{"damage":13.0,"enemies":"Lagavulin","floor":14.0,"turns":5.0},{"damage":54.0,"enemies":"Hexaghost","floor":16.0,"turns":9.0},{"damage":15.0,"enemies":"Shell Parasite","floor":18.0,"turns":4.0},{"damage":5.0,"enemies":"Chosen","floor":21.0,"turns":5.0},{"damage":29.0,"enemies":"Slavers","floor":23.0,"turns":5.0},{"damage":54,"enemies":"Book of Stabbing","floor":25,"turns":4}],"seed_played":"-8668235376920724025","potions_obtained":[{"floor":3.0,"key":"EntropicBrew"},{"floor":7.0,"key":"SpeedPotion"},{"floor":10.0,"key":"Regen Potion"},{"floor":18.0,"key":"Dexterity Potion"},{"floor":23.0,"key":"Block Potion"}],"is_trial":false,"path_per_floor":["M","?","M","M","?","R","E","R","T","E","M","R","M","E","R","B",null,"M","?","?","M","T","E","$","E"],"character_chosen":"IRONCLAD","items_purchased":["PreservedInsect","Regen Potion"],"campfire_rested":0,"item_purchase_floors":[24,24],"current_hp_per_floor":[66,66,68,70,70,70,56,56,56,62,65,65,71,64,64,16,60,63,42,42,43,43,20,35,0,0],"gold":3,"neow_bonus":"ONE_RANDOM_RARE_CARD","is_daily":false,"chose_seed":false,"campfire_upgraded":4,"win_rate":0.0,"timestamp":1609186752,"path_taken":["M","?","M","M","?","R","E","R","T","E","M","R","M","E","R","BOSS","M","?","?","?","?","E","?","E"],"items_purchased_type":["Relic","Potion"],"build_version":"2020-12-22","purchased_purges":1,"victory":false,"max_hp_per_floor":[75,75,75,75,75,75,75,75,75,75,75,75,75,75,75,75,75,75,80,80,80,80,80,80,80,80],"card_choices":[{"not_picked":["Twin Strike","Iron Wave","Perfected Strike"],"picked":"SKIP","floor":1.0},{"not_picked":["Iron Wave","Perfected Strike"],"picked":"Twin Strike","floor":1.0},{"not_picked":["Headbutt","True Grit"],"picked":"Whirlwind","floor":3.0},{"not_picked":["Entrench","Burning Pact"],"picked":"Corruption","floor":4.0},{"not_picked":["Twin Strike","True Grit"],"picked":"Seeing Red","floor":7.0},{"not_picked":["Twin Strike","Intimidate"],"picked":"Spot Weakness","floor":10.0},{"not_picked":["Wild Strike","Cleave"],"picked":"True Grit","floor":11.0},{"not_picked":["Dropkick","True Grit"],"picked":"Feel No Pain","floor":13.0},{"not_picked":["Shrug It Off","Thunderclap"],"picked":"Immolate","floor":14.0},{"not_picked":["Exhume","Immolate"],"picked":"Limit Break","floor":16.0},{"not_picked":["Headbutt","Anger","Havoc"],"picked":"Pommel Strike","floor":18.0},{"not_picked":["Searing Blow","Clash","Sentinel"],"picked":"Fire Breathing","floor":21.0},{"not_picked":["Double Tap","Feel No Pain","Heavy Blade+1"],"picked":"Evolve","floor":23.0}],"player_experience":891634,"relics_obtained":[{"floor":7.0,"key":"MealTicket"},{"floor":9.0,"key":"StrikeDummy"},{"floor":10.0,"key":"Ancient Tea Set"},{"floor":14.0,"key":"Tiny Chest"},{"floor":17.0,"key":"Nunchaku"},{"floor":17.0,"key":"Question Card"},{"floor":17.0,"key":"Shovel"},{"floor":22.0,"key":"War Paint"},{"floor":23.0,"key":"Potion Belt"}],"event_choices":[{"damage_healed":0.0,"max_hp_gain":0.0,"max_hp_loss":0.0,"gold_gain":0.0,"event_name":"Big Fish","player_choice":"Box","floor":2.0,"gold_loss":0.0,"damage_taken":0.0,"relics_obtained":["Anchor"],"cards_obtained":["Regret"]},{"cards_removed":["Regret"],"damage_healed":0.0,"max_hp_gain":0.0,"max_hp_loss":0.0,"gold_gain":0.0,"event_name":"The Cleric","player_choice":"Card Removal","floor":5.0,"gold_loss":75.0,"damage_taken":0.0},{"damage_healed":0.0,"max_hp_gain":5.0,"max_hp_loss":0.0,"gold_gain":0.0,"event_name":"Forgotten Altar","player_choice":"Shed Blood","floor":19.0,"gold_loss":0.0,"damage_taken":26.0},{"cards_removed":["Strike_R"],"damage_healed":0.0,"max_hp_gain":0.0,"max_hp_loss":0.0,"gold_gain":0.0,"event_name":"Beggar","player_choice":"Gave Gold","floor":20.0,"gold_loss":75.0,"damage_taken":0.0}],"is_beta":false,"boss_relics":[{"not_picked":["SlaversCollar","Pandora\u0027s Box"],"picked":"Calling Bell"}],"items_purged_floors":[24],"is_endless":false,"potions_floor_spawned":[3,7,10,11,13,18,23],"killed_by":"Book of Stabbing","ascension_level":20}}