{"host":"tzyzz5n7hg2ni9q2","time":1609142269,"event":{"mods":["BaseMod","Minty Spire (QoL Compilation)","Quick Restart"],"gold_per_floor":[114,129,145,134,134,134,134,164,164,183,217,228,228,228,228,327,327,343,343,355,37,48,48,73,86,110,36,52,52,68,88,88,193,193,205,219,237,237,237,237],"floor_reached":39,"playtime":1505,"items_purged":[],"score":417,"play_id":"5fa68d23-5a85-4231-b5fd-05023c590d3f","local_time":"20201228085749","is_ascension_mode":false,"campfire_choices":[{"floor":13,"key":"REST"},{"data":"Cleave","floor":15,"key":"SMITH"},{"data":"Berserk","floor":23,"key":"SMITH"},{"data":"Seeing Red","floor":29,"key":"SMITH"},{"floor":32,"key":"REST"}],"circlet_count":0,"master_deck":["Strike_R","Strike_R","Strike_R","Defend_R+1","Defend_R","Defend_R","Defend_R","Bash","True Grit+1","Twin Strike","Ghostly Armor","Flex+1","Cleave+1","Battle Trance","Berserk+1","Rampage","Warcry+1","Offering","Shrug It Off+1","Whirlwind","Seeing Red+1","Disarm+1","Barricade","True Grit+1","Ghostly Armor","Body Slam","Entrench"],"relics":["Burning Blood","War Paint","Kunai","Gremlin Horn","Sozu","Nloth\u0027s Gift","Letter Opener","Prayer Wheel","Red Skull","Mark of Pain"],"acts_visited":["Exordium","TheCity","TheBeyond"],"potions_floor_usage":[11,16],"damage_taken":[{"damage":0.0,"enemies":"Jaw Worm","floor":1.0,"turns":1.0},{"damage":0.0,"enemies":"2 Louse","floor":2.0,"turns":1.0},{"damage":0.0,"enemies":"Small Slimes","floor":3.0,"turns":1.0},{"damage":18.0,"enemies":"Exordium Thugs","floor":4.0,"turns":4.0},{"damage":40.0,"enemies":"Gremlin Nob","floor":8.0,"turns":5.0},{"damage":11.0,"enemies":"Exordium Wildlife","floor":10.0,"turns":7.0},{"damage":11,"enemies":"Lagavulin","floor":11,"turns":7},{"damage":3,"enemies":"Large Slime","floor":12,"turns":4},{"damage":33,"enemies":"Slime Boss","floor":16,"turns":9},{"damage":12,"enemies":"Shell Parasite","floor":18,"turns":6},{"damage":10,"enemies":"2 Thieves","floor":20,"turns":4},{"damage":22,"enemies":"Shelled Parasite and Fungi","floor":22,"turns":6},{"damage":40,"enemies":"Book of Stabbing","floor":24,"turns":9},{"damage":1,"enemies":"Snecko","floor":25,"turns":4},{"damage":0,"enemies":"Centurion and Healer","floor":28,"turns":5},{"damage":6,"enemies":"Snake Plant","floor":30,"turns":4},{"damage":0,"enemies":"Sentry and Sphere","floor":31,"turns":3},{"damage":36,"enemies":"Automaton","floor":33,"turns":11},{"damage":7,"enemies":"3 Shapes","floor":35,"turns":4},{"damage":26,"enemies":"Orb Walker","floor":36,"turns":4},{"damage":29,"enemies":"Jaw Worm Horde","floor":37,"turns":4},{"damage":60,"enemies":"Transient","floor":39,"turns":5}],"seed_played":"-6958727071240023368","potions_obtained":[{"floor":1.0,"key":"Ancient Potion"},{"floor":3.0,"key":"Ancient Potion"},{"floor":4.0,"key":"HeartOfIron"},{"floor":10.0,"key":"PowerPotion"},{"floor":12,"key":"ColorlessPotion"}],"is_trial":false,"path_per_floor":["M","M","M","M","?","?","?","E","T","M","E","M","R","?","R","B",null,"M","?","M","$","M","R","E","M","T","$","M","R","M","M","R","B",null,"M","M","M","$","M"],"character_chosen":"IRONCLAD","items_purchased":["Letter Opener","Rampage","Seeing Red"],"campfire_rested":2,"item_purchase_floors":[21,21,27],"current_hp_per_floor":[80,80,80,68,73,66,66,32,32,27,22,25,50,50,50,23,85,79,79,75,75,59,59,25,30,30,30,36,36,36,42,67,37,85,84,64,41,41,0,0],"gold":237,"neow_bonus":"THREE_ENEMY_KILL","is_daily":false,"chose_seed":false,"campfire_upgraded":3,"win_rate":0.0,"timestamp":1609142269,"path_taken":["M","M","M","M","?","?","?","E","T","?","E","M","R","?","R","BOSS","M","?","?","$","M","R","E","M","T","?","?","R","M","M","R","BOSS","M","M","M","$","M"],"items_purchased_type":["Relic","Card","Card"],"build_version":"2020-12-22","purchased_purges":0,"victory":false,"max_hp_per_floor":[80,80,80,80,85,85,85,85,85,85,85,85,85,85,85,85,85,85,85,85,85,85,85,85,85,85,85,85,85,85,85,85,85,85,85,85,85,85,85,85],"card_choices":[{"not_picked":["Rage","Headbutt"],"picked":"True Grit","floor":1.0},{"not_picked":["Dual Wield","Perfected Strike","Metallicize"],"picked":"SKIP","floor":2.0},{"not_picked":["Rupture","Fiend Fire"],"picked":"Twin Strike","floor":3.0},{"not_picked":["Intimidate","Warcry"],"picked":"Ghostly Armor","floor":4.0},{"not_picked":["Flex","Anger","Pommel Strike"],"picked":"SKIP","floor":8.0},{"not_picked":["Fiend Fire","Headbutt"],"picked":"Cleave","floor":10.0},{"not_picked":["Heavy Blade","Shockwave"],"picked":"Battle Trance","floor":11},{"not_picked":["Anger","Blood for Blood","Metallicize"],"picked":"SKIP","floor":12},{"not_picked":["Brutality","Corruption"],"picked":"Berserk","floor":16},{"not_picked":["Thunderclap","Sword Boomerang","Bloodletting"],"picked":"SKIP","floor":18},{"not_picked":["Cleave","Anger","Havoc+1"],"picked":"SKIP","floor":20},{"not_picked":["Spot Weakness","Reckless Charge"],"picked":"Warcry+1","floor":22},{"not_picked":["Armaments","Feed"],"picked":"Offering","floor":24},{"not_picked":["Pommel Strike","Metallicize"],"picked":"Shrug It Off+1","floor":25},{"not_picked":["Rampage","Infernal Blade+1"],"picked":"Whirlwind","floor":25},{"not_picked":["Burning Pact+1","Warcry"],"picked":"Disarm+1","floor":28},{"not_picked":["Intimidate","Iron Wave+1","Sword Boomerang"],"picked":"SKIP","floor":28},{"not_picked":["Thunderclap","Pommel Strike","Havoc"],"picked":"SKIP","floor":30},{"not_picked":["Berserk","Havoc","Sever Soul"],"picked":"SKIP","floor":30},{"not_picked":["Blood for Blood+1","Reckless Charge","Thunderclap"],"picked":"SKIP","floor":31},{"not_picked":["Headbutt+1","Heavy Blade+1","Flame Barrier"],"picked":"SKIP","floor":31},{"not_picked":["Impervious","Fiend Fire"],"picked":"Barricade","floor":33},{"not_picked":["Rage+1","Shockwave"],"picked":"True Grit+1","floor":35},{"not_picked":["Bludgeon","Warcry","Second Wind"],"picked":"SKIP","floor":35},{"not_picked":["Thunderclap+1","Sword Boomerang+1"],"picked":"Ghostly Armor","floor":36},{"not_picked":["Clothesline+1","Fire Breathing","Pommel Strike"],"picked":"SKIP","floor":36},{"not_picked":["Sever Soul+1","Shrug It Off"],"picked":"Body Slam","floor":37},{"not_picked":["Warcry","Rampage+1"],"picked":"Entrench","floor":37}],"player_experience":203429,"relics_obtained":[{"floor":8.0,"key":"War Paint"},{"floor":9.0,"key":"Kunai"},{"floor":11,"key":"Gremlin Horn"},{"floor":24,"key":"Prayer Wheel"},{"floor":26,"key":"Red Skull"}],"event_choices":[{"damage_healed":0.0,"max_hp_gain":5.0,"max_hp_loss":0.0,"gold_gain":0.0,"event_name":"Big Fish","player_choice":"Donut","floor":5.0,"gold_loss":0.0,"damage_taken":0.0},{"cards_removed":["Strike_R"],"damage_healed":0.0,"max_hp_gain":0.0,"max_hp_loss":0.0,"gold_gain":0.0,"event_name":"Golden Wing","player_choice":"Card Removal","floor":6.0,"gold_loss":0.0,"damage_taken":7.0},{"damage_healed":0.0,"max_hp_gain":0.0,"max_hp_loss":0.0,"gold_gain":0.0,"cards_transformed":["Strike_R"],"event_name":"Transmorgrifier","player_choice":"Transformed","floor":7.0,"gold_loss":0.0,"damage_taken":0.0,"cards_obtained":["Flex"]},{"damage_healed":0,"gold_gain":0,"player_choice":"Grow","damage_taken":0,"max_hp_gain":0,"max_hp_loss":0,"event_name":"Living Wall","floor":14,"gold_loss":0,"cards_upgraded":["True Grit"]},{"damage_healed":0,"gold_gain":0,"player_choice":"Traded Relic","damage_taken":0,"relics_obtained":["Nloth\u0027s Gift"],"max_hp_gain":0,"max_hp_loss":0,"event_name":"N\u0027loth","floor":19,"relics_lost":["NeowsBlessing"],"gold_loss":0}],"is_beta":false,"boss_relics":[{"not_picked":["Black Blood","Busted Crown"],"picked":"Sozu"},{"not_picked":["Astrolabe","Fusion Hammer"],"picked":"Mark of Pain"}],"items_purged_floors":[],"is_endless":false,"potions_floor_spawned":[1,3,4,10,12,24,25,28,30,31,35,36,37],"killed_by":"Transient","ascension_level":0}}