{"host":"yecadp3kwkksam5a","time":1609132000,"event":{"mods":["Arknights The Spire","BaseMod","Minty Spire (QoL Compilation)","StSLib","The Hierophant"],"gold_per_floor":[114,134,84,84,98,98,98],"floor_reached":6,"playtime":242,"items_purged":[],"score":36,"play_id":"bd14c35b-7a0f-4646-bb3a-3776ef9f167f","local_time":"20201228140640","is_ascension_mode":false,"campfire_choices":[],"circlet_count":0,"master_deck":["ats:Strike C","ats:Strike G","ats:Strike V","ats:Armor Crushing Shot","ats:Defend","ats:Defend","ats:Defend","ats:Emotion Absorption","ats:Consecutive Shot Auto","ats:Apocalypse","ats:Childhood Dance"],"relics":["ats:Sanity"],"acts_visited":["Exordium"],"potions_floor_usage":[],"damage_taken":[{"damage":2,"enemies":"Small Slimes","floor":1,"turns":4},{"damage":6,"enemies":"Cultist","floor":2,"turns":3},{"damage":15,"enemies":"Jaw Worm","floor":5,"turns":4},{"damage":0,"enemies":"Gremlin Nob","floor":6,"turns":2}],"seed_played":"-5659143641108789000","potions_obtained":[{"floor":1,"key":"Ancient Potion"},{"floor":5,"key":"SpeedPotion"}],"is_trial":false,"path_per_floor":["M","M","?","?","M","E"],"character_chosen":"DOCTOR_CLASS","items_purchased":[],"campfire_rested":0,"item_purchase_floors":[],"current_hp_per_floor":[77,71,71,71,64,64,64],"gold":98,"neow_bonus":"TEN_PERCENT_HP_BONUS","is_daily":false,"chose_seed":false,"campfire_upgraded":0,"win_rate":0.0,"timestamp":1609132000,"path_taken":["M","M","?","?","M","E"],"items_purchased_type":[],"build_version":"2020-12-22","purchased_purges":0,"victory":false,"max_hp_per_floor":[79,79,79,79,79,79,79],"card_choices":[{"not_picked":["ats:Charging Defense","ats:Steam Pump"],"picked":"ats:Consecutive Shot Auto","floor":1},{"not_picked":["ats:Ignite","ats:Powerful Strike"],"picked":"ats:Apocalypse","floor":2},{"not_picked":["ats:Counter Healing Mode","ats:Curse Doll"],"picked":"ats:Childhood Dance","floor":5}],"player_experience":296101,"relics_obtained":[],"event_choices":[{"cards_removed":["ats:Strike S"],"damage_healed":0,"gold_gain":0,"player_choice":"Card Removal","damage_taken":0,"max_hp_gain":0,"max_hp_loss":0,"event_name":"The Cleric","floor":3,"gold_loss":50},{"cards_removed":["ats:Defend"],"damage_healed":0,"gold_gain":0,"player_choice":"Offered Basic","damage_taken":0,"max_hp_gain":0,"max_hp_loss":0,"event_name":"Bonfire Elementals","floor":4,"gold_loss":0}],"is_beta":false,"boss_relics":[],"items_purged_floors":[],"is_endless":false,"potions_floor_spawned":[1,5],"killed_by":"Gremlin Nob","ascension_level":0}}