{"host":"bydnmyvf669xu6ab","time":1609189409,"event":{"mods":["Aspiration","BaseMod","Better Note","BetterRewards","Colored Map","Colored Powertips","Minty Spire (QoL Compilation)","Rare Cards Sparkle","Relic Stats","Shop Mod","StSLib","SuperFastMode","Virulent Crown"],"gold_per_floor":[118,129,146,146,71,71,91,91,138,313,313,333,343,343,343,444,444,429,332,350,364,364,364,375,375,400,400,97,107,107,121,121,121,121],"floor_reached":33,"playtime":1804,"items_purged":["Pain"],"score":356,"play_id":"287951fa-a380-4c3a-884c-0c1ec6802693","local_time":"20201228130329","is_ascension_mode":true,"campfire_choices":[{"data":"Metallicize","floor":6,"key":"SMITH"},{"data":"Armaments","floor":8,"key":"SMITH"},{"floor":15,"key":"RECALL"},{"floor":23,"key":"REST"},{"floor":25,"key":"REST"},{"floor":30,"key":"REST"},{"data":"Berserk","floor":32,"key":"SMITH"}],"circlet_count":0,"master_deck":["Strike_R","Strike_R","Strike_R","Strike_R","Strike_R","Defend_R","Defend_R","Defend_R","Defend_R","Bash","Feel No Pain","True Grit","Flex","Metallicize+1","Body Slam","Flame Barrier+1","Armaments+1","Doubt","Reaper","Pommel Strike","Berserk+1","Cleave","Bandage Up","Sword Boomerang","Pommel Strike+1","Headbutt+1","Berserk","Rage+1","Inflame+1","Twin Strike+1","Spot Weakness+1"],"relics":["Burning Blood","Calipers","Red Skull","Blood Vial","Dream Catcher","Black Star","Pear"],"acts_visited":["Exordium","TheCity"],"potions_floor_usage":[7,13,16,21,21,29,29,33],"damage_taken":[{"damage":8,"enemies":"2 Louse","floor":1,"turns":2},{"damage":9,"enemies":"Jaw Worm","floor":2,"turns":5},{"damage":5,"enemies":"Small Slimes","floor":3,"turns":4},{"damage":0,"enemies":"Gremlin Gang","floor":7,"turns":6},{"damage":4,"enemies":"3 Louse","floor":12,"turns":4},{"damage":1,"enemies":"2 Fungi Beasts","floor":13,"turns":3},{"damage":69,"enemies":"Hexaghost","floor":16,"turns":16},{"damage":15,"enemies":"2 Thieves","floor":18,"turns":4},{"damage":26,"enemies":"Chosen","floor":20,"turns":7},{"damage":64,"enemies":"Centurion and Healer","floor":21,"turns":10},{"damage":53,"enemies":"Cultist and Chosen","floor":24,"turns":11},{"damage":41,"enemies":"3 Cultists","floor":29,"turns":8},{"damage":22,"enemies":"Snake Plant","floor":31,"turns":4},{"damage":80,"enemies":"Automaton","floor":33,"turns":6}],"seed_played":"1211582398657035879","potions_obtained":[{"floor":3,"key":"Fire Potion"},{"floor":12,"key":"Explosive Potion"},{"floor":13,"key":"SteroidPotion"},{"floor":16,"key":"Explosive Potion"},{"floor":18,"key":"Strength Potion"},{"floor":21,"key":"Fire Potion"},{"floor":24,"key":"Regen Potion"}],"is_trial":false,"path_per_floor":["M","M","M","?","$","R","M","R","T","?","?","M","M","?","R","B",null,"M","$","M","M","?","R","M","R","T","?","$","M","R","M","R","B"],"character_chosen":"IRONCLAD","items_purchased":["Calipers","Feel No Pain","True Grit","Red Skull","Flex","Bandage Up","Pear","BloodPotion"],"campfire_rested":3,"item_purchase_floors":[0,0,0,0,0,19,28,28],"current_hp_per_floor":[48,45,46,43,43,43,51,51,51,51,51,55,72,80,80,17,80,71,71,61,21,21,45,7,31,31,31,41,30,57,49,49,0,0],"gold":121,"neow_bonus":"","is_daily":false,"chose_seed":false,"campfire_upgraded":3,"win_rate":0.0,"timestamp":1609189409,"path_taken":["M","M","M","?","$","R","M","R","T","?","?","M","?","?","R","BOSS","M","$","M","M","?","R","M","R","T","?","?","?","R","M","R","BOSS"],"items_purchased_type":["Relic","Card","Card","Relic","Card","Card","Relic","Potion"],"build_version":"2020-12-22","purchased_purges":1,"victory":false,"max_hp_per_floor":[80,80,80,80,80,80,80,80,80,80,80,80,80,80,80,80,80,80,80,80,80,80,80,80,80,80,80,90,90,90,90,90,90,90],"relic_stats":{"Blood Vial":18,"Dream Catcher":3,"counters":[1043,5276],"Black Star":0,"obtain_stats":[{"Ice Cream":49,"Calipers":10,"Tiny House":34,"Gremlin Horn":29,"Whetstone":19,"Boot":9,"Old Coin":43,"Blood Vial":4,"HornCleat":10,"DollysMirror":0,"Strawberry":10,"MealTicket":19,"Philosopher\u0027s Stone":17,"Kunai":31,"Toxic Egg 2":19,"Pear":7,"Blue Candle":44,"Oddly Smooth Stone":10,"Eternal Feather":44,"Pen Nib":9,"aspiration:SeaSaltIceCream":25,"aspiration:HiddenCompartment":9,"Question Card":19,"SlaversCollar":17,"Shuriken":30,"Bird Faced Urn":22,"Bronze Scales":28,"Mark of Pain":34,"Black Star":17,"Nloth\u0027s Gift":20,"aspiration:HatOfInfinitePower":12,"Unceasing Top":5,"Meat on the Bone":24,"Regal Pillow":0,"Singing Bowl":26,"Enchiridion":19,"Black Blood":17,"Bag of Preparation":38,"Incense Burner":38,"Juzu Bracelet":40,"Cursed Key":17,"Ancient Tea Set":26,"Burning Blood":0,"ClockworkSouvenir":19,"Nunchaku":0,"Dream Catcher":9,"Shovel":38,"Mummified Hand":31,"aspiration:AnachronicSnailShell":12,"Toolbox":0,"WingedGreaves":36,"Red Skull":0,"Paper Frog":45,"Potion Belt":38,"Self Forming Clay":26,"The Courier":12,"aspiration:HummingbirdHeart":9,"Omamori":0,"aspiration:SecretTechniqueScroll":17,"MawBank":8,"Strange Spoon":0,"Anchor":0,"Orrery":0,"Turnip":38,"Champion Belt":24,"Membership Card":38,"TungstenRod":42,"FossilizedHelix":10},{"Ice Cream":978,"Calipers":937,"Tiny House":1020,"Gremlin Horn":968,"Whetstone":964,"Boot":983,"Old Coin":975,"Blood Vial":1032,"HornCleat":983,"DollysMirror":979,"Strawberry":983,"MealTicket":1003,"Philosopher\u0027s Stone":1013,"Kunai":970,"Toxic Egg 2":942,"Pear":983,"Blue Candle":976,"Oddly Smooth Stone":1010,"Eternal Feather":976,"Pen Nib":936,"aspiration:SeaSaltIceCream":1017,"aspiration:HiddenCompartment":1009,"Question Card":1014,"SlaversCollar":985,"Shuriken":1019,"Bird Faced Urn":951,"Bronze Scales":1017,"Mark of Pain":971,"Black Star":963,"Nloth\u0027s Gift":986,"aspiration:HatOfInfinitePower":1011,"Unceasing Top":945,"Meat on the Bone":966,"Regal Pillow":956,"Singing Bowl":1017,"Enchiridion":951,"Black Blood":1002,"Bag of Preparation":973,"Incense Burner":973,"Juzu Bracelet":974,"Cursed Key":941,"Ancient Tea Set":953,"Burning Blood":0,"ClockworkSouvenir":964,"Nunchaku":979,"Dream Catcher":1033,"Shovel":973,"Mummified Hand":970,"aspiration:AnachronicSnailShell":949,"Toolbox":943,"WingedGreaves":1022,"Red Skull":1029,"Paper Frog":976,"Potion Belt":1022,"Self Forming Clay":966,"The Courier":961,"aspiration:HummingbirdHeart":960,"Omamori":979,"aspiration:SecretTechniqueScroll":950,"MawBank":960,"Strange Spoon":956,"Anchor":992,"Orrery":1007,"Turnip":973,"Champion Belt":952,"Membership Card":973,"TungstenRod":975,"FossilizedHelix":999},{"Ice Cream":4914,"Calipers":4722,"Tiny House":5142,"Gremlin Horn":4863,"Whetstone":4842,"Boot":4940,"Old Coin":4895,"Blood Vial":5197,"HornCleat":4940,"DollysMirror":4922,"Strawberry":4940,"MealTicket":5053,"Philosopher\u0027s Stone":5111,"Kunai":4872,"Toxic Egg 2":4738,"Pear":4940,"Blue Candle":4903,"Oddly Smooth Stone":5090,"Eternal Feather":4903,"Pen Nib":4716,"aspiration:SeaSaltIceCream":5129,"aspiration:HiddenCompartment":5083,"Question Card":5113,"SlaversCollar":4957,"Shuriken":5135,"Bird Faced Urn":4777,"Bronze Scales":5129,"Mark of Pain":4879,"Black Star":4835,"Nloth\u0027s Gift":4962,"aspiration:HatOfInfinitePower":5094,"Unceasing Top":4749,"Meat on the Bone":4851,"Regal Pillow":4807,"Singing Bowl":5129,"Enchiridion":4777,"Black Blood":5048,"Bag of Preparation":4886,"Incense Burner":4886,"Juzu Bracelet":4891,"Cursed Key":4734,"Ancient Tea Set":4790,"Burning Blood":0,"ClockworkSouvenir":4842,"Nunchaku":4922,"Dream Catcher":5203,"Shovel":4886,"Mummified Hand":4872,"aspiration:AnachronicSnailShell":4761,"Toolbox":4741,"WingedGreaves":5152,"Red Skull":5186,"Paper Frog":4903,"Potion Belt":5152,"Self Forming Clay":4851,"The Courier":4824,"aspiration:HummingbirdHeart":4819,"Omamori":4922,"aspiration:SecretTechniqueScroll":4773,"MawBank":4819,"Strange Spoon":4807,"Anchor":5001,"Orrery":5076,"Turnip":4886,"Champion Belt":4786,"Membership Card":4886,"TungstenRod":4895,"FossilizedHelix":5030}],"Burning Blood":659},"card_choices":[{"not_picked":["Pommel Strike","Clothesline"],"picked":"Metallicize","floor":1},{"not_picked":["Pommel Strike","Shockwave"],"picked":"Body Slam","floor":2},{"not_picked":["Entrench","Burning Pact"],"picked":"Flame Barrier","floor":3},{"not_picked":["Twin Strike","Shrug It Off"],"picked":"Armaments","floor":7},{"not_picked":["Sword Boomerang","Body Slam"],"picked":"Reaper","floor":12},{"not_picked":["Pummel","Havoc"],"picked":"Pommel Strike","floor":13},{"not_picked":["Brutality","Feed"],"picked":"Berserk","floor":16},{"not_picked":["Shrug It Off","Sword Boomerang"],"picked":"Cleave","floor":18},{"not_picked":["Dual Wield","Uppercut"],"picked":"Sword Boomerang","floor":20},{"not_picked":["Rage+1","Flex"],"picked":"Pommel Strike+1","floor":21},{"not_picked":["Shrug It Off","Dual Wield+1"],"picked":"Headbutt+1","floor":23},{"not_picked":["Inflame","Havoc"],"picked":"Berserk","floor":24},{"not_picked":["Sword Boomerang","Clothesline"],"picked":"Rage+1","floor":25},{"not_picked":["Clash","Havoc"],"picked":"Inflame+1","floor":29},{"not_picked":["Body Slam","Infernal Blade"],"picked":"Twin Strike+1","floor":30},{"not_picked":["Brutality","Perfected Strike"],"picked":"Spot Weakness+1","floor":31}],"player_experience":2063918,"relics_obtained":[{"floor":9,"key":"Dream Catcher"}],"event_choices":[{"damage_healed":0,"gold_gain":0,"player_choice":"Success","damage_taken":3,"relics_obtained":["Blood Vial"],"max_hp_gain":0,"max_hp_loss":0,"event_name":"Scrap Ooze","floor":4,"gold_loss":0},{"damage_healed":0,"gold_gain":175,"player_choice":"AGREE","damage_taken":0,"max_hp_gain":0,"max_hp_loss":0,"event_name":"Liars Game","floor":10,"gold_loss":0,"cards_obtained":["Doubt"]},{"damage_healed":0,"gold_gain":0,"player_choice":"Upgraded","damage_taken":0,"max_hp_gain":0,"max_hp_loss":0,"event_name":"Upgrade Shrine","floor":11,"gold_loss":0,"cards_upgraded":["Flame Barrier"]},{"damage_healed":0,"gold_gain":0,"player_choice":"Ignored","damage_taken":0,"max_hp_gain":0,"max_hp_loss":0,"event_name":"betterNote:BetterNote","floor":22,"gold_loss":0,"cards_obtained":["Armaments"]}],"is_beta":false,"boss_relics":[{"not_picked":["aspiration:FutureDiary","Tiny House"],"picked":"Black Star"}],"items_purged_floors":[5],"is_endless":false,"potions_floor_spawned":[3,12,13,16,18,21,24],"killed_by":"Automaton","ascension_level":1}}