{"host":"2no1vwhhkhf0ohz3","time":1609155206,"event":{"mods":["AchievementEnabler","BaseMod","Colored Map","DeckTracker","Keyboard Shortcuts","Minty Spire (QoL Compilation)","Relic Stats","SuperFastMode"],"gold_per_floor":[118,145,95,109,122,122,122,138,138,167,167,197,143,161,161,260,260,279,308,327,327,344,344,377,377,377,377,273,273,273,292,292,391,391,411,431,653,565,583,583,618,618,618,498,513,542,95,110,110,110],"floor_reached":51,"playtime":2939,"items_purged":["Purity"],"score":938,"play_id":"5f6b6a29-fe3e-4d7d-9e40-ae2a122e6653","local_time":"20201228203326","is_ascension_mode":true,"campfire_choices":[{"data":"Perfected Strike","floor":6.0,"key":"SMITH"},{"data":"Flame Barrier","floor":15.0,"key":"SMITH"},{"data":"Warcry","floor":23.0,"key":"SMITH"},{"data":"Shrug It Off","floor":29.0,"key":"SMITH"},{"floor":32.0,"key":"REST"},{"floor":40,"key":"REST"},{"floor":42,"key":"REST"},{"floor":49,"key":"REST"}],"circlet_count":0,"master_deck":["Strike_R","Strike_R","Strike_R","Strike_R","Strike_R+1","Defend_R","Defend_R","Defend_R","Bash+1","Perfected Strike+1","Shrug It Off+1","Twin Strike+1","Flame Barrier+1","Warcry+1","Reaper+1","Twin Strike+1","Pommel Strike+1","Body Slam+1","Perfected Strike+1","Perfected Strike+1","Perfected Strike+1","Twin Strike+1","Panacea","Disarm","Perfected Strike+1","Double Tap","Perfected Strike+1","Pommel Strike+1"],"relics":["Burning Blood","Ancient Tea Set","Molten Egg 2","Smiling Mask","Letter Opener","White Beast Statue","Velvet Choker","Red Mask","Matryoshka","Kunai","Bronze Scales","Toy Ornithopter","Fusion Hammer","Whetstone","Blue Candle","Singing Bowl","Bag of Marbles","Shuriken","Medical Kit"],"acts_visited":["Exordium","TheCity","TheBeyond"],"potions_floor_usage":[46,50,50],"damage_taken":[{"damage":1.0,"enemies":"Cultist","floor":1.0,"turns":4.0},{"damage":20.0,"enemies":"Small Slimes","floor":4.0,"turns":3.0},{"damage":7.0,"enemies":"2 Louse","floor":5.0,"turns":3.0},{"damage":3.0,"enemies":"Looter","floor":8.0,"turns":2.0},{"damage":2.0,"enemies":"Gremlin Nob","floor":10.0,"turns":3.0},{"damage":22.0,"enemies":"Lagavulin","floor":12.0,"turns":5.0},{"damage":18.0,"enemies":"3 Louse","floor":14.0,"turns":4.0},{"damage":29.0,"enemies":"Hexaghost","floor":16.0,"turns":10.0},{"damage":0.0,"enemies":"Chosen","floor":18.0,"turns":3.0},{"damage":24.0,"enemies":"Masked Bandits","floor":19.0,"turns":4.0},{"damage":10.0,"enemies":"Shell Parasite","floor":20.0,"turns":4.0},{"damage":0.0,"enemies":"Snecko","floor":22.0,"turns":3.0},{"damage":26.0,"enemies":"Book of Stabbing","floor":24.0,"turns":5.0},{"damage":11.0,"enemies":"Sentry and Sphere","floor":31.0,"turns":2.0},{"damage":70.0,"enemies":"Collector","floor":33.0,"turns":6.0},{"damage":12,"enemies":"Orb Walker","floor":35,"turns":1},{"damage":0,"enemies":"3 Shapes","floor":36,"turns":2},{"damage":4,"enemies":"Transient","floor":39,"turns":5},{"damage":42,"enemies":"Giant Head","floor":41,"turns":6},{"damage":9,"enemies":"Writhing Mass","floor":45,"turns":3},{"damage":21,"enemies":"Reptomancer","floor":46,"turns":3},{"damage":6,"enemies":"4 Shapes","floor":48,"turns":3},{"damage":63,"enemies":"Awakened One","floor":50,"turns":7}],"seed_played":"1279153062699259725","potions_obtained":[{"floor":4.0,"key":"Weak Potion"},{"floor":5.0,"key":"SpeedPotion"},{"floor":14.0,"key":"ColorlessPotion"},{"floor":16.0,"key":"CultistPotion"},{"floor":18.0,"key":"GamblersBrew"},{"floor":19.0,"key":"Strength Potion"},{"floor":20.0,"key":"Fire Potion"},{"floor":22.0,"key":"PowerPotion"},{"floor":33.0,"key":"Weak Potion"},{"floor":35,"key":"FairyPotion"},{"floor":36,"key":"SkillPotion"},{"floor":46,"key":"AttackPotion"}],"is_trial":false,"path_per_floor":["M","T","?","M","M","R","?","M","T","E","?","E","$","M","R","B",null,"M","?","M","?","M","R","E","?","T","?","$","R","$","M","R","B",null,"M","M","?","$","M","R","E","R","T","$","M","E","$","M","R","B",null],"character_chosen":"IRONCLAD","items_purchased":["Warcry","Perfected Strike+1","Panacea","Perfected Strike+1","Double Tap","Pommel Strike+1","Shuriken","Medical Kit"],"campfire_rested":4,"item_purchase_floors":[13,28,38,44,44,47,47,47],"current_hp_per_floor":[77,77,77,63,62,62,62,65,65,69,62,46,46,34,34,11,63,76,58,54,54,67,67,52,37,37,37,37,37,37,32,57,15,68,62,68,68,68,75,85,49,74,74,74,76,66,66,89,89,42],"gold":110,"neow_bonus":"RANDOM_COLORLESS","is_daily":false,"chose_seed":false,"campfire_upgraded":4,"win_rate":0.0,"timestamp":1609155206,"path_taken":["M","?","?","M","M","R","?","M","T","E","?","E","?","M","R","BOSS","M","?","M","?","?","R","E","?","T","?","$","R","?","M","R","BOSS","M","?","?","?","M","R","E","R","T","$","M","E","$","M","R","BOSS"],"items_purchased_type":["Card","Card","Card","Card","Card","Card","Relic","Relic"],"build_version":"2020-12-22","purchased_purges":1,"victory":true,"max_hp_per_floor":[80,80,80,80,80,80,80,80,80,80,80,80,80,80,80,80,80,80,80,80,80,80,80,80,85,85,85,85,85,85,85,85,85,85,85,85,85,85,85,85,85,85,85,85,87,87,87,89,89,89],"relic_stats":{"Singing Bowl":4,"counters":[23,91],"Blue Candle":[0],"Letter Opener":[32],"Whetstone":["Strike_R","Twin Strike"],"Smiling Mask":25,"Medical Kit":[0],"Burning Blood":138,"Shuriken":[3],"Bronze Scales":[84],"Kunai":[19],"obtain_stats":[{"Singing Bowl":43,"Blue Candle":43,"Velvet Choker":17,"Letter Opener":11,"Whetstone":41,"Ancient Tea Set":2,"Smiling Mask":10,"Medical Kit":47,"Burning Blood":0,"White Beast Statue":12,"Matryoshka":21,"Shuriken":47,"Bronze Scales":26,"Molten Egg 2":9,"Fusion Hammer":34,"Red Mask":19,"Bag of Marbles":46,"Kunai":24,"Toy Ornithopter":26},{"Singing Bowl":19,"Blue Candle":19,"Velvet Choker":8,"Letter Opener":5,"Whetstone":19,"Ancient Tea Set":1,"Smiling Mask":5,"Medical Kit":21,"Burning Blood":0,"White Beast Statue":6,"Matryoshka":11,"Shuriken":21,"Bronze Scales":13,"Molten Egg 2":4,"Fusion Hammer":15,"Red Mask":10,"Bag of Marbles":21,"Kunai":13,"Toy Ornithopter":13},{"Singing Bowl":75,"Blue Candle":75,"Velvet Choker":34,"Letter Opener":15,"Whetstone":75,"Ancient Tea Set":4,"Smiling Mask":15,"Medical Kit":81,"Burning Blood":0,"White Beast Statue":20,"Matryoshka":45,"Shuriken":81,"Bronze Scales":53,"Molten Egg 2":12,"Fusion Hammer":61,"Red Mask":41,"Bag of Marbles":81,"Kunai":53,"Toy Ornithopter":53}],"Toy Ornithopter":30},"card_choices":[{"not_picked":["Dark Shackles","Panacea"],"picked":"Purity","floor":0.0},{"not_picked":["Wild Strike","Body Slam"],"picked":"Perfected Strike","floor":1.0},{"not_picked":["Seeing Red","Battle Trance"],"picked":"Shrug It Off","floor":4.0},{"not_picked":["Blood for Blood","Flex","Searing Blow"],"picked":"SKIP","floor":5.0},{"not_picked":["True Grit","Cleave"],"picked":"Twin Strike","floor":8.0},{"not_picked":["Rupture","Searing Blow+1","Cleave+1"],"picked":"SKIP","floor":10.0},{"not_picked":["Intimidate","Heavy Blade+1"],"picked":"Flame Barrier","floor":12.0},{"not_picked":["Bloodletting","Iron Wave+1","Rupture"],"picked":"SKIP","floor":14.0},{"not_picked":["Berserk","Corruption"],"picked":"Reaper+1","floor":16.0},{"not_picked":["Body Slam+1","Warcry"],"picked":"Twin Strike+1","floor":18.0},{"not_picked":["Armaments","Headbutt+1"],"picked":"Pommel Strike+1","floor":20.0},{"not_picked":["Warcry","Berserk"],"picked":"Body Slam+1","floor":22.0},{"not_picked":["Iron Wave+1","Clash+1"],"picked":"Perfected Strike+1","floor":24.0},{"not_picked":["Metallicize","Cleave+1","Rage"],"picked":"SKIP","floor":31.0},{"not_picked":["Sever Soul+1","Armaments+1","Anger+1"],"picked":"SKIP","floor":35},{"not_picked":["Fire Breathing","Entrench"],"picked":"Twin Strike+1","floor":36},{"not_picked":["Iron Wave+1","Ghostly Armor"],"picked":"Disarm","floor":39},{"not_picked":["Berserk","Combust","Bloodletting"],"picked":"SKIP","floor":41},{"not_picked":["Sever Soul+1","Havoc","Uppercut+1"],"picked":"Singing Bowl","floor":45},{"not_picked":["Sentinel+1","Headbutt+1"],"picked":"Perfected Strike+1","floor":46},{"not_picked":["Metallicize","Iron Wave+1","Thunderclap+1"],"picked":"Singing Bowl","floor":48}],"player_experience":256090,"relics_obtained":[{"floor":2.0,"key":"Ancient Tea Set"},{"floor":9.0,"key":"Molten Egg 2"},{"floor":10.0,"key":"Smiling Mask"},{"floor":12.0,"key":"White Beast Statue"},{"floor":19.0,"key":"Red Mask"},{"floor":24.0,"key":"Kunai"},{"floor":26.0,"key":"Bronze Scales"},{"floor":26.0,"key":"Toy Ornithopter"},{"floor":41,"key":"Whetstone"},{"floor":43,"key":"Blue Candle"},{"floor":43,"key":"Singing Bowl"},{"floor":46,"key":"Bag of Marbles"}],"event_choices":[{"cards_removed":["Defend_R"],"damage_healed":0.0,"max_hp_gain":0.0,"max_hp_loss":0.0,"gold_gain":0.0,"event_name":"The Cleric","player_choice":"Card Removal","floor":3.0,"gold_loss":50.0,"damage_taken":0.0},{"damage_healed":0.0,"max_hp_gain":0.0,"max_hp_loss":0.0,"gold_gain":0.0,"event_name":"Living Wall","player_choice":"Grow","floor":7.0,"gold_loss":0.0,"damage_taken":0.0,"cards_upgraded":["Bash"]},{"damage_healed":0.0,"max_hp_gain":0.0,"max_hp_loss":0.0,"gold_gain":0.0,"event_name":"Scrap Ooze","player_choice":"Success","floor":11.0,"gold_loss":0.0,"damage_taken":7.0,"relics_obtained":["Letter Opener"]},{"damage_healed":0.0,"max_hp_gain":0.0,"max_hp_loss":0.0,"gold_gain":0.0,"event_name":"Masked Bandits","player_choice":"Fought Bandits","floor":19.0,"gold_loss":0.0,"damage_taken":0.0},{"damage_healed":0.0,"max_hp_gain":0.0,"max_hp_loss":0.0,"gold_gain":0.0,"event_name":"WeMeetAgain","player_choice":"Gave Potion","floor":21.0,"gold_loss":0.0,"damage_taken":0.0,"relics_obtained":["Matryoshka"]},{"damage_healed":0.0,"max_hp_gain":5.0,"max_hp_loss":0.0,"gold_gain":0.0,"event_name":"Forgotten Altar","player_choice":"Shed Blood","floor":25.0,"gold_loss":0.0,"damage_taken":20.0},{"damage_healed":0.0,"max_hp_gain":0.0,"max_hp_loss":0.0,"gold_gain":0.0,"event_name":"The Library","player_choice":"Read","floor":27.0,"gold_loss":0.0,"damage_taken":0.0,"cards_obtained":["Perfected Strike"]},{"damage_healed":0,"gold_gain":222,"player_choice":"Wore Mask","damage_taken":0,"max_hp_gain":0,"max_hp_loss":0,"event_name":"Tomb of Lord Red Mask","floor":37,"gold_loss":0}],"is_beta":false,"boss_relics":[{"not_picked":["Runic Pyramid","SacredBark"],"picked":"Velvet Choker"},{"not_picked":["Philosopher\u0027s Stone","Sozu"],"picked":"Fusion Hammer"}],"items_purged_floors":[28],"is_endless":false,"potions_floor_spawned":[4,5,14,16,18,19,20,22,24,31,33,35,36,39,41,45,46,48],"ascension_level":6}}