{"host":"qc1sjgtdjonvdsd8","time":1609143809,"event":{"mods":["BaseMod","Colored Map","Colored Powertips","Curses Come First","Minty Spire (QoL Compilation)","Replay The Spire","StSLib","The Necromancer"],"gold_per_floor":[109,159,12,12,12,12,43,54,107,58,68,98,98,108,108,207,207,219,232,232,232,132,157,256,256,279,291,291,14,14,34,34,131,181,192,192,39,92,92,92,105,105,105],"floor_reached":42,"playtime":2995,"items_purged":["Delirium","ReplayTheSpireMod:Restless Dread","Decay"],"score":410,"play_id":"853a5a9c-1518-422b-bb3b-27524bfdf38b","local_time":"20201228002329","is_ascension_mode":false,"campfire_choices":[{"data":"Genetic Algorithm","floor":6,"key":"SMITH"},{"floor":13,"key":"REST"},{"data":"Crystallizer","floor":15,"key":"SMITH"},{"floor":25,"key":"REST"},{"floor":28,"key":"REST"},{"data":"Sunder","floor":30,"key":"SMITH"},{"data":"Strike_B","floor":32,"key":"PURGE"},{"data":"Coolheaded","floor":40,"key":"SMITH"}],"circlet_count":0,"master_deck":["Strike_B+1","Strike_B","Strike_B","Defend_B","Defend_B","Defend_B","Defend_B","Zap+1","Dualcast","AbeCurse","Genetic Algorithm+1","Crystallizer+1","Glacier","Compile Driver+1","Sweeping Beam+1","Crystallizer+1","BasicCrystalCard","Meteor Strike+1","Ball Lightning+1","Panic Button","Sunder+1","ReplayTheSpireMod:Faulty Equipment","ReplayTheSpireMod:Repulse+1","Loop+1","Conserve Battery+1","Core Surge+1","ReplayTheSpireMod:Splinters","Coolheaded","Panic Button+1","Coolheaded+1","Machine Learning+1"],"relics":["Abe\u0027s Treasure","Ring of Greed","Ring of Shattering","MealTicket","Golden Egg","Regal Pillow","Gremlin Food","Replay:Bronze Core","Smiling Mask","Akabeko","Replay:Antivirus Software","Tiny House","Runic Capacitor","CaptainsWheel","Bottled Flame"],"acts_visited":["Exordium","TheCity","TheBeyond"],"potions_floor_usage":[16,23,23,33,35,38,41],"damage_taken":[{"damage":0,"enemies":"Small Slimes","floor":1,"turns":4},{"damage":51,"enemies":"Gremlin Nob","floor":7,"turns":5},{"damage":2,"enemies":"2 Louse","floor":8,"turns":3},{"damage":0,"enemies":"Jaw Worm","floor":11,"turns":3},{"damage":0,"enemies":"Blue Slaver","floor":14,"turns":3},{"damage":20,"enemies":"Hexaghost","floor":16,"turns":12},{"damage":1,"enemies":"Spheric Guardian","floor":18,"turns":7},{"damage":8,"enemies":"Shell Parasite","floor":19,"turns":6},{"damage":42,"enemies":"Slavers","floor":23,"turns":6},{"damage":30,"enemies":"3 Cultists","floor":27,"turns":5},{"damage":3,"enemies":"Snake Plant","floor":31,"turns":5},{"damage":49,"enemies":"Champ","floor":33,"turns":9},{"damage":24,"enemies":"3 Darklings","floor":35,"turns":7},{"damage":46,"enemies":"2 Orb Walkers","floor":38,"turns":7},{"damage":18,"enemies":"3 Shapes","floor":41,"turns":6},{"damage":0,"enemies":"3 Darklings","floor":42,"turns":1}],"seed_played":"-3010874188470386662","potions_obtained":[{"floor":1,"key":"Block Potion"},{"floor":7,"key":"Dexterity Potion"},{"floor":8,"key":"Adrenaline Potion"},{"floor":23,"key":"GamblersBrew"},{"floor":27,"key":"FearPotion"},{"floor":34,"key":"SkillPotion"},{"floor":35,"key":"AttackPotion"},{"floor":38,"key":"ColorlessPotion"}],"is_trial":false,"path_per_floor":["M","?","$","?","?","R","E","M","T","$","M","?","R","M","R","B",null,"M","M","?","?","$","E","?","R","T","M","R","$","R","M","R_BF","B",null,"M","?","$","?","T","R","M","M"],"character_chosen":"DEFECT","items_purchased":["Crystallizer","Sweeping Beam","Replay:Antivirus Software","Loop","Runic Capacitor"],"campfire_rested":3,"item_purchase_floors":[3,10,29,29,37],"current_hp_per_floor":[75,75,75,75,57,57,6,4,4,19,19,19,56,56,56,36,75,74,66,52,52,67,25,25,64,64,34,73,80,80,77,77,28,85,61,61,76,30,30,30,12,12,12],"gold":105,"neow_bonus":"BOSS_RELIC","is_daily":false,"chose_seed":false,"campfire_upgraded":4,"win_rate":0.0,"timestamp":1609143809,"path_taken":["M","?","$","?","?","R","E","M","T","?","?","?","R","M","R","BOSS","M","M","?","?","$","E","?","R","T","M","R","?","R","M","R_BF","BOSS","M","?","$","?","?","R","M","?"],"items_purchased_type":["Card","Card","Relic","Card","Relic"],"build_version":"2020-12-22","purchased_purges":3,"victory":false,"max_hp_per_floor":[75,75,75,75,75,75,75,75,75,75,75,75,75,75,75,75,75,75,75,80,80,80,80,80,80,80,80,80,80,80,80,80,80,85,85,85,85,85,85,85,85,85,85],"card_choices":[{"not_picked":["Streamline","Darkness"],"picked":"Genetic Algorithm","floor":1},{"not_picked":["Rebound","Genetic Algorithm"],"picked":"Glacier","floor":7},{"not_picked":["Lockon","Reprogram"],"picked":"Compile Driver","floor":8},{"not_picked":["Turbo","Redo"],"picked":"Crystallizer","floor":11},{"not_picked":["Ball Lightning","Beam Cell"],"picked":"BasicCrystalCard","floor":14},{"not_picked":["Seek","Fission"],"picked":"Meteor Strike","floor":16},{"not_picked":["Beam Cell+1","ReplayTheSpireMod:Repulse"],"picked":"Ball Lightning+1","floor":18},{"not_picked":["Go for the Eyes+1","Cold Snap"],"picked":"Panic Button","floor":19},{"not_picked":["Turbo","Gash+1"],"picked":"Sunder","floor":23},{"not_picked":["Lockon","Turbo"],"picked":"ReplayTheSpireMod:Repulse","floor":27},{"not_picked":["Multi-Cast","Recycle"],"picked":"Conserve Battery+1","floor":31},{"not_picked":["Rainbow","Fission"],"picked":"Core Surge","floor":33},{"not_picked":["BasicCrystalCard","Hello World"],"picked":"Coolheaded","floor":34},{"not_picked":["Auto Shields","Go for the Eyes"],"picked":"Panic Button+1","floor":35},{"not_picked":["Cold Snap+1","Hologram"],"picked":"Coolheaded","floor":38},{"not_picked":["Lockon+1","Panic Button+1"],"picked":"Machine Learning","floor":41}],"player_experience":191251,"relics_obtained":[{"floor":2,"key":"Ring of Greed"},{"floor":2,"key":"Ring of Shattering"},{"floor":2,"key":"MealTicket"},{"floor":2,"key":"Golden Egg"},{"floor":7,"key":"Gremlin Food"},{"floor":23,"key":"Smiling Mask"},{"floor":26,"key":"Akabeko"},{"floor":38,"key":"CaptainsWheel"},{"floor":39,"key":"Bottled Flame"}],"event_choices":[{"damage_healed":0,"gold_gain":0,"player_choice":"Ignored","damage_taken":0,"max_hp_gain":0,"max_hp_loss":0,"event_name":"Golden Idol","floor":4,"gold_loss":0},{"damage_healed":0,"gold_gain":0,"player_choice":"Success","damage_taken":18,"relics_obtained":["Regal Pillow"],"max_hp_gain":0,"max_hp_loss":0,"event_name":"Scrap Ooze","floor":5,"gold_loss":0},{"damage_healed":0,"gold_gain":30,"player_choice":"Searched \u00272\u0027 times","damage_taken":0,"max_hp_gain":0,"max_hp_loss":0,"event_name":"Dead Adventurer","floor":12,"gold_loss":0},{"damage_healed":0,"gold_gain":0,"player_choice":"Shed Blood","damage_taken":19,"max_hp_gain":5,"max_hp_loss":0,"event_name":"Forgotten Altar","floor":20,"gold_loss":0},{"damage_healed":0,"gold_gain":99,"player_choice":"Stole From Cult","damage_taken":0,"max_hp_gain":0,"max_hp_loss":0,"event_name":"Nest","floor":24,"gold_loss":0},{"damage_healed":0,"gold_gain":0,"player_choice":"Ignored","damage_taken":0,"max_hp_gain":0,"max_hp_loss":0,"event_name":"Tomb of Lord Red Mask","floor":36,"gold_loss":0},{"damage_healed":0,"gold_gain":0,"player_choice":"Fight","damage_taken":0,"max_hp_gain":0,"max_hp_loss":0,"event_name":"Mysterious Sphere","floor":38,"gold_loss":0}],"is_beta":false,"boss_relics":[{"not_picked":["Busted Crown","Snecko Eye"],"picked":"Replay:Bronze Core"},{"not_picked":["ReplayTheSpireMod:DimensionalGlitch","Replay:Drink Me"],"picked":"Tiny House"}],"items_purged_floors":[3,22,29],"is_endless":false,"potions_floor_spawned":[1,7,8,14,23,27,35,38],"killed_by":"3 Darklings","ascension_level":0}}