{"host":"hj54bcoh2isxm8b7","time":1609126063,"event":{"mods":["AchievementEnabler","BaseMod","BetterRewards","Card Forge","Custom Start","GifTheSpireLib","Mimic Mod","Minty Spire (QoL Compilation)","Spicy Shops","StSLib","The Alterego","Waifu the Spire","Yuri Mod","slay the spire mod where everything is the same but ironclad has a cowboy hat"],"gold_per_floor":[113,124,35,52,52,88,88,124,170,204,204,222,222,241,241,372,372,386,386,386,386],"floor_reached":20,"playtime":1501,"items_purged":["Strike_P","Strike_P"],"score":380,"play_id":"92806360-b40f-41c1-b272-9516323fb1bc","local_time":"20201227222743","is_ascension_mode":true,"campfire_choices":[{"data":"DevaForm","floor":7,"key":"SMITH"},{"data":"SandsOfTime","floor":13,"key":"SMITH"},{"floor":15,"key":"REST"}],"circlet_count":0,"master_deck":["Strike_P","Strike_P+1","Defend_P","Defend_P","Defend_P","Defend_P","Eruption+1","Vigilance","CrushJoints","SandsOfTime+1","DevaForm+1","Wallop","MasterReality","Vengeance+1","BattleHymn","ClearTheMind+1","Devotion","Halt+1"],"relics":["PureWater","Hammer of Thor","Seething Fire","Anvil of the Gods","Membership Card","Torii","Ice Cream","Lee\u0027s Waffle","Golden Idol","Whetstone","Centennial Puzzle","Toxic Egg 2","Bronze Scales","Black Star","Enchiridion"],"acts_visited":["Exordium","TheCity"],"potions_floor_usage":[9,10,11,14,18],"damage_taken":[{"damage":0,"enemies":"Cultist","floor":1,"turns":3},{"damage":1,"enemies":"Small Slimes","floor":2,"turns":2},{"damage":1,"enemies":"Jaw Worm","floor":4,"turns":3},{"damage":15,"enemies":"3 Sentries","floor":6,"turns":11},{"damage":0,"enemies":"Lagavulin","floor":8,"turns":4},{"damage":3,"enemies":"2 Fungi Beasts","floor":9,"turns":5},{"damage":12,"enemies":"3 Sentries","floor":10,"turns":7},{"damage":7,"enemies":"2 Fungi Beasts","floor":12,"turns":3},{"damage":11,"enemies":"Gremlin Gang","floor":14,"turns":3},{"damage":12,"enemies":"The Guardian","floor":16,"turns":6},{"damage":29,"enemies":"Spheric Guardian","floor":18,"turns":5},{"damage":36,"enemies":"Masked Bandits","floor":20,"turns":5}],"seed_played":"7131257477431472197","potions_obtained":[{"floor":2,"key":"Weak Potion"},{"floor":4,"key":"Swift Potion"},{"floor":11,"key":"Fruit Juice"},{"floor":11,"key":"Fire Potion"},{"floor":11,"key":"SneckoOil"},{"floor":12,"key":"PowerPotion"},{"floor":16,"key":"Swift Potion"}],"is_trial":false,"path_per_floor":["M","M","$","M","?","E","R","E","MIM","E","?","M","R","M","R","B",null,"M","?","?"],"character_chosen":"WATCHER","items_purchased":["Membership Card","Torii","Lee\u0027s Waffle"],"campfire_rested":1,"item_purchase_floors":[0,0,3],"current_hp_per_floor":[57,56,79,78,73,58,58,58,55,43,48,41,41,30,53,41,78,49,33,0,0],"gold":386,"neow_bonus":"","is_daily":false,"chose_seed":false,"campfire_upgraded":2,"win_rate":0.0,"timestamp":1609126063,"path_taken":["M","M","?","M","?","E","R","E","MIM","E","?","?","R","M","R","BOSS","M","?","?"],"items_purchased_type":["Relic","Relic","Relic"],"build_version":"2020-12-22","purchased_purges":2,"victory":false,"max_hp_per_floor":[72,72,79,79,73,73,73,73,73,73,78,78,78,78,78,78,78,78,78,78,78],"card_choices":[{"not_picked":["Collect","ClearTheMind"],"picked":"CrushJoints","floor":1},{"not_picked":["ClearTheMind","Evaluate"],"picked":"SandsOfTime","floor":2},{"not_picked":["Adaptation","EmptyBody"],"picked":"DevaForm","floor":4},{"not_picked":["Sanctity","CarveReality"],"picked":"Wallop","floor":6},{"not_picked":["DeusExMachina","PathToVictory"],"picked":"MasterReality","floor":8},{"not_picked":["ClearTheMind+1","SashWhip"],"picked":"Vengeance+1","floor":9},{"not_picked":["Sanctity+1","ThirdEye+1"],"picked":"BattleHymn","floor":10},{"not_picked":["WreathOfFlame+1","FlyingSleeves"],"picked":"ClearTheMind+1","floor":12},{"not_picked":["Consecrate","BattleHymn","CarveReality"],"picked":"SKIP","floor":14},{"not_picked":["Ragnarok","ConjureBlade+1"],"picked":"Devotion","floor":16},{"not_picked":["Swivel+1","Conclude"],"picked":"Halt+1","floor":18}],"player_experience":292056,"relics_obtained":[{"floor":6,"key":"Whetstone"},{"floor":8,"key":"Centennial Puzzle"},{"floor":9,"key":"Toxic Egg 2"},{"floor":10,"key":"Bronze Scales"},{"floor":19,"key":"Enchiridion"}],"event_choices":[{"damage_healed":0,"gold_gain":0,"player_choice":"Lose Max HP","damage_taken":0,"relics_obtained":["Golden Idol"],"max_hp_gain":0,"max_hp_loss":6,"event_name":"Golden Idol","floor":5,"gold_loss":0},{"damage_healed":0,"gold_gain":0,"player_choice":"Got Potions","damage_taken":0,"max_hp_gain":0,"max_hp_loss":0,"event_name":"Lab","floor":11,"gold_loss":0},{"damage_healed":0,"gold_gain":0,"player_choice":"Obtained Book","damage_taken":16,"max_hp_gain":0,"max_hp_loss":0,"event_name":"Cursed Tome","floor":19,"gold_loss":0},{"damage_healed":0,"gold_gain":0,"player_choice":"Fought Bandits","damage_taken":0,"max_hp_gain":0,"max_hp_loss":0,"event_name":"Masked Bandits","floor":20,"gold_loss":0}],"is_beta":false,"boss_relics":[{"not_picked":["Ectoplasm","Empty Cage"],"picked":"Black Star"}],"items_purged_floors":[0,3],"is_endless":false,"potions_floor_spawned":[2,4,8,12,16],"killed_by":"Masked Bandits","ascension_level":4}}