{"host":"u2grshebrc5rdzdn","time":1609187398,"event":{"mods":["AchievementEnabler","BaseMod","Minty Spire (QoL Compilation)","StSLib"],"gold_per_floor":[113,131,32,42,55,55,86,99,123,151,170,170,21,33,33,131,131,148,160,170,0,17,17,29,29,29,48,48,48,48],"floor_reached":29,"playtime":3036,"items_purged":[],"score":378,"play_id":"e113ebc1-e547-45d0-93c8-3fffcec6b0e9","local_time":"20201228212958","is_ascension_mode":true,"campfire_choices":[{"data":"Zap","floor":6,"key":"SMITH"},{"data":"Sunder","floor":15,"key":"SMITH"},{"floor":23,"key":"REST"},{"floor":25,"key":"REST"}],"circlet_count":0,"master_deck":["Strike_B","Strike_B","Strike_B","Strike_B","Defend_B","Defend_B","Defend_B","Defend_B","Zap+1","Dualcast","Core Surge","Coolheaded","Conserve Battery","Scrape","Sweeping Beam","Gash","Chill","Echo Form+1","Sunder+1","Compile Driver","Creative AI","Leap","Ball Lightning"],"relics":["Cracked Core","Centennial Puzzle","Oddly Smooth Stone","Ancient Tea Set","Frozen Eye","Velvet Choker","Tiny Chest"],"acts_visited":["Exordium","TheCity"],"potions_floor_usage":[7,8,22,24],"damage_taken":[{"damage":3.0,"enemies":"Small Slimes","floor":1.0,"turns":2.0},{"damage":1.0,"enemies":"Cultist","floor":2.0,"turns":3.0},{"damage":1,"enemies":"2 Louse","floor":4,"turns":2},{"damage":4,"enemies":"Red Slaver","floor":5,"turns":3},{"damage":8,"enemies":"Lagavulin","floor":7,"turns":5},{"damage":0,"enemies":"Exordium Wildlife","floor":8,"turns":3},{"damage":7,"enemies":"3 Sentries","floor":10,"turns":7},{"damage":8,"enemies":"3 Louse","floor":11,"turns":3},{"damage":0,"enemies":"Blue Slaver","floor":14,"turns":3},{"damage":0,"enemies":"Slime Boss","floor":16,"turns":7},{"damage":16,"enemies":"Shell Parasite","floor":18,"turns":5},{"damage":19,"enemies":"3 Byrds","floor":19,"turns":6},{"damage":16,"enemies":"3 Cultists","floor":20,"turns":6},{"damage":1,"enemies":"Sentry and Sphere","floor":22,"turns":4},{"damage":6,"enemies":"Chosen and Byrds","floor":24,"turns":4},{"damage":15,"enemies":"Snake Plant","floor":27,"turns":5},{"damage":0,"enemies":"Snecko","floor":29,"turns":1}],"seed_played":"-4733017404521891930","potions_obtained":[{"floor":2.0,"key":"Block Potion"},{"floor":5,"key":"Ancient Potion"},{"floor":7,"key":"Strength Potion"},{"floor":10,"key":"AttackPotion"},{"floor":14,"key":"EssenceOfSteel"},{"floor":20,"key":"DistilledChaos"},{"floor":27,"key":"LiquidBronze"}],"is_trial":false,"path_per_floor":["M","M","$","M","M","R","E","M","T","E","M","?","$","M","R","B",null,"M","M","M","?","M","R","M","R","T","M","?","M"],"character_chosen":"DEFECT","items_purchased":["EssenceOfDarkness","Frozen Eye"],"campfire_rested":2,"item_purchase_floors":[3,13],"current_hp_per_floor":[65,64,64,63,59,59,51,51,51,44,36,36,36,36,36,36,60,44,25,9,9,8,28,22,42,42,27,11,11,11],"gold":48,"neow_bonus":"THREE_RARE_CARDS","is_daily":false,"chose_seed":false,"campfire_upgraded":2,"win_rate":0.0,"timestamp":1609187398,"path_taken":["M","M","$","M","M","R","E","M","T","E","M","?","$","M","R","BOSS","M","M","?","?","M","R","M","R","T","M","?","M"],"items_purchased_type":["Potion","Relic"],"build_version":"2020-12-22","purchased_purges":0,"victory":false,"max_hp_per_floor":[68,68,68,68,68,68,68,68,68,68,68,68,68,68,68,68,68,68,68,68,68,68,68,68,68,68,68,68,68,68],"card_choices":[{"not_picked":["Multi-Cast","Amplify"],"picked":"Core Surge","floor":0.0},{"not_picked":["Redo","Rebound"],"picked":"Coolheaded","floor":1.0},{"not_picked":["Aggregate","Fusion"],"picked":"Conserve Battery","floor":2.0},{"not_picked":["Barrage","Hello World"],"picked":"Scrape","floor":4},{"not_picked":["Loop","Barrage"],"picked":"Sweeping Beam","floor":5},{"not_picked":["Undo","Cold Snap"],"picked":"Gash","floor":7},{"not_picked":["Beam Cell","Redo"],"picked":"Chill","floor":8},{"not_picked":["Glacier","Recycle"],"picked":"Echo Form","floor":10},{"not_picked":["Steam","Rip and Tear"],"picked":"Sunder","floor":11},{"not_picked":["Capacitor","Beam Cell"],"picked":"Compile Driver","floor":14},{"not_picked":["Multi-Cast","Buffer"],"picked":"Creative AI","floor":16},{"not_picked":["Sweeping Beam","Redo+1"],"picked":"Leap","floor":18},{"not_picked":["Beam Cell","Chaos","Recycle"],"picked":"SKIP","floor":19},{"not_picked":["Hello World","Hologram"],"picked":"Ball Lightning","floor":20},{"not_picked":["Heatsinks","Lockon+1","Scrape"],"picked":"SKIP","floor":22},{"not_picked":["Rebound","Consume","Chill"],"picked":"SKIP","floor":24},{"not_picked":["Stack","Reprogram","Creative AI"],"picked":"SKIP","floor":27}],"player_experience":404400,"relics_obtained":[{"floor":7,"key":"Centennial Puzzle"},{"floor":9,"key":"Oddly Smooth Stone"},{"floor":10,"key":"Ancient Tea Set"},{"floor":26,"key":"Tiny Chest"}],"event_choices":[{"damage_healed":0,"gold_gain":0,"player_choice":"Upgraded","damage_taken":0,"max_hp_gain":0,"max_hp_loss":0,"event_name":"Upgrade Shrine","floor":12,"gold_loss":0,"cards_upgraded":["Echo Form"]},{"damage_healed":0,"gold_gain":0,"player_choice":"Paid Fearfully","damage_taken":0,"max_hp_gain":0,"max_hp_loss":0,"event_name":"Masked Bandits","floor":21,"gold_loss":170},{"damage_healed":0,"gold_gain":0,"player_choice":"Obtained Book","damage_taken":16,"max_hp_gain":0,"max_hp_loss":0,"event_name":"Cursed Tome","floor":28,"gold_loss":0}],"is_beta":false,"boss_relics":[{"not_picked":["SacredBark","Philosopher\u0027s Stone"],"picked":"Velvet Choker"}],"items_purged_floors":[],"is_endless":false,"potions_floor_spawned":[2,5,7,10,14,16,19,20,27],"killed_by":"Snecko","ascension_level":6}}