{"host":"jm9833yuloeli2yd","time":1609123844,"event":{"mods":["AchievementEnabler","BaseMod","Better Altar","Better Match","Better Note","Better Sensory Stone","Better Skull","Better Third Choice","Better Vampires","BetterRewards","Colored Map","Colored Powertips","DeckTracker","Marked Mod","Minty Spire (QoL Compilation)","Permanent Neow","Quick Restart","StSLib","SuperFastMode"],"gold_per_floor":[119,69,9,29,54,92,92,51,51,60,60,84,127,27,27,113,113,140,164,191,231,68,109,109,89,116,156,183,202,202,242,242,325,325,354,383,406,421,444,473,369,405,429,82,109,134,9,9,9,9,9,9,9,9,53,53],"floor_reached":57,"playtime":3086,"items_purged":["Strike_B","Pain","Defend_B"],"score":4091,"play_id":"1d4055ba-0905-4211-b4c2-18178fafd2f9","local_time":"20201227215044","is_ascension_mode":true,"campfire_choices":[{"floor":7,"key":"REST"},{"data":"Defragment","floor":11,"key":"SMITH"},{"floor":15,"key":"REST"},{"data":"Enlightenment","floor":24,"key":"SMITH"},{"floor":32,"key":"REST"},{"floor":49,"key":"RECALL"},{"data":"Fission","floor":53,"key":"SMITH"}],"circlet_count":0,"master_deck":["AscendersBane","Strike_B+1","Defend_B","Defend_B","Zap","Dualcast+1","Defragment+1","Lockon","Auto Shields","Enlightenment+1","Sweeping Beam","Barrage","Fusion","Ball Lightning","Genetic Algorithm","Meteor Strike","Echo Form","Gash","FTL+1","Ghostly","Ghostly","Ghostly","Coolheaded+1","Meteor Strike","Electrodynamics","Consume","Compile Driver","Capacitor+1","Go for the Eyes","Seek","Compile Driver","Hologram","Skim","Hologram+1","Loop","Fission+1","Static Discharge"],"relics":["FrozenCore","Runic Capacitor","Toy Ornithopter","Du-Vu Doll","CeramicFish","betterThird:SlimedRelic","WingedGreaves","FossilizedHelix","WarpedTongs","Bag of Marbles","Red Mask","DollysMirror","Pen Nib","Whetstone","Lantern","Emotion Chip","Empty Cage","Happy Flower","Art of War","War Paint","TungstenRod","Nunchaku","Vajra","Orichalcum","HornCleat"],"acts_visited":["Exordium","TheCity","TheBeyond","TheEnding"],"potions_floor_usage":[6,12,13,16,21,23,27,31,33,38,40,50,50,56],"damage_taken":[{"damage":15,"enemies":"Small Slimes","floor":1,"turns":4},{"damage":3,"enemies":"2 Louse","floor":4,"turns":3},{"damage":0,"enemies":"Cultist","floor":5,"turns":3},{"damage":15,"enemies":"3 Sentries","floor":6,"turns":6},{"damage":5,"enemies":"Red Slaver","floor":12,"turns":4},{"damage":21,"enemies":"Lagavulin","floor":13,"turns":4},{"damage":0,"enemies":"Slime Boss","floor":16,"turns":3},{"damage":0,"enemies":"Spheric Guardian","floor":18,"turns":6},{"damage":5,"enemies":"3 Byrds","floor":19,"turns":6},{"damage":0,"enemies":"Masked Bandits","floor":21,"turns":6},{"damage":0,"enemies":"Slavers","floor":23,"turns":6},{"damage":0,"enemies":"Gremlin Leader","floor":27,"turns":8},{"damage":0,"enemies":"Centurion and Healer","floor":28,"turns":9},{"damage":0,"enemies":"Snecko","floor":29,"turns":3},{"damage":21,"enemies":"Slavers","floor":31,"turns":6},{"damage":0,"enemies":"Automaton","floor":33,"turns":7},{"damage":0,"enemies":"Orb Walker","floor":35,"turns":6},{"damage":0,"enemies":"3 Darklings","floor":36,"turns":5},{"damage":0,"enemies":"Spire Growth","floor":37,"turns":6},{"damage":0,"enemies":"Writhing Mass","floor":38,"turns":7},{"damage":0,"enemies":"Transient","floor":39,"turns":6},{"damage":3,"enemies":"Nemesis","floor":40,"turns":12},{"damage":0,"enemies":"Giant Head","floor":42,"turns":8},{"damage":8,"enemies":"Nemesis","floor":45,"turns":9},{"damage":0,"enemies":"Sphere and 2 Shapes","floor":46,"turns":9},{"damage":0,"enemies":"Awakened One","floor":50,"turns":11},{"damage":0,"enemies":"Time Eater","floor":51,"turns":13},{"damage":0,"enemies":"Shield and Spear","floor":55,"turns":8},{"damage":10,"enemies":"The Heart","floor":56,"turns":13}],"seed_played":"2085582931548984807","potions_obtained":[{"floor":5,"key":"Explosive Potion"},{"floor":6,"key":"Explosive Potion"},{"floor":12,"key":"EssenceOfDarkness"},{"floor":16,"key":"FearPotion"},{"floor":18,"key":"Block Potion"},{"floor":19,"key":"Energy Potion"},{"floor":21,"key":"AttackPotion"},{"floor":25,"key":"AttackPotion"},{"floor":31,"key":"DistilledChaos"},{"floor":33,"key":"SkillPotion"},{"floor":35,"key":"SpeedPotion"},{"floor":36,"key":"DuplicationPotion"},{"floor":37,"key":"DistilledChaos"},{"floor":38,"key":"FocusPotion"},{"floor":46,"key":"ColorlessPotion"},{"floor":55,"key":"Block Potion"}],"is_trial":false,"path_per_floor":["M","?","?","M","M","E","R","$","T","?","R","M","E","$","R","B",null,"M","M","?","?","$","E","R","?","T","E","M","M","?","E","R","B",null,"M","M","M","M","M","E","?","E","T","$","E","M","$","?","R","B","B",null,"R","$","E","B",null],"character_chosen":"DEFECT","items_purchased":["Defragment","Runic Capacitor","Toy Ornithopter","CeramicFish","EssenceOfDarkness","Lockon","Ball Lightning","DollysMirror","TungstenRod"],"campfire_rested":3,"item_purchase_floors":[0,0,0,0,0,0,8,22,44],"current_hp_per_floor":[28,17,23,20,20,10,33,33,33,33,33,33,17,17,40,45,69,69,64,38,38,38,38,38,38,38,38,38,38,38,17,28,33,37,37,37,37,38,38,35,35,35,35,35,27,27,27,11,11,21,21,34,34,34,34,28],"gold":53,"neow_bonus":"","is_daily":false,"chose_seed":false,"campfire_upgraded":3,"win_rate":0.0,"timestamp":1609123844,"path_taken":["M","?","?","M","M","E","R","$","T","?","R","?","E","$","R","BOSS","M","M","?","?","$","E","R","?","T","E","?","M","?","E","R","BOSS","M","M","?","M","M","E","?","E","T","?","E","?","$","?","R","BOSS","BOSS","R","$","E","BOSS"],"items_purchased_type":["Card","Relic","Relic","Relic","Potion","Card","Card","Relic","Relic"],"build_version":"2020-12-22","purchased_purges":3,"victory":true,"max_hp_per_floor":[71,71,77,77,77,77,77,77,77,77,77,77,77,77,77,77,77,77,77,38,38,38,38,38,38,38,38,38,38,38,38,38,38,38,38,38,38,38,38,38,38,38,38,38,38,38,38,38,38,38,38,38,38,38,38,38],"card_choices":[{"not_picked":["Stack","Go for the Eyes"],"picked":"Auto Shields","floor":1},{"not_picked":["Chaos","Tempest"],"picked":"Sweeping Beam","floor":4},{"not_picked":["Storm","Reinforced Body"],"picked":"Barrage","floor":5},{"not_picked":["Stack","Hologram"],"picked":"Fusion","floor":6},{"not_picked":["Steam","Scrape"],"picked":"Genetic Algorithm","floor":12},{"not_picked":["Barrage","Beam Cell"],"picked":"Meteor Strike","floor":13},{"not_picked":["Core Surge","Biased Cognition"],"picked":"Echo Form","floor":16},{"not_picked":["Leap","White Noise"],"picked":"Gash","floor":18},{"not_picked":["Streamline","Rebound"],"picked":"FTL","floor":19},{"not_picked":["Hologram","Rebound"],"picked":"Coolheaded+1","floor":21},{"not_picked":["Sweeping Beam","Doom and Gloom"],"picked":"Electrodynamics","floor":23},{"not_picked":["Heatsinks","Turbo"],"picked":"Consume","floor":27},{"not_picked":["Static Discharge","Rebound"],"picked":"Compile Driver","floor":28},{"not_picked":["Fusion","Ball Lightning"],"picked":"Capacitor+1","floor":29},{"not_picked":["Leap","Cold Snap"],"picked":"Go for the Eyes","floor":31},{"not_picked":["Rainbow","Reboot"],"picked":"Seek","floor":33},{"not_picked":["Lockon","Beam Cell"],"picked":"Compile Driver","floor":35},{"not_picked":["Cold Snap","Streamline"],"picked":"Hologram","floor":36},{"not_picked":["Steam Power","Chill"],"picked":"Skim","floor":37},{"not_picked":["Redo","Consume","Compile Driver"],"picked":"SKIP","floor":38},{"not_picked":["Rebound","Undo"],"picked":"Hologram","floor":39},{"not_picked":["Ball Lightning+1","Fusion","Barrage"],"picked":"SKIP","floor":40},{"not_picked":["Barrage","Streamline"],"picked":"Loop","floor":42},{"not_picked":["Beam Cell","Streamline+1","Darkness"],"picked":"SKIP","floor":45},{"not_picked":["Tempest","Conserve Battery"],"picked":"Fission","floor":46},{"not_picked":["Ball Lightning","Turbo"],"picked":"Static Discharge","floor":55}],"player_experience":1166854,"relics_obtained":[{"floor":6,"key":"WingedGreaves"},{"floor":9,"key":"FossilizedHelix"},{"floor":13,"key":"Bag of Marbles"},{"floor":21,"key":"Red Mask"},{"floor":23,"key":"Pen Nib"},{"floor":26,"key":"Whetstone"},{"floor":27,"key":"Lantern"},{"floor":31,"key":"Emotion Chip"},{"floor":40,"key":"Happy Flower"},{"floor":42,"key":"War Paint"},{"floor":45,"key":"Nunchaku"},{"floor":55,"key":"HornCleat"}],"event_choices":[{"damage_healed":0,"gold_gain":0,"player_choice":"Slimed","damage_taken":11,"max_hp_gain":0,"max_hp_loss":0,"event_name":"betterThird:BetterGoop","floor":2,"gold_loss":50},{"damage_healed":0,"gold_gain":0,"player_choice":"RENOUNCE","damage_taken":69,"max_hp_gain":0,"max_hp_loss":0,"event_name":"betterThird:BetterSerpent","floor":3,"gold_loss":69,"cards_obtained":["Enlightenment"]},{"damage_healed":0,"gold_gain":0,"player_choice":"Rummage","damage_taken":0,"relics_obtained":["WarpedTongs"],"max_hp_gain":0,"max_hp_loss":0,"event_name":"Accursed Blacksmith","floor":10,"gold_loss":0,"cards_obtained":["Pain"]},{"damage_healed":0,"gold_gain":0,"player_choice":"Became a Ghost","damage_taken":0,"max_hp_gain":0,"max_hp_loss":39,"event_name":"Ghosts","floor":20,"gold_loss":0,"cards_obtained":["Ghostly","Ghostly","Ghostly"]},{"damage_healed":0,"gold_gain":0,"player_choice":"Fought Bandits","damage_taken":0,"max_hp_gain":0,"max_hp_loss":0,"event_name":"Masked Bandits","floor":21,"gold_loss":0},{"damage_healed":0,"gold_gain":0,"player_choice":"Bought 1 Potion","damage_taken":0,"max_hp_gain":0,"max_hp_loss":0,"event_name":"The Woman in Blue","floor":25,"gold_loss":0},{"cards_removed":["Strike_B"],"damage_healed":0,"gold_gain":0,"player_choice":"Purged","damage_taken":0,"max_hp_gain":0,"max_hp_loss":0,"event_name":"Purifier","floor":30,"gold_loss":0},{"damage_healed":0,"gold_gain":0,"player_choice":"Paid Gold","damage_taken":0,"relics_obtained":["Art of War"],"max_hp_gain":0,"max_hp_loss":0,"event_name":"WeMeetAgain","floor":41,"gold_loss":104},{"damage_healed":0,"gold_gain":0,"player_choice":"RE RE ","damage_taken":23,"relics_obtained":["Vajra","Orichalcum"],"max_hp_gain":0,"max_hp_loss":0,"event_name":"betterSkull:BetterSkull","floor":48,"gold_loss":0,"cards_upgraded":[]}],"is_beta":false,"boss_relics":[{"not_picked":["Runic Dome","Sozu"],"picked":"FrozenCore"},{"not_picked":["Velvet Choker","SlaversCollar"],"picked":"Empty Cage"}],"items_purged_floors":[0,14,47],"is_endless":false,"potions_floor_spawned":[5,6,12,16,18,19,21,31,33,35,36,37,38,46,55],"ascension_level":20}}