{"host":"wy5pcbg592uilh9l","time":1609189877,"event":{"mods":["AchievementEnabler","BaseMod","BetterRewards","Hubris","Infinite Spire","Minty Spire (QoL Compilation)","Permanent Neow","Replay The Spire","StSLib","The Servant 0.9.4"],"gold_per_floor":[112,112,90,90,140,140,159,159,159],"floor_reached":8,"playtime":548,"items_purged":[],"score":48,"play_id":"8b0e6cb8-1ebe-477b-a809-b500816c2f6a","local_time":"20201228151117","is_ascension_mode":true,"campfire_choices":[{"floor":6,"key":"REST"}],"circlet_count":0,"master_deck":["Strike_G","Strike_G","Strike_G","Strike_G","Strike_G+1","Defend_G","Defend_G","Defend_G","Defend_G","Defend_G","Survivor","Neutralize","Outmaneuver","Calculated Gamble","Cloak And Dagger","Cloak And Dagger","Backflip+1","Decay","Dagger Spray","Delirium","Dagger Spray"],"relics":["Ring of the Snake","Replay:Baseball","ReplayTheSpireMod:Ring of Challenge","Ring of Greed","Golden Egg","hubris:MobiusCoin"],"acts_visited":["Exordium"],"potions_floor_usage":[8],"damage_taken":[{"damage":1,"enemies":"Jaw Worm","floor":1,"turns":5},{"damage":0,"enemies":"Cultist","floor":7,"turns":3},{"damage":10,"enemies":"Lagavulin","floor":8,"turns":3}],"seed_played":"-3321631900841300176","potions_obtained":[{"floor":1,"key":"Elixir"}],"is_trial":false,"path_per_floor":["M","?","$","?","?","R","M","E"],"character_chosen":"THE_SILENT","items_purchased":["Cloak And Dagger","Dagger Spray"],"campfire_rested":1,"item_purchase_floors":[0,3],"current_hp_per_floor":[62,62,62,48,48,69,69,59,59],"gold":159,"neow_bonus":"","is_daily":false,"chose_seed":false,"campfire_upgraded":0,"win_rate":0.0,"timestamp":1609189877,"path_taken":["M","?","?","?","?","R","M","E"],"items_purchased_type":["Card","Card"],"build_version":"2020-12-22","purchased_purges":0,"victory":false,"max_hp_per_floor":[70,70,70,70,70,70,70,70,70],"card_choices":[{"not_picked":["Expertise","Caltrops"],"picked":"Backflip","floor":1},{"not_picked":["Dodge and Roll","PiercingWail"],"picked":"Dagger Spray","floor":7}],"player_experience":168298,"relics_obtained":[{"floor":5,"key":"ReplayTheSpireMod:Ring of Challenge"},{"floor":5,"key":"Ring of Greed"},{"floor":5,"key":"Golden Egg"},{"floor":5,"key":"hubris:MobiusCoin"}],"event_choices":[{"damage_healed":0,"gold_gain":0,"player_choice":"Cursed","damage_taken":0,"max_hp_gain":0,"max_hp_loss":0,"event_name":"Wheel of Change","floor":2,"gold_loss":0,"cards_obtained":["Decay"]},{"damage_healed":0,"gold_gain":0,"player_choice":"Entered Light","damage_taken":14,"max_hp_gain":0,"max_hp_loss":0,"event_name":"Shining Light","floor":4,"gold_loss":0,"cards_upgraded":["Backflip","Strike_G"]}],"is_beta":false,"boss_relics":[],"items_purged_floors":[],"is_endless":false,"potions_floor_spawned":[1],"killed_by":"Lagavulin","ascension_level":2}}