{"host":"88gj1a6q1iuldet9","time":1609132711,"event":{"mods":["Act Like it!","BaseMod","BetterRewards","Conspire","Downfall","Energized Spire","Gensokyo","GungeonMod","Hubris","Jorbs\u0027s Wanderer Trilogy","Luminous","Magitek Elite","Melee Mod","Minty Spire (QoL Compilation)","Quick Restart","Reimu??????","Replay The Spire","Robot Space Explorer","Shop Mod","StSLib","The Dragon Tamer","The Hayseed","The Marked","The Mystic","The Necromancer","The Problem Sleuth","The Runesmith","The Sage","TheArtist","TheFirefly","Wandering Minibosses","Yuri Mod"],"gold_per_floor":[110,126,301,350,366,366,399,399,399,434,51,67,83,98,98,202,202,202,202,202,202,202,202,202,202,202,202,202,202,202,39,39,39,39],"floor_reached":33,"playtime":2821,"items_purged":["Doubt"],"score":351,"play_id":"b55657ed-c0e2-453e-85ff-8a05b47da7df","local_time":"20201228001831","is_ascension_mode":false,"campfire_choices":[{"data":"Luminous:Balance_Death_Scythe","floor":6,"key":"SMITH"},{"data":"Luminous:Balance_Death_Scythe","floor":8,"key":"SMITH"},{"floor":15,"key":"DIG"},{"data":"ReplayTheSpireMod:Brewmster","floor":32,"key":"SMITH"}],"circlet_count":0,"master_deck":["Luminous:Light_Flash_Shower","Luminous:Light_Flash_Shower","Luminous:Light_Flash_Shower","Luminous:Dark_Abyssal_Drop","Luminous:Dark_Abyssal_Drop","Luminous:Dark_Abyssal_Drop","Luminous:Defend_Luminous","Luminous:Defend_Luminous","Luminous:Defend_Luminous","Luminous:Defend_Luminous","Luminous:Switch_Luminous","Luminous:Light_Disperse","Luminous:Balance_Death_Scythe+1","Luminous:Fast_Spell_Luminous","Luminous:Balance_Death_Scythe+1","Luminous:Dark_Arcane_Pitch","Luminous:Concentrate_Luminous","Luminous:Photic_Meditation_Luminous","Luminous:Chaos_Field_Luminous+1","Luminous:Freud_Wisdom1_Luminous","Luminous:Lunar_Tide_Luminous+1","Luminous:Dark_Apocalypse","Luminous:Dark_Raid+1","Luminous:Light_Wash_Luminous","Luminous:Light_Gather","Luminous:Lights_Protection_Luminous","ReplayTheSpireMod:Brewmster+1"],"relics":["NeowsBlessing","Onion Ring","Vajra","Replay:Baseball","Replay:WaspNest","Ornamental Fan","Quantum Egg","Ectoplasm","Nloth\u0027s Gift","ReplayTheSpireMod:TigerMarble","Runesmith:AutoHammer","Blood Vial"],"acts_visited":["Exordium","TheCity"],"potions_floor_usage":[10,14,21,30,33,33],"damage_taken":[{"damage":0,"enemies":"conspire:RoseBush","floor":1,"turns":1},{"damage":0,"enemies":"Jaw Worm","floor":2,"turns":1},{"damage":0,"enemies":"2 Louse","floor":5,"turns":1},{"damage":15,"enemies":"Gremlin Nob","floor":7,"turns":4},{"damage":35,"enemies":"Lagavulin","floor":10,"turns":6},{"damage":0,"enemies":"Lots of Slimes","floor":12,"turns":1},{"damage":0,"enemies":"Large Slime","floor":13,"turns":3},{"damage":0,"enemies":"Gremlin Gang","floor":14,"turns":1},{"damage":0,"enemies":"Slime Boss","floor":16,"turns":5},{"damage":3,"enemies":"conspire:FuzzyDice","floor":18,"turns":3},{"damage":0,"enemies":"3 Byrds","floor":20,"turns":3},{"damage":19,"enemies":"Snake Plant","floor":21,"turns":3},{"damage":18,"enemies":"Chosen and Byrds","floor":22,"turns":4},{"damage":25,"enemies":"Replay:Snechameleon","floor":23,"turns":4},{"damage":1,"enemies":"Snecko","floor":24,"turns":4},{"damage":0,"enemies":"Sentry and Sphere","floor":25,"turns":1},{"damage":3,"enemies":"Snake Plant","floor":29,"turns":4},{"damage":8,"enemies":"Gremlin Leader","floor":30,"turns":5},{"damage":65,"enemies":"Automaton","floor":33,"turns":6}],"seed_played":"-5689573267767312065","potions_obtained":[{"floor":4,"key":"Dexterity Potion"},{"floor":7,"key":"SteroidPotion"},{"floor":10,"key":"AttackPotion"},{"floor":12,"key":"conspire:TimeTravelPotion"},{"floor":16,"key":"DuplicationPotion"},{"floor":21,"key":"Toxic Potion"},{"floor":23,"key":"Energy Potion"}],"is_trial":false,"path_per_floor":["M","M","?","?","M","R","E","R","T","E","$","M","M","M","R","B",null,"M","?","M","M","M","E","M","M","T","?","?","M","E","$","R","B"],"character_chosen":"LuminousClass","items_purchased":["Ornamental Fan","Luminous:Concentrate_Luminous","ReplayTheSpireMod:Brewmster"],"campfire_rested":0,"item_purchase_floors":[11,11,31],"current_hp_per_floor":[75,75,75,57,57,57,42,42,42,7,7,7,12,12,12,18,75,74,74,75,62,44,25,31,31,31,31,31,39,35,35,35,0,0],"gold":39,"neow_bonus":"THREE_ENEMY_KILL","is_daily":false,"chose_seed":false,"campfire_upgraded":3,"win_rate":0.0,"timestamp":1609132711,"path_taken":["M","M","?","?","M","R","E","R","T","E","$","M","?","M","R","BOSS","M","?","?","M","M","E","M","M","T","?","?","M","E","$","R","BOSS"],"items_purchased_type":["Relic","Card","Card"],"build_version":"2020-12-22","purchased_purges":1,"victory":false,"max_hp_per_floor":[75,75,75,75,75,75,75,75,75,75,75,75,75,75,75,75,75,75,75,75,75,75,75,75,75,75,75,75,75,75,75,75,75,75],"card_choices":[{"not_picked":["Luminous:Light_Wash_Luminous","Luminous:Dark_Pressure_Void"],"picked":"Luminous:Light_Disperse","floor":1},{"not_picked":["Luminous:Light_Disperse","Luminous:Dark_Pressure_Void","Luminous:Light_Sylvan_Lance"],"picked":"SKIP","floor":2},{"not_picked":["Luminous:Light_Disperse","Luminous:Sympathy_Luminous"],"picked":"Luminous:Balance_Death_Scythe","floor":4},{"not_picked":["Luminous:Dark_Pressure_Void","Luminous:Light_Wash_Luminous"],"picked":"Luminous:Fast_Spell_Luminous","floor":5},{"not_picked":["Luminous:Blinding_Pillar_Luminous","Luminous:Arcane_Rage_Luminous"],"picked":"Luminous:Balance_Death_Scythe","floor":7},{"not_picked":["Luminous:Light_Spectral_Light","Luminous:Light_Ray_of_Redemption"],"picked":"Luminous:Dark_Arcane_Pitch","floor":10},{"not_picked":["Luminous:Chase_Spell_Luminous","Luminous:Light_Wash_Luminous"],"picked":"Luminous:Photic_Meditation_Luminous","floor":12},{"not_picked":["Luminous:Darkness_Mastery_Luminous","Luminous:Concentrate_Luminous","Luminous:Light_Disperse"],"picked":"SKIP","floor":13},{"not_picked":["Luminous:Light_Sylvan_Lance","Luminous:Light_Gather"],"picked":"Luminous:Chaos_Field_Luminous","floor":14},{"not_picked":["Luminous:Dark_Crescendo_Luminous","Luminous:Erosion_Luminous"],"picked":"Luminous:Freud_Wisdom1_Luminous","floor":16},{"not_picked":["Luminous:Dark_Raid","Luminous:Blinding_Pillar_Luminous"],"picked":"Luminous:Lunar_Tide_Luminous+1","floor":18},{"not_picked":["Luminous:Erosion_Luminous","Luminous:Dark_Moonlight_Spear"],"picked":"Luminous:Dark_Apocalypse","floor":20},{"not_picked":["Luminous:Light_Spectral_Light","Luminous:Dark_Arcane_Pitch"],"picked":"Luminous:Dark_Raid+1","floor":21},{"not_picked":["Luminous:Balance_Death_Scythe","Luminous:Dark_Moonlight_Spear","Luminous:Light_Sylvan_Lance"],"picked":"SKIP","floor":22},{"not_picked":["Luminous:Dark_Dim_Erosion","Luminous:Blinding_Pillar_Luminous","Luminous:Arcane_Rage_Luminous"],"picked":"SKIP","floor":23},{"not_picked":["Luminous:Blinding_Pillar_Luminous+1","Luminous:Dark_Pressure_Void"],"picked":"Luminous:Light_Wash_Luminous","floor":24},{"not_picked":["Luminous:Balance_Death_Scythe+1","Luminous:Shadow_Shell_Luminous+1","Luminous:Light_Spectral_Light"],"picked":"SKIP","floor":25},{"not_picked":["Luminous:Dark_Pressure_Void","Luminous:Dark_Dim_Erosion+1"],"picked":"Luminous:Light_Gather","floor":29},{"not_picked":["Luminous:Light_Reflection+1","Luminous:Accumulation_Luminous"],"picked":"Luminous:Lights_Protection_Luminous","floor":30}],"player_experience":940273,"relics_obtained":[{"floor":4,"key":"Onion Ring"},{"floor":7,"key":"Vajra"},{"floor":9,"key":"Replay:Baseball"},{"floor":10,"key":"Replay:WaspNest"},{"floor":15,"key":"Quantum Egg"},{"floor":23,"key":"ReplayTheSpireMod:TigerMarble"},{"floor":26,"key":"DemoMod:WeirdEgg"},{"floor":30,"key":"Blood Vial"}],"event_choices":[{"damage_healed":0,"gold_gain":175,"player_choice":"AGREE","damage_taken":0,"max_hp_gain":0,"max_hp_loss":0,"event_name":"Liars Game","floor":3,"gold_loss":0,"cards_obtained":["Doubt"]},{"damage_healed":0,"gold_gain":0,"player_choice":"Traded Relic","damage_taken":0,"relics_obtained":["Nloth\u0027s Gift"],"max_hp_gain":0,"max_hp_loss":0,"event_name":"N\u0027loth","floor":19,"relics_lost":["Luminous:MirrorRelic"],"gold_loss":0},{"damage_healed":0,"gold_gain":0,"player_choice":"Leave","damage_taken":0,"max_hp_gain":0,"max_hp_loss":0,"event_name":"conspire:Investor","floor":27,"gold_loss":0}],"is_beta":false,"boss_relics":[{"not_picked":["hubris:CrackedHourglass","Tiny House"],"picked":"Ectoplasm"}],"items_purged_floors":[11],"is_endless":false,"potions_floor_spawned":[7,10,12,16,21,23,24,29],"killed_by":"Automaton","ascension_level":0}}