{"host":"3j2m8n0ywf988fwb","time":1609178394,"event":{"mods":["2.2 Compatiblity","Act Like it!","Aspiration","Astrologer","BaseMod","Beaked The Cultist","Better Altar","Better Match","Better Note","Better Sensory Stone","Better Skull","Better Third Choice","CCEM","Colored Map","Colored Powertips","Conspire","Energized Spire","Fireblade Mod","GifTheSpireLib","Googly Eyes","Halation","Hallownest","Highlight Path","Hubris","Infinite Spire","Jedi Mod","Marisa????????","Marked Mod","Mimic Mod","Minty Spire (QoL Compilation)","Random Character Button","Relic Stats","Replay The Spire","Robot Space Explorer","Shop Mod","Somnambulant","StSLib","Stuff the Spire","The Bug Knight","The Hierophant","The Marked","The Runesmith","TheFirefly","Unceasing Turn Reminder","everything is the same but u backflip on backflip"],"gold_per_floor":[109,109,119,69,80,109,109,125,148,158,204,9,28,40,40,137,137,148,148,148,160,160,160],"floor_reached":22,"playtime":1227,"items_purged":["astrologer:Strike"],"score":213,"play_id":"67eafcb4-faa0-4c9f-a05e-946ba17b5f44","local_time":"20201228115954","is_ascension_mode":false,"campfire_choices":[{"data":"astrologer:Opposition","floor":15,"key":"SMITH"}],"circlet_count":0,"master_deck":["astrologer:Strike","astrologer:Strike","astrologer:Defend","astrologer:Defend","astrologer:Defend","astrologer:Defend","astrologer:NorthStar","astrologer:TheFool","astrologer:Radiance","astrologer:FrozenStar","astrologer:Opposition+1","astrologer:Novile","astrologer:Nova+1","astrologer:LonelyStar","astrologer:SolarFlare","astrologer:DarkMatter+1"],"relics":["astrologer:SkyMirror","NeowsBlessing","Frozen Egg 2","ReplayTheSpireMod:TigerMarble","Blood Vial","halation:LostSnail","halation:SmartPhone"],"acts_visited":["Exordium","Exordium"],"potions_floor_usage":[],"damage_taken":[{"damage":0,"enemies":"conspire:RoseBush","floor":1,"turns":1},{"damage":0,"enemies":"Jaw Worm","floor":3,"turns":1},{"damage":0,"enemies":"Small Slimes","floor":5,"turns":1},{"damage":0,"enemies":"Replay:BlueRogue","floor":6,"turns":8},{"damage":10,"enemies":"Exordium Thugs","floor":8,"turns":4},{"damage":5,"enemies":"Exordium Wildlife","floor":10,"turns":4},{"damage":0,"enemies":"Large Slime","floor":13,"turns":4},{"damage":3,"enemies":"Looter","floor":14,"turns":2},{"damage":59,"enemies":"The Guardian","floor":16,"turns":13},{"damage":25,"enemies":"Hallownest:3_Youths","floor":18,"turns":8},{"damage":50,"enemies":"Hallownest:2_Mistakes","floor":21,"turns":11},{"damage":15,"enemies":"conspire:MimicChest","floor":22,"turns":2}],"seed_played":"-5875553243840233835","potions_obtained":[{"floor":5,"key":"jedi:wingpotion"},{"floor":6,"key":"BlessingOfTheForge"},{"floor":8,"key":"DuplicationPotion"},{"floor":21,"key":"jedi:StrikingPotion"}],"is_trial":false,"path_per_floor":["M","?","M","?","M","E","?","M","T","M","T","$","M","M","R","B",null,"M","?","?","M","?"],"character_chosen":"ASTROLOGER","items_purchased":["halation:LostSnail","astrologer:LonelyStar"],"campfire_rested":0,"item_purchase_floors":[12,12],"current_hp_per_floor":[70,70,70,70,70,70,70,60,60,57,57,57,59,58,58,1,70,45,45,49,1,0,0],"gold":160,"neow_bonus":"THREE_ENEMY_KILL","is_daily":false,"chose_seed":false,"campfire_upgraded":1,"win_rate":0.0,"timestamp":1609178394,"path_taken":["M","?","M","?","M","E","?","M","T","?","?","$","M","M","R","BOSS","M","?","?","?","?"],"items_purchased_type":["Relic","Card"],"build_version":"2020-12-22","purchased_purges":1,"victory":false,"max_hp_per_floor":[70,70,70,70,70,70,70,70,70,70,70,70,70,70,70,70,70,70,70,70,70,70,70],"relic_stats":{"Blood Vial":12,"counters":[12,59],"obtain_stats":[{"Blood Vial":9,"halation:SmartPhone":17,"NeowsBlessing":0,"astrologer:SkyMirror":0,"ReplayTheSpireMod:TigerMarble":6,"Frozen Egg 2":2,"halation:LostSnail":12},{"Blood Vial":5,"halation:SmartPhone":9,"NeowsBlessing":0,"astrologer:SkyMirror":0,"ReplayTheSpireMod:TigerMarble":4,"Frozen Egg 2":1,"halation:LostSnail":6},{"Blood Vial":15,"halation:SmartPhone":38,"NeowsBlessing":0,"astrologer:SkyMirror":0,"ReplayTheSpireMod:TigerMarble":11,"Frozen Egg 2":1,"halation:LostSnail":19}]},"card_choices":[{"not_picked":["astrologer:FadingStar","astrologer:Moonlight"],"picked":"astrologer:Radiance","floor":1},{"not_picked":["astrologer:Observe","astrologer:SpaceDust"],"picked":"astrologer:FrozenStar","floor":3},{"not_picked":["astrologer:FadingStar","astrologer:SolarFlare"],"picked":"astrologer:Opposition","floor":5},{"not_picked":["astrologer:TheEmperor","astrologer:Still","astrologer:CometStrike"],"picked":"SKIP","floor":6},{"not_picked":["astrologer:TheEmperor","astrologer:Still","astrologer:CometStrike"],"picked":"SKIP","floor":6},{"not_picked":["astrologer:Quincunx","astrologer:Shine"],"picked":"astrologer:Novile","floor":8},{"not_picked":["astrologer:Moonlight","astrologer:Conjunction"],"picked":"astrologer:Nova+1","floor":10},{"not_picked":["astrologer:TheHighPriestess","astrologer:Radiance","astrologer:SpaceDust"],"picked":"SKIP","floor":13},{"not_picked":["astrologer:Temperance","astrologer:Stardust"],"picked":"astrologer:SolarFlare","floor":14},{"not_picked":["astrologer:Wish","astrologer:HeatDeath"],"picked":"astrologer:DarkMatter+1","floor":16},{"not_picked":["astrologer:NeutronStar","astrologer:SpaceDust","astrologer:SolarFlare"],"picked":"SKIP","floor":18},{"not_picked":["astrologer:Stardust","astrologer:SolarFlare","astrologer:CometStrike"],"picked":"SKIP","floor":21}],"player_experience":1049099,"relics_obtained":[{"floor":6,"key":"ReplayTheSpireMod:TigerMarble"},{"floor":9,"key":"Blood Vial"}],"event_choices":[{"cards_removed":["Injury"],"damage_healed":0,"gold_gain":0,"player_choice":"Card Removal","damage_taken":0,"max_hp_gain":0,"max_hp_loss":0,"event_name":"The Cleric","floor":4,"gold_loss":50},{"cards_removed":["astrologer:Strike"],"damage_healed":0,"gold_gain":0,"player_choice":"Purged","damage_taken":0,"max_hp_gain":0,"max_hp_loss":0,"event_name":"Purifier","floor":7,"gold_loss":0},{"damage_healed":4,"gold_gain":0,"player_choice":"LEAVE ","damage_taken":0,"relics_obtained":[],"max_hp_gain":0,"max_hp_loss":0,"event_name":"betterSkull:BetterSkull","floor":20,"gold_loss":0,"cards_upgraded":[]}],"is_beta":false,"boss_relics":[{"not_picked":["energizedSpire:CursedPentagram","halation:MonkeysPaw"],"picked":"halation:SmartPhone"}],"items_purged_floors":[12],"is_endless":false,"potions_floor_spawned":[5,6,8,21],"killed_by":"conspire:MimicChest","ascension_level":0}}