{"host":"ssbj2e5691x5ub3h","time":1609114273,"event":{"mods":["BaseMod","Duelist Mod","Minty Spire (QoL Compilation)","StSLib"],"gold_per_floor":[143,158,177,193,193,225,225,195,195,208,237,237,237,257,257,353,353,363,363,413,429,445,476,476,401,424,424,435,140,90,0,0,102,102,121,133,133,0,0,0],"floor_reached":39,"playtime":2037,"items_purged":["theDuelist:Sparks"],"score":711,"play_id":"edcd0b23-400b-4ad3-8f61-cb51921c0ca2","local_time":"20201227221113","is_ascension_mode":true,"campfire_choices":[{"data":"theDuelist:GaiaDragonChamp","floor":7,"key":"SMITH"},{"data":"theDuelist:CyberDragonCore","floor":13,"key":"SMITH"},{"floor":15,"key":"REST"},{"floor":24,"key":"REST"},{"data":"1","floor":27,"key":"LIFT"},{"floor":32,"key":"REST"}],"circlet_count":0,"master_deck":["AscendersBane","theDuelist:BabyDragon","theDuelist:CastleWalls","theDuelist:CastleWalls","theDuelist:CaveDragon","theDuelist:CaveDragon","theDuelist:LesserDragon","theDuelist:LesserDragon","theDuelist:Sparks","theDuelist:YamataDragon","theDuelist:Duoterion","theDuelist:WaterDragon","theDuelist:CyberDragonCore+1","theDuelist:MirageDragon","theDuelist:CyberValley","theDuelist:MaskedDragon","theDuelist:DragonMastery","theDuelist:MaskedDragon","Necronomicurse","theDuelist:GravityLash","theDuelist:DragonZombie","theDuelist:CyberneticRevolution","theDuelist:TwinHeadedFire+1","theDuelist:ChimeratechOverdragon","theDuelist:Lancephorhynchus+1"],"relics":["theDuelist:MillenniumPuzzle","theDuelist:CardPoolRelic","theDuelist:CardPoolBasicRelic","theDuelist:BoosterPackPoolRelic","theDuelist:CardPoolAddRelic","theDuelist:CardPoolMinusRelic","theDuelist:CardPoolSaveRelic","theDuelist:CardPoolOptionsRelic","theDuelist:CursedHealer","Bronze Scales","Ornamental Fan","Bird Faced Urn","Toy Ornithopter","Sozu","Necronomicon","Turnip","Girya","theDuelist:ResummonBranch","Smiling Mask","PreservedInsect","Bronze Scales","Runic Dome","Red Mask"],"acts_visited":["Exordium","TheCity","TheBeyond"],"potions_floor_usage":[23],"damage_taken":[{"damage":1,"enemies":"Cultist","floor":1,"turns":4},{"damage":7,"enemies":"Jaw Worm","floor":2,"turns":2},{"damage":2,"enemies":"2 Louse","floor":3,"turns":2},{"damage":7,"enemies":"Blue Slaver","floor":4,"turns":3},{"damage":3,"enemies":"Lagavulin","floor":6,"turns":8},{"damage":0,"enemies":"Looter","floor":8,"turns":4},{"damage":10,"enemies":"3 Louse","floor":10,"turns":3},{"damage":10,"enemies":"3 Sentries","floor":11,"turns":8},{"damage":8,"enemies":"Large Slime","floor":14,"turns":5},{"damage":7,"enemies":"Slime Boss","floor":16,"turns":7},{"damage":19,"enemies":"3 Byrds","floor":18,"turns":4},{"damage":3,"enemies":"3 Byrds","floor":20,"turns":6},{"damage":0,"enemies":"Shell Parasite","floor":21,"turns":2},{"damage":9,"enemies":"Snecko","floor":22,"turns":4},{"damage":23,"enemies":"Slavers","floor":23,"turns":5},{"damage":13,"enemies":"Sentry and Sphere","floor":28,"turns":6},{"damage":48,"enemies":"Automaton","floor":33,"turns":7},{"damage":16,"enemies":"3 Shapes","floor":35,"turns":5},{"damage":0,"enemies":"3 Darklings","floor":36,"turns":4},{"damage":62,"enemies":"Sphere and 2 Shapes","floor":39,"turns":4}],"seed_played":"-2106095948768492881","potions_obtained":[{"floor":2,"key":"FocusPotion"},{"floor":6,"key":"FearPotion"},{"floor":10,"key":"AttackPotion"}],"is_trial":false,"path_per_floor":["M","M","M","M","?","E","R","M","T","M","E","?","R","M","R","B",null,"M","?","?","M","M","E","R","?","T","R","M","?","$","?","R","B",null,"M","M","?","?","M"],"character_chosen":"THE_DUELIST","items_purchased":[],"campfire_rested":3,"item_purchase_floors":[],"current_hp_per_floor":[79,72,70,63,88,85,85,85,85,75,65,65,65,57,83,78,86,67,51,50,50,43,27,53,53,53,53,42,42,42,42,68,20,71,57,59,59,59,0,0],"gold":0,"neow_bonus":"TEN_PERCENT_HP_BONUS","is_daily":false,"chose_seed":false,"campfire_upgraded":2,"win_rate":0.0,"timestamp":1609114273,"path_taken":["M","M","M","?","?","E","R","M","T","M","E","?","R","M","R","BOSS","M","?","?","M","M","E","R","?","T","R","M","?","$","?","R","BOSS","M","M","?","?","M"],"items_purchased_type":[],"build_version":"2020-12-22","purchased_purges":1,"victory":false,"max_hp_per_floor":[88,88,88,88,88,88,88,88,88,88,88,88,88,88,88,88,88,88,88,88,88,88,88,88,88,88,88,88,88,88,88,88,88,88,88,88,88,88,88,88],"card_choices":[{"not_picked":["theDuelist:CyberEndDragon","theDuelist:BlizzardDragon"],"picked":"theDuelist:GaiaDragonChamp","floor":1},{"not_picked":["theDuelist:MadFlameKaiju","theDuelist:Kabazauls","theDuelist:Carboneddon","theDuelist:Babycerasaurus"],"picked":"theDuelist:Duoterion","floor":2},{"not_picked":["Discovery","Forethought","Good Instincts","HandOfGreed"],"picked":"SKIP","floor":3},{"not_picked":["theDuelist:InfernityDoomDragon","theDuelist:CyberDragonInfinity","theDuelist:CyberDragonSieger","theDuelist:DragonMastery"],"picked":"theDuelist:WaterDragon","floor":4},{"not_picked":["Flash of Steel","Jack Of All Trades","Sadistic Nature","Transmutation"],"picked":"SKIP","floor":6},{"not_picked":["theDuelist:BlackBrutdrago","theDuelist:HazyFlameHydra","theDuelist:Hydrogeddon","theDuelist:MadFlameKaiju"],"picked":"theDuelist:CyberDragonCore","floor":8},{"not_picked":["theDuelist:Hydrogeddon","theDuelist:BusterDrake","theDuelist:CyberDragonNachster","theDuelist:RedDragonArchfiend"],"picked":"theDuelist:MirageDragon","floor":10},{"not_picked":["theDuelist:CyberDinosaur","theDuelist:StarlightRoad","theDuelist:CyberDragonDrei","theDuelist:AtomicScrapDragon"],"picked":"theDuelist:CyberValley","floor":11},{"not_picked":["theDuelist:TwinHeadedFire","theDuelist:TwinBarrelDragon","theDuelist:BlackBrutdrago","theDuelist:MythicWaterDragon"],"picked":"theDuelist:MaskedDragon","floor":14},{"not_picked":["theDuelist:SurvivalFittest","theDuelist:SliferSky","theDuelist:Lancephorhynchus","theDuelist:BSkullDragon"],"picked":"theDuelist:DragonMastery","floor":16},{"not_picked":["theDuelist:Earthquake","theDuelist:TornadoDragon+1","theDuelist:BerserkerSoul","theDuelist:ArmedDragon5"],"picked":"theDuelist:MaskedDragon","floor":18},{"not_picked":["theDuelist:SliferSky","theDuelist:Scapegoat","theDuelist:BusterBladerDDS","theDuelist:ArmageddonDragonEmp+1"],"picked":"theDuelist:GravityLash","floor":20},{"not_picked":["theDuelist:YamataDragon","theDuelist:BusterBlader","theDuelist:MegafleetDragon","theDuelist:BusterDrake"],"picked":"theDuelist:DragonZombie","floor":21},{"not_picked":["theDuelist:VolcanicEruption","theDuelist:TyrantWing","theDuelist:ArtifactSanctum","theDuelist:SurvivalFittest"],"picked":"theDuelist:CyberneticRevolution","floor":22},{"not_picked":["theDuelist:MadSwordBeast","theDuelist:HazyFlameHydra","theDuelist:CloudianGhost+1","theDuelist:EyeTimaeus"],"picked":"theDuelist:TwinHeadedFire+1","floor":23},{"not_picked":["theDuelist:DreadnoughtDreadnoid","theDuelist:DarkHorus","theDuelist:BlackTyranno","theDuelist:TrihornedDragon","theDuelist:BlackVeloci"],"picked":"SKIP","floor":28},{"not_picked":["theDuelist:SeismicShockwave","theDuelist:GaiaDragonChamp+1","theDuelist:DragonMastery","theDuelist:DoomkaiserDragon"],"picked":"theDuelist:ChimeratechOverdragon","floor":33},{"not_picked":["theDuelist:SurvivalFittest","theDuelist:OceanDragonLord","theDuelist:FiveHeaded","theDuelist:BlasterDragonInfernos+1","theDuelist:BSkullDragon"],"picked":"SKIP","floor":35},{"not_picked":["theDuelist:TrihornedDragon+1","theDuelist:DarkHorus","theDuelist:BlueEyes","theDuelist:BlasterDragonInfernos"],"picked":"theDuelist:Lancephorhynchus+1","floor":36}],"player_experience":255222,"relics_obtained":[{"floor":6,"key":"Bronze Scales"},{"floor":9,"key":"Ornamental Fan"},{"floor":11,"key":"Bird Faced Urn"},{"floor":19,"key":"Necronomicon"},{"floor":20,"key":"Turnip"},{"floor":20,"key":"Girya"},{"floor":20,"key":"theDuelist:ResummonBranch"},{"floor":23,"key":"Smiling Mask"},{"floor":26,"key":"PreservedInsect"}],"event_choices":[{"damage_healed":0,"gold_gain":0,"player_choice":"Succumb - +25HP/Cursed Relic","duelist":true,"damage_taken":0,"max_hp_gain":0,"max_hp_loss":0,"event_name":"Tomb of the Nameless","floor":5,"gold_loss":0},{"damage_healed":0,"gold_gain":0,"player_choice":"Box","damage_taken":0,"relics_obtained":["Toy Ornithopter"],"max_hp_gain":0,"max_hp_loss":0,"event_name":"Big Fish","floor":12,"gold_loss":0,"cards_obtained":["Regret"]},{"damage_healed":0,"gold_gain":0,"player_choice":"Obtained Book","damage_taken":16,"max_hp_gain":0,"max_hp_loss":0,"event_name":"Cursed Tome","floor":19,"gold_loss":0},{"damage_healed":0,"gold_gain":0,"player_choice":"Fight","duelist":true,"damage_taken":0,"max_hp_gain":0,"max_hp_loss":0,"event_name":"Battle City","floor":20,"gold_loss":0},{"cards_removed":["Regret"],"damage_healed":0,"gold_gain":0,"player_choice":"Gave Gold","damage_taken":0,"max_hp_gain":0,"max_hp_loss":0,"event_name":"Beggar","floor":25,"gold_loss":75},{"damage_healed":0,"gold_gain":0,"player_choice":"Duplicated Relic - Bronze Scales","duelist":true,"damage_taken":0,"max_hp_gain":0,"max_hp_loss":0,"event_name":"Relic Duplicator","floor":29,"gold_loss":0},{"damage_healed":0,"gold_gain":0,"player_choice":"Paid Fearfully","damage_taken":0,"max_hp_gain":0,"max_hp_loss":0,"event_name":"Masked Bandits","floor":31,"gold_loss":90},{"cards_removed":["theDuelist:GaiaDragonChamp"],"damage_healed":0,"gold_gain":0,"player_choice":"Removed Attack","damage_taken":0,"max_hp_gain":0,"max_hp_loss":0,"event_name":"Falling","floor":37,"gold_loss":0},{"damage_healed":0,"gold_gain":0,"player_choice":"Paid","damage_taken":0,"relics_obtained":["Red Mask"],"max_hp_gain":0,"max_hp_loss":0,"event_name":"Tomb of Lord Red Mask","floor":38,"gold_loss":133}],"is_beta":false,"boss_relics":[{"not_picked":["Coffee Dripper","Cursed Key"],"picked":"Sozu"},{"not_picked":["Inserter","theDuelist:ElectricKey"],"picked":"Runic Dome"}],"items_purged_floors":[30],"is_endless":false,"potions_floor_spawned":[2,3,6,10,14,18,23,28,33],"killed_by":"Sphere and 2 Shapes","ascension_level":11}}