{"host":"873t0y8ybyo38pfq","time":1609189493,"event":{"mods":["BaseMod","Bestiary","Colored Map","Colored Powertips","Highlight Path","Minty Spire (QoL Compilation)","Quick Restart","RNG Fix","Rare Cards Sparkle","Relic Stats","StSLib"],"gold_per_floor":[17,167,167,190,190,190,20,45,45,81,46,87,87,108,108,202,202,202,202,202,202,202,202,202,202,202,202,202,202,202,202,202,202,202,202,202,202,27,27,27,27,27,27,27,27,27,27,27,27,27,27,27,27,27,27,27],"floor_reached":55,"playtime":2581,"items_purged":["Doubt","Strike_G"],"score":2052,"play_id":"48b9f3ec-3dc2-4e0b-b906-ce10e5dd3800","local_time":"20201228160453","is_ascension_mode":true,"campfire_choices":[{"data":"Envenom","floor":6,"key":"SMITH"},{"floor":13,"key":"REST"},{"data":"Noxious Fumes","floor":15,"key":"SMITH"},{"data":"Footwork","floor":23,"key":"SMITH"},{"floor":29,"key":"REST"},{"floor":32,"key":"REST"},{"data":"Well Laid Plans","floor":40,"key":"SMITH"},{"floor":49,"key":"RECALL"},{"floor":53,"key":"REST"}],"circlet_count":0,"master_deck":["AscendersBane","Strike_G","Defend_G","Defend_G","Defend_G","Defend_G","Defend_G","Survivor","Neutralize","Acrobatics","Predator","Envenom+1","Flash of Steel","Backflip","Footwork+1","Catalyst+1","Noxious Fumes+1","Corpse Explosion+1","Acrobatics+1","Deadly Poison+1","Crippling Poison+1","Cloak And Dagger+1","Prepared+1","Burst+1","Burst+1","Dodge and Roll+1","Well Laid Plans+1","Outmaneuver+1","Blur+1","Escape Plan+1","Footwork+1","Footwork+1"],"relics":["Ring of the Snake","TungstenRod","Bloody Idol","Toxic Egg 2","Snake Skull","Toy Ornithopter","Ectoplasm","Kunai","Mercury Hourglass","Bronze Scales","Pen Nib","Philosopher\u0027s Stone","The Specimen","PreservedInsect"],"acts_visited":["Exordium","TheCity","TheBeyond","TheEnding"],"potions_floor_usage":[10,16,21,21,28,31,42,47,47,47,50,51],"damage_taken":[{"damage":4,"enemies":"Jaw Worm","floor":1,"turns":5},{"damage":8,"enemies":"Cultist","floor":4,"turns":5},{"damage":1,"enemies":"Small Slimes","floor":8,"turns":3},{"damage":30,"enemies":"Gremlin Nob","floor":10,"turns":4},{"damage":22,"enemies":"3 Sentries","floor":12,"turns":11},{"damage":9,"enemies":"3 Louse","floor":14,"turns":4},{"damage":2,"enemies":"Hexaghost","floor":16,"turns":6},{"damage":0,"enemies":"3 Byrds","floor":18,"turns":1},{"damage":11,"enemies":"Spheric Guardian","floor":19,"turns":5},{"damage":4,"enemies":"Chosen and Byrds","floor":21,"turns":5},{"damage":2,"enemies":"Snecko","floor":22,"turns":5},{"damage":11,"enemies":"Book of Stabbing","floor":24,"turns":4},{"damage":21,"enemies":"Snake Plant","floor":25,"turns":5},{"damage":2,"enemies":"Chosen and Byrds","floor":27,"turns":4},{"damage":9,"enemies":"Slavers","floor":28,"turns":4},{"damage":16,"enemies":"Book of Stabbing","floor":31,"turns":4},{"damage":19,"enemies":"Collector","floor":33,"turns":6},{"damage":0,"enemies":"Orb Walker","floor":35,"turns":1},{"damage":0,"enemies":"3 Shapes","floor":36,"turns":3},{"damage":0,"enemies":"Transient","floor":37,"turns":5},{"damage":0,"enemies":"Writhing Mass","floor":39,"turns":5},{"damage":4,"enemies":"4 Shapes","floor":42,"turns":2},{"damage":0,"enemies":"Nemesis","floor":44,"turns":7},{"damage":0,"enemies":"Transient","floor":45,"turns":5},{"damage":0,"enemies":"Maw","floor":46,"turns":3},{"damage":0,"enemies":"Reptomancer","floor":47,"turns":4},{"damage":0,"enemies":"3 Darklings","floor":48,"turns":4},{"damage":39,"enemies":"Time Eater","floor":50,"turns":6},{"damage":16,"enemies":"Awakened One","floor":51,"turns":11},{"damage":71,"enemies":"Shield and Spear","floor":55,"turns":5}],"seed_played":"2391163693323366635","potions_obtained":[{"floor":4,"key":"Swift Potion"},{"floor":12,"key":"SkillPotion"},{"floor":14,"key":"DuplicationPotion"},{"floor":18,"key":"SneckoOil"},{"floor":27,"key":"Dexterity Potion"},{"floor":28,"key":"Ancient Potion"},{"floor":33,"key":"SpeedPotion"},{"floor":39,"key":"BlessingOfTheForge"},{"floor":44,"key":"EntropicBrew"},{"floor":47,"key":"CunningPotion"}],"is_trial":false,"path_per_floor":["M","?","?","M","?","R","$","M","T","E","?","E","R","M","R","B",null,"M","M","?","M","M","R","E","M","T","M","E","R","?","E","R","B",null,"M","M","M","$","M","R","?","M","T","E","M","M","E","M","R","B","B",null,"R","$","E"],"character_chosen":"THE_SILENT","items_purchased":["Flash of Steel","Blur+1"],"campfire_rested":4,"item_purchase_floors":[7,38],"current_hp_per_floor":[55,55,55,47,47,47,47,46,46,16,31,9,27,18,18,21,50,50,39,39,45,43,43,32,11,11,9,5,23,23,12,30,11,48,48,48,48,48,48,48,48,49,49,49,49,49,60,60,60,26,15,49,60,60,0,0],"gold":27,"neow_bonus":"ONE_RARE_RELIC","is_daily":false,"chose_seed":false,"campfire_upgraded":4,"win_rate":0.0,"timestamp":1609189493,"path_taken":["M","?","?","M","?","R","?","?","T","E","?","E","R","M","R","BOSS","M","M","?","M","M","R","E","?","T","?","E","R","?","E","R","BOSS","M","M","M","$","M","R","?","M","T","E","?","M","E","M","R","BOSS","BOSS","R","$","E"],"items_purchased_type":["Card","Card"],"build_version":"2020-12-22","purchased_purges":2,"victory":false,"max_hp_per_floor":[66,66,60,60,60,60,60,60,60,60,60,60,60,60,60,60,60,60,60,60,60,60,60,60,60,60,60,60,60,60,60,60,60,60,60,60,60,60,60,60,60,60,60,60,60,60,60,60,60,60,60,60,60,60,60,60],"relic_stats":{"counters":[30,142],"Snake Skull":[253],"Pen Nib":[9],"PreservedInsect":77,"Mercury Hourglass":[346],"Bloody Idol":0,"Bronze Scales":[258],"Ectoplasm":445,"Kunai":[17],"obtain_stats":[{"The Specimen":44,"Golden Idol":3,"Snake Skull":10,"Pen Nib":31,"PreservedInsect":47,"Mercury Hourglass":26,"Bloody Idol":20,"Bronze Scales":28,"Philosopher\u0027s Stone":34,"Ectoplasm":17,"Kunai":24,"Toxic Egg 2":9,"TungstenRod":0,"Toy Ornithopter":12,"Ring of the Snake":0},{"The Specimen":23,"Golden Idol":1,"Snake Skull":4,"Pen Nib":16,"PreservedInsect":26,"Mercury Hourglass":13,"Bloody Idol":9,"Bronze Scales":15,"Philosopher\u0027s Stone":17,"Ectoplasm":7,"Kunai":12,"Toxic Egg 2":3,"TungstenRod":0,"Toy Ornithopter":5,"Ring of the Snake":0},{"The Specimen":104,"Golden Idol":5,"Snake Skull":17,"Pen Nib":75,"PreservedInsect":116,"Mercury Hourglass":63,"Bloody Idol":44,"Bronze Scales":71,"Philosopher\u0027s Stone":81,"Ectoplasm":38,"Kunai":58,"Toxic Egg 2":13,"TungstenRod":0,"Toy Ornithopter":28,"Ring of the Snake":0}],"TungstenRod":57,"Toy Ornithopter":51,"Ring of the Snake":[60]},"card_choices":[{"not_picked":["Dash","Slice"],"picked":"Acrobatics","floor":1},{"not_picked":["Slice","Blade Dance"],"picked":"Predator","floor":4},{"not_picked":["Finisher","Accuracy"],"picked":"Backflip","floor":8},{"not_picked":["Calculated Gamble+1","Dash"],"picked":"Footwork","floor":10},{"not_picked":["Terror+1","Slice"],"picked":"Catalyst+1","floor":12},{"not_picked":["Catalyst+1","Acrobatics+1"],"picked":"Noxious Fumes","floor":14},{"not_picked":["Phantasmal Killer+1","Tools of the Trade"],"picked":"Corpse Explosion+1","floor":16},{"not_picked":["Prepared+1","Backstab"],"picked":"Acrobatics+1","floor":18},{"not_picked":["Sucker Punch","Underhanded Strike"],"picked":"Deadly Poison+1","floor":19},{"not_picked":["Poisoned Stab","Acrobatics+1"],"picked":"Crippling Poison+1","floor":21},{"not_picked":["Bane","Reflex+1","Flechettes"],"picked":"SKIP","floor":22},{"not_picked":["Bane","Reflex+1","Flechettes"],"picked":"SKIP","floor":22},{"not_picked":["Backflip+1","Bullet Time+1"],"picked":"Cloak And Dagger+1","floor":24},{"not_picked":["Quick Slash+1","Flying Knee","Bouncing Flask+1"],"picked":"SKIP","floor":25},{"not_picked":["Dagger Spray+1","Eviscerate"],"picked":"Prepared+1","floor":27},{"not_picked":["Dagger Spray","Infinite Blades+1","Setup+1"],"picked":"SKIP","floor":28},{"not_picked":["Quick Slash","Riddle With Holes","Infinite Blades"],"picked":"SKIP","floor":31},{"not_picked":["Envenom","Tools of the Trade"],"picked":"Burst+1","floor":33},{"not_picked":["Bane","Flying Knee"],"picked":"Dodge and Roll+1","floor":35},{"not_picked":["Tactician+1","Acrobatics+1"],"picked":"Well Laid Plans","floor":36},{"not_picked":["Reflex+1","Underhanded Strike"],"picked":"Outmaneuver+1","floor":37},{"not_picked":["Infinite Blades","Escape Plan+1","Underhanded Strike+1"],"picked":"SKIP","floor":39},{"not_picked":["Infinite Blades","Underhanded Strike+1"],"picked":"Escape Plan+1","floor":39},{"not_picked":["Dagger Spray+1","Setup+1"],"picked":"Footwork+1","floor":42},{"not_picked":["Dodge and Roll+1","Escape Plan+1"],"picked":"Footwork+1","floor":44},{"not_picked":["Underhanded Strike","Tactician+1","Dagger Throw"],"picked":"SKIP","floor":45},{"not_picked":["Underhanded Strike","Dagger Throw+1","Eviscerate+1"],"picked":"SKIP","floor":46},{"not_picked":["Storm of Steel+1","Flying Knee+1","Eviscerate+1"],"picked":"SKIP","floor":47},{"not_picked":["Dagger Spray","Underhanded Strike","Bane"],"picked":"SKIP","floor":48}],"player_experience":1386349,"relics_obtained":[{"floor":9,"key":"Toxic Egg 2"},{"floor":10,"key":"Snake Skull"},{"floor":12,"key":"Toy Ornithopter"},{"floor":24,"key":"Kunai"},{"floor":26,"key":"Mercury Hourglass"},{"floor":28,"key":"Bronze Scales"},{"floor":31,"key":"Pen Nib"},{"floor":44,"key":"The Specimen"},{"floor":47,"key":"PreservedInsect"}],"event_choices":[{"damage_healed":0,"gold_gain":150,"player_choice":"AGREE","damage_taken":0,"max_hp_gain":0,"max_hp_loss":0,"event_name":"Liars Game","floor":2,"gold_loss":0,"cards_obtained":["Doubt"]},{"damage_healed":0,"gold_gain":0,"player_choice":"Lose Max HP","damage_taken":0,"relics_obtained":["Golden Idol"],"max_hp_gain":0,"max_hp_loss":6,"event_name":"Golden Idol","floor":3,"gold_loss":0},{"damage_healed":0,"gold_gain":0,"cards_transformed":["Strike_G"],"player_choice":"Transformed","damage_taken":0,"max_hp_gain":0,"max_hp_loss":0,"event_name":"Transmorgrifier","floor":5,"gold_loss":0,"cards_obtained":["Envenom"]},{"damage_healed":15,"gold_gain":0,"player_choice":"Healed","damage_taken":0,"max_hp_gain":0,"max_hp_loss":0,"event_name":"The Cleric","floor":11,"gold_loss":35},{"damage_healed":0,"gold_gain":0,"player_choice":"Gave Idol","damage_taken":0,"relics_obtained":["Bloody Idol"],"max_hp_gain":0,"max_hp_loss":0,"event_name":"Forgotten Altar","floor":20,"relics_lost":["Golden Idol"],"gold_loss":0},{"damage_healed":0,"gold_gain":0,"cards_transformed":["Strike_G","Strike_G"],"player_choice":"Became Test Subject","damage_taken":0,"max_hp_gain":0,"max_hp_loss":0,"event_name":"Drug Dealer","floor":30,"gold_loss":0,"cards_obtained":["Finisher","Burst"]},{"cards_removed":["Finisher"],"damage_healed":0,"gold_gain":0,"player_choice":"Removed Attack","damage_taken":0,"max_hp_gain":0,"max_hp_loss":0,"event_name":"Falling","floor":41,"gold_loss":0}],"is_beta":false,"boss_relics":[{"not_picked":["Astrolabe","Tiny House"],"picked":"Ectoplasm"},{"not_picked":["WristBlade","Pandora\u0027s Box"],"picked":"Philosopher\u0027s Stone"}],"items_purged_floors":[7,38],"is_endless":false,"potions_floor_spawned":[4,12,14,18,27,28,33,39,44,45,47],"killed_by":"Shield and Spear","ascension_level":20}}