{"host":"d2jar2fx86jc1ekr","time":1609113913,"event":{"mods":["AchievementEnabler","BaseMod","Colored Map","DeckTracker","Minty Spire (QoL Compilation)","StSLib","SuperFastMode","everything is the same but u backflip on backflip"],"gold_per_floor":[110,110,35,35,48,48,81,101,101,101,132,57,72,85,85,178,178,194,9,29,29,52,52,396,396,396,420,420,266,289,303,303,303,303],"floor_reached":33,"playtime":1104,"items_purged":["Strike_G","Strike_G","Defend_G"],"score":604,"play_id":"c0dbba83-60fc-4725-8269-8359f4aae0d7","local_time":"20201228090513","is_ascension_mode":true,"campfire_choices":[{"data":"Neutralize","floor":6.0,"key":"SMITH"},{"floor":10.0,"key":"REST"},{"data":"Deadly Poison","floor":15,"key":"SMITH"},{"floor":23,"key":"REST"},{"data":"Calculated Gamble","floor":25,"key":"SMITH"},{"floor":32,"key":"REST"}],"circlet_count":0,"master_deck":["AscendersBane","Strike_G","Strike_G","Defend_G","Defend_G+1","Defend_G","Defend_G+1","Survivor","Neutralize+1","Poisoned Stab","Dagger Spray","Backflip","Malaise","Deadly Poison+1","Venomology","Crippling Poison","Calculated Gamble+1","Acrobatics","Well Laid Plans","Acrobatics","Reflex","Concentrate"],"relics":["Ring of the Snake","NeowsBlessing","Golden Idol","Bird Faced Urn","WingedGreaves","Dream Catcher","Cursed Key","Darkstone Periapt","Old Coin","PreservedInsect"],"acts_visited":["Exordium","TheCity"],"potions_floor_usage":[18,20,24,30,30,31,31,33,33],"damage_taken":[{"damage":0.0,"enemies":"Small Slimes","floor":1.0,"turns":1.0},{"damage":0.0,"enemies":"2 Louse","floor":5.0,"turns":1.0},{"damage":0.0,"enemies":"Lagavulin","floor":7.0,"turns":1.0},{"damage":0.0,"enemies":"Jaw Worm","floor":8.0,"turns":4.0},{"damage":28.0,"enemies":"3 Sentries","floor":11.0,"turns":10.0},{"damage":0,"enemies":"Gremlin Gang","floor":13,"turns":9},{"damage":0,"enemies":"Blue Slaver","floor":14,"turns":5},{"damage":22,"enemies":"The Guardian","floor":16,"turns":10},{"damage":0,"enemies":"Spheric Guardian","floor":18,"turns":6},{"damage":9,"enemies":"Chosen","floor":20,"turns":4},{"damage":7,"enemies":"Snake Plant","floor":22,"turns":6},{"damage":25,"enemies":"Book of Stabbing","floor":24,"turns":8},{"damage":15,"enemies":"Snecko","floor":27,"turns":9},{"damage":5,"enemies":"Shelled Parasite and Fungi","floor":30,"turns":10},{"damage":13,"enemies":"3 Cultists","floor":31,"turns":6},{"damage":37,"enemies":"Collector","floor":33,"turns":3}],"seed_played":"2372162093107563025","potions_obtained":[{"floor":7.0,"key":"FearPotion"},{"floor":13,"key":"DistilledChaos"},{"floor":30,"key":"Swift Potion"},{"floor":31,"key":"AttackPotion"}],"is_trial":false,"path_per_floor":["M","?","?","?","M","R","E","M","T","R","E","$","M","M","R","B",null,"M","$","M","?","M","R","E","R","T","M","?","$","M","M","R","B"],"character_chosen":"THE_SILENT","items_purchased":["Calculated Gamble","Acrobatics"],"campfire_rested":3,"item_purchase_floors":[19,29],"current_hp_per_floor":[59,59,59,41,41,41,41,41,41,59,31,31,31,31,31,9,47,47,47,38,38,31,49,24,24,30,15,15,15,12,3,22,0,0],"gold":303,"neow_bonus":"THREE_ENEMY_KILL","is_daily":false,"chose_seed":false,"campfire_upgraded":3,"win_rate":0.0,"timestamp":1609113913,"path_taken":["M","?","?","?","?","R","E","M","T","R","E","$","M","?","R","BOSS","M","$","M","?","M","R","E","R","T","?","?","$","?","M","R","BOSS"],"items_purchased_type":["Card","Card"],"build_version":"2020-12-22","purchased_purges":3,"victory":false,"max_hp_per_floor":[66,60,60,60,60,60,60,60,60,60,60,60,60,60,60,60,60,60,60,60,60,60,60,60,60,66,66,66,66,66,66,66,66,66],"card_choices":[{"not_picked":["Accuracy","Backflip"],"picked":"Poisoned Stab","floor":1.0},{"not_picked":["Heel Hook","Infinite Blades"],"picked":"Dagger Spray","floor":5.0},{"not_picked":["Poisoned Stab","Quick Slash"],"picked":"Backflip","floor":7.0},{"not_picked":["Backflip","Skewer","Slice"],"picked":"SKIP","floor":8.0},{"not_picked":["Acrobatics","Night Terror"],"picked":"Malaise","floor":11.0},{"not_picked":["PiercingWail","Deflect"],"picked":"Deadly Poison","floor":13},{"not_picked":["Deadly Poison","Poisoned Stab","Bane"],"picked":"SKIP","floor":14},{"not_picked":["Night Terror","Doppelganger"],"picked":"Venomology","floor":16},{"not_picked":["Blade Dance","Flying Knee"],"picked":"Crippling Poison","floor":18},{"not_picked":["Terror","Bane","Deadly Poison"],"picked":"SKIP","floor":20},{"not_picked":["Finisher","Dodge and Roll"],"picked":"Acrobatics","floor":22},{"not_picked":["Cloak And Dagger","Sucker Punch","PiercingWail"],"picked":"SKIP","floor":24},{"not_picked":["Underhanded Strike+1","Poisoned Stab"],"picked":"Well Laid Plans","floor":27},{"not_picked":["Phantasmal Killer","Outmaneuver"],"picked":"Reflex","floor":30},{"not_picked":["PiercingWail","Sucker Punch","Endless Agony"],"picked":"SKIP","floor":31},{"not_picked":["PiercingWail","Bane"],"picked":"Concentrate","floor":32}],"player_experience":369748,"relics_obtained":[{"floor":7.0,"key":"Bird Faced Urn"},{"floor":9.0,"key":"WingedGreaves"},{"floor":11.0,"key":"Dream Catcher"},{"floor":24,"key":"Old Coin"},{"floor":26,"key":"PreservedInsect"}],"event_choices":[{"damage_healed":0.0,"max_hp_gain":0.0,"max_hp_loss":6.0,"gold_gain":0.0,"event_name":"Golden Idol","player_choice":"Lose Max HP","floor":2.0,"gold_loss":0.0,"damage_taken":0.0,"relics_obtained":["Golden Idol"]},{"cards_removed":["Strike_G"],"damage_healed":0.0,"max_hp_gain":0.0,"max_hp_loss":0.0,"gold_gain":0.0,"event_name":"The Cleric","player_choice":"Card Removal","floor":3.0,"gold_loss":75.0,"damage_taken":0.0},{"damage_healed":0.0,"max_hp_gain":0.0,"max_hp_loss":0.0,"gold_gain":0.0,"event_name":"Shining Light","player_choice":"Entered Light","floor":4.0,"gold_loss":0.0,"damage_taken":18.0,"cards_upgraded":["Defend_G","Defend_G"]},{"damage_healed":0,"gold_gain":0,"player_choice":"Gave Potion","damage_taken":0,"relics_obtained":["Darkstone Periapt"],"max_hp_gain":0,"max_hp_loss":0,"event_name":"WeMeetAgain","floor":21,"gold_loss":0},{"cards_removed":["Decay"],"damage_healed":0,"gold_gain":0,"player_choice":"Purged","damage_taken":0,"max_hp_gain":0,"max_hp_loss":0,"event_name":"Purifier","floor":28,"gold_loss":0}],"is_beta":false,"boss_relics":[{"not_picked":["SlaversCollar","Runic Dome"],"picked":"Cursed Key"}],"items_purged_floors":[12,19,29],"is_endless":false,"potions_floor_spawned":[7,13,14,18,30,31],"killed_by":"Collector","ascension_level":20}}