{"host":"tb138zs7vhci6g1j","time":1609144716,"event":{"mods":["2.2 Compatiblity","Aspiration","BaseMod","Better Note","Friendly Minions","Minty Spire (QoL Compilation)","RNG Fix","Rare Cards Sparkle","StSLib","The Marked"],"gold_per_floor":[118,118,118,132,144,172,182,208,277,277,277,312,121,141,141,237,237,256,256,271,271,271,271,22,55,104,104,122,157,171,187,187,284,284,297,343,6,24,74,74,86,86,154,186,202,26,58,71,71,71],"floor_reached":51,"playtime":2531,"items_purged":[],"score":1017,"play_id":"e2a73c40-10cf-47df-ae70-697d3140f5af","local_time":"20201228103836","is_ascension_mode":true,"campfire_choices":[{"data":"theMarked:SoldierOfQuellstein","floor":10,"key":"SMITH"},{"data":"theMarked:Indomitable","floor":15,"key":"SMITH"},{"data":"theMarked:ComboAttacks","floor":23,"key":"SMITH"},{"data":"theMarked:TwofoldDefense","floor":27,"key":"SMITH"},{"data":"theMarked:ParalyzingBlade","floor":32,"key":"SMITH"},{"data":"theMarked:EnhancedHearing","floor":40,"key":"SMITH"},{"data":"Mayhem","floor":49,"key":"SMITH"}],"circlet_count":0,"master_deck":["theMarked:Strike+1","theMarked:Strike+1","theMarked:Strike+1","theMarked:Strike+1","theMarked:Strike+1","theMarked:Defend+1","theMarked:Defend+1","theMarked:Defend+1","theMarked:Defend+1","theMarked:SoldierOfQuellstein+1","theMarked:ParalyzingBlade+1","Pain","theMarked:WastefulAttack+1","theMarked:RepellingDischarge","theMarked:DispelDoubt+1","theMarked:ResourceFulStrike+1","theMarked:SwordAndMagic+1","theMarked:SuspiciousRaven","theMarked:ComboAttacks+1","theMarked:Indomitable+1","theMarked:SuspiciousRaven","theMarked:TwofoldDefense+1","Bandage Up+1","theMarked:Parkour+1","theMarked:SelfDefenseTraining+1","theMarked:MuscleMemory+1","theMarked:Defy+1","theMarked:LightningStrikesTwice+1","theMarked:Panic+1","theMarked:EnhancedHearing+1","theMarked:Opportunist+1","theMarked:FavorableWinds","Mayhem+1","theMarked:StartUp+1"],"relics":["theMarked:ArtifactOfAir","aspiration:Nostalgia","PureWater","Molten Egg 2","WarpedTongs","Potion Belt","Kunai","StrikeDummy","Pen Nib","ClockworkSouvenir","Black Star","Pantograph","Singing Bowl","HornCleat","Smiling Mask","aspiration:Lifesprig","Nunchaku","Coffee Dripper","Mango","Gremlin Horn","CaptainsWheel","Darkstone Periapt","Strawberry","Sundial","theMarked:VonisonLock","Bottled Lightning"],"acts_visited":["Exordium","TheCity","TheBeyond"],"potions_floor_usage":[16,25,25,36,36,45,50,50],"damage_taken":[{"damage":1,"enemies":"Cultist","floor":1,"turns":3},{"damage":7,"enemies":"Jaw Worm","floor":4,"turns":3},{"damage":1,"enemies":"2 Louse","floor":5,"turns":2},{"damage":12,"enemies":"3 Sentries","floor":6,"turns":7},{"damage":5,"enemies":"Gremlin Gang","floor":7,"turns":4},{"damage":2,"enemies":"Gremlin Nob","floor":8,"turns":3},{"damage":5,"enemies":"3 Sentries","floor":12,"turns":4},{"damage":2,"enemies":"2 Fungi Beasts","floor":14,"turns":2},{"damage":8,"enemies":"Hexaghost","floor":16,"turns":7},{"damage":22,"enemies":"3 Byrds","floor":18,"turns":5},{"damage":6,"enemies":"2 Thieves","floor":20,"turns":3},{"damage":6,"enemies":"Book of Stabbing","floor":25,"turns":4},{"damage":1,"enemies":"Sentry and Sphere","floor":28,"turns":3},{"damage":25,"enemies":"Gremlin Leader","floor":29,"turns":5},{"damage":0,"enemies":"Centurion and Healer","floor":30,"turns":3},{"damage":2,"enemies":"Snecko","floor":31,"turns":4},{"damage":33,"enemies":"Champ","floor":33,"turns":8},{"damage":0,"enemies":"Orb Walker","floor":35,"turns":3},{"damage":5,"enemies":"2 Orb Walkers","floor":36,"turns":3},{"damage":2,"enemies":"3 Shapes","floor":38,"turns":3},{"damage":11,"enemies":"Mind Bloom Boss Battle","floor":39,"turns":6},{"damage":4,"enemies":"Spire Growth","floor":41,"turns":5},{"damage":0,"enemies":"Nemesis","floor":44,"turns":5},{"damage":30,"enemies":"Writhing Mass","floor":45,"turns":4},{"damage":0,"enemies":"Reptomancer","floor":47,"turns":5},{"damage":8,"enemies":"3 Darklings","floor":48,"turns":3},{"damage":23,"enemies":"Donu and Deca","floor":50,"turns":4}],"seed_played":"-755864608299880173","potions_obtained":[{"floor":4,"key":"Ancient Potion"},{"floor":5,"key":"LiquidMemories"},{"floor":8,"key":"Block Potion"},{"floor":18,"key":"GamblersBrew"},{"floor":20,"key":"Block Potion"},{"floor":33,"key":"FearPotion"},{"floor":35,"key":"Fire Potion"},{"floor":36,"key":"DuplicationPotion"},{"floor":41,"key":"FearPotion"},{"floor":44,"key":"PowerPotion"},{"floor":45,"key":"FearPotion"}],"is_trial":false,"path_per_floor":["M","?","?","M","M","E","M","E","T","R","?","E","$","M","R","B",null,"M","?","M","?","?","R","$","E","T","R","M","E","M","M","R","B",null,"M","?","$","M","?","R","M","$","T","E","M","$","E","M","R","B",null],"character_chosen":"THE_DEFAULT","items_purchased":["ClockworkSouvenir","theMarked:ComboAttacks","Pantograph","Gremlin Horn","theMarked:EnhancedHearing","Mayhem"],"campfire_rested":0,"item_purchase_floors":[13,13,24,37,37,46],"current_hp_per_floor":[69,66,66,59,58,46,41,39,39,39,46,41,41,39,39,31,70,48,48,48,48,48,48,48,42,42,42,43,24,32,38,38,36,76,76,90,90,90,83,83,85,85,85,100,76,76,82,82,82,88],"gold":71,"neow_bonus":"NOSTALGIA","is_daily":false,"chose_seed":false,"campfire_upgraded":7,"win_rate":0.0,"timestamp":1609144716,"path_taken":["M","?","?","M","M","E","M","E","T","R","?","E","?","?","R","BOSS","M","?","?","?","?","R","?","E","T","R","?","E","M","M","R","BOSS","M","?","?","M","?","R","M","$","T","E","M","$","E","?","R","BOSS"],"items_purchased_type":["Relic","Card","Relic","Relic","Card","Card"],"build_version":"2020-12-22","purchased_purges":0,"victory":true,"max_hp_per_floor":[70,70,70,70,70,70,70,70,70,70,70,70,70,70,70,70,70,70,70,70,70,70,70,70,70,70,70,72,72,74,76,76,76,76,76,90,90,92,94,94,94,94,94,103,103,103,103,105,105,105],"card_choices":[{"not_picked":["theMarked:Generate","theMarked:WastefulDefense"],"picked":"theMarked:ParalyzingBlade","floor":1},{"not_picked":["theMarked:Panic","theMarked:Improvise"],"picked":"theMarked:WastefulAttack+1","floor":4},{"not_picked":["theMarked:HeightenedSenses","theMarked:BanishingStrike+1"],"picked":"theMarked:RepellingDischarge","floor":5},{"not_picked":["theMarked:BanishingStrike+1","theMarked:MysticalArsenal"],"picked":"theMarked:DispelDoubt+1","floor":6},{"not_picked":["theMarked:BanishingWave+1","theMarked:DeterminationOfTheMarked"],"picked":"theMarked:ResourceFulStrike+1","floor":7},{"not_picked":["theMarked:Aftermath","theMarked:BanishingStrike+1"],"picked":"theMarked:SwordAndMagic+1","floor":8},{"not_picked":["theMarked:MysticalArsenal","theMarked:Electrocute+1"],"picked":"theMarked:SuspiciousRaven","floor":12},{"not_picked":["theMarked:HeightenedSenses","theMarked:Aftermath"],"picked":"theMarked:Indomitable","floor":14},{"not_picked":["theMarked:BindingBlade","theMarked:DispelDoubt+1"],"picked":"theMarked:SuspiciousRaven","floor":16},{"not_picked":["theMarked:ResourceFulStrike+1","theMarked:ChainLightning+1"],"picked":"theMarked:TwofoldDefense","floor":18},{"not_picked":["theMarked:ParalyzingBlade","theMarked:BanishingStrike+1"],"picked":"theMarked:Parkour+1","floor":20},{"not_picked":["theMarked:EmpowerWeapon","theMarked:FavorableWinds"],"picked":"theMarked:SelfDefenseTraining+1","floor":25},{"not_picked":["theMarked:Frustration+1","theMarked:ChainLightning+1","theMarked:WardOff+1"],"picked":"Singing Bowl","floor":28},{"not_picked":["theMarked:Parkour+1","theMarked:Frustration+1"],"picked":"theMarked:MuscleMemory+1","floor":29},{"not_picked":["theMarked:Polarize","theMarked:MysticalArsenal","theMarked:HeritageOfTheMarked"],"picked":"Singing Bowl","floor":30},{"not_picked":["theMarked:RepellingDischarge","theMarked:ResourceFulStrike+1","theMarked:Static"],"picked":"Singing Bowl","floor":31},{"not_picked":["theMarked:Snap+1","theMarked:EternalStudent"],"picked":"theMarked:Defy+1","floor":33},{"not_picked":["theMarked:ResourceFulStrike+1","theMarked:MaelstromOfLightning"],"picked":"theMarked:LightningStrikesTwice+1","floor":35},{"not_picked":["theMarked:WastefulDefense","theMarked:Parkour+1"],"picked":"theMarked:Panic+1","floor":36},{"not_picked":["theMarked:Electrify+1","theMarked:BanishingStrike+1","theMarked:HeritageOfTheMarked"],"picked":"Singing Bowl","floor":38},{"not_picked":["theMarked:Parkour+1","theMarked:BanishingStrike+1","theMarked:Electrocute+1"],"picked":"Singing Bowl","floor":39},{"not_picked":["theMarked:Electrocute+1","theMarked:PowerFlow+1"],"picked":"theMarked:Opportunist+1","floor":41},{"not_picked":["theMarked:EmpowerWeapon+1","theMarked:LightningStrikesTwice+1","theMarked:HeightenedSenses"],"picked":"Singing Bowl","floor":44},{"not_picked":["theMarked:SelfDefenseTraining+1","theMarked:MysticalArsenal+1"],"picked":"theMarked:FavorableWinds","floor":45},{"not_picked":["theMarked:TunnelVision+1","theMarked:WardOff+1"],"picked":"theMarked:StartUp+1","floor":47},{"not_picked":["theMarked:HeightenedSenses","theMarked:ResourceFulStrike+1","theMarked:MagicAdept"],"picked":"Singing Bowl","floor":48}],"player_experience":1707436,"relics_obtained":[{"floor":6,"key":"Potion Belt"},{"floor":8,"key":"Kunai"},{"floor":9,"key":"StrikeDummy"},{"floor":12,"key":"Pen Nib"},{"floor":25,"key":"Singing Bowl"},{"floor":25,"key":"HornCleat"},{"floor":26,"key":"Smiling Mask"},{"floor":29,"key":"aspiration:Lifesprig"},{"floor":29,"key":"Nunchaku"},{"floor":36,"key":"Mango"},{"floor":39,"key":"CaptainsWheel"},{"floor":43,"key":"Darkstone Periapt"},{"floor":44,"key":"Strawberry"},{"floor":44,"key":"Sundial"},{"floor":47,"key":"theMarked:VonisonLock"},{"floor":47,"key":"Bottled Lightning"}],"event_choices":[{"damage_healed":0,"gold_gain":0,"player_choice":"Success","damage_taken":3,"relics_obtained":["Molten Egg 2"],"max_hp_gain":0,"max_hp_loss":0,"event_name":"Scrap Ooze","floor":2,"gold_loss":0},{"damage_healed":0,"gold_gain":0,"player_choice":"Rummage","damage_taken":0,"relics_obtained":["WarpedTongs"],"max_hp_gain":0,"max_hp_loss":0,"event_name":"Accursed Blacksmith","floor":3,"gold_loss":0,"cards_obtained":["Pain"]},{"cards_removed":["theMarked:SoldierOfQuellstein"],"damage_healed":0,"gold_gain":0,"player_choice":"Take \u0026 Give","damage_taken":0,"max_hp_gain":0,"max_hp_loss":0,"event_name":"betterNote:BetterNote","floor":19,"gold_loss":0,"cards_obtained":["Bandage Up"]},{"damage_healed":0,"gold_gain":0,"player_choice":"Simplicity","damage_taken":0,"max_hp_gain":0,"max_hp_loss":0,"event_name":"Back to Basics","floor":21,"gold_loss":0,"cards_upgraded":["theMarked:Strike","theMarked:Strike","theMarked:Strike","theMarked:Strike","theMarked:Strike","theMarked:Defend","theMarked:Defend","theMarked:Defend","theMarked:Defend"]},{"damage_healed":0,"gold_gain":0,"player_choice":"Ignored","damage_taken":0,"max_hp_gain":0,"max_hp_loss":0,"event_name":"N\u0027loth","floor":22,"gold_loss":0},{"damage_healed":0,"gold_gain":0,"player_choice":"Fight","damage_taken":0,"max_hp_gain":0,"max_hp_loss":0,"event_name":"Mysterious Sphere","floor":36,"gold_loss":0},{"damage_healed":0,"gold_gain":0,"player_choice":"Fight","damage_taken":0,"max_hp_gain":0,"max_hp_loss":0,"event_name":"MindBloom","floor":39,"gold_loss":0}],"is_beta":false,"boss_relics":[{"not_picked":["Calling Bell","Runic Dome"],"picked":"Black Star"},{"not_picked":["aspiration:DefectSkillbook","aspiration:RunicSpoon"],"picked":"Coffee Dripper"}],"items_purged_floors":[],"is_endless":false,"potions_floor_spawned":[4,5,8,18,20,33,35,36,41,44,45],"ascension_level":2}}