{"host":"640uue19m79c7wbt","time":1609189802,"event":{"mods":["BaseMod","Colored Map","Googly Eyes","Highlight Path","Minty Spire (QoL Compilation)","Quick Restart","StSLib"],"gold_per_floor":[117,117,66,141,141,172,172,207,207,223,238,238,272,12,12,114,114,130,145,145,145],"floor_reached":20,"playtime":815,"items_purged":[],"score":372,"play_id":"2d354600-c5e2-4500-b9ec-42297018b2d8","local_time":"20201228161002","is_ascension_mode":true,"campfire_choices":[{"data":"Night Terror","floor":7.0,"key":"SMITH"},{"data":"Terror","floor":12.0,"key":"SMITH"},{"floor":15.0,"key":"REST"}],"circlet_count":0,"master_deck":["AscendersBane","Strike_G","Strike_G","Strike_G","Strike_G","Defend_G","Defend_G","Defend_G","Defend_G","Defend_G","Survivor","Neutralize","Dagger Spray","PiercingWail","Night Terror+1","Flying Knee","Accuracy","Terror+1","Dash","Bullet Time","Backflip","Tactician"],"relics":["Ring of the Snake","NeowsBlessing","Ornamental Fan","Mummified Hand","Mercury Hourglass","White Beast Statue","Pear","SlaversCollar"],"acts_visited":["Exordium","TheCity"],"potions_floor_usage":[20],"damage_taken":[{"damage":0.0,"enemies":"2 Louse","floor":1.0,"turns":1.0},{"damage":0.0,"enemies":"3 Sentries","floor":6.0,"turns":2.0},{"damage":0.0,"enemies":"Gremlin Nob","floor":8.0,"turns":1.0},{"damage":0.0,"enemies":"Cultist","floor":10.0,"turns":3.0},{"damage":0.0,"enemies":"Small Slimes","floor":11.0,"turns":3.0},{"damage":7.0,"enemies":"3 Sentries","floor":13.0,"turns":8.0},{"damage":54.0,"enemies":"Slime Boss","floor":16.0,"turns":11.0},{"damage":17.0,"enemies":"2 Thieves","floor":18.0,"turns":4.0},{"damage":33.0,"enemies":"Spheric Guardian","floor":19.0,"turns":6.0},{"damage":15,"enemies":"Shelled Parasite and Fungi","floor":20,"turns":3}],"seed_played":"6761333282835457572","potions_obtained":[{"floor":11.0,"key":"EssenceOfSteel"},{"floor":16.0,"key":"Poison Potion"},{"floor":18.0,"key":"Swift Potion"},{"floor":19.0,"key":"Swift Potion"}],"is_trial":false,"path_per_floor":["M","?","$","?","?","E","R","E","T","M","M","R","E","$","R","B",null,"M","M","M"],"character_chosen":"THE_SILENT","items_purchased":["PiercingWail","Pear"],"campfire_rested":1,"item_purchase_floors":[3,14],"current_hp_per_floor":[63,56,56,45,45,45,45,45,45,45,45,45,38,48,72,18,65,48,15,0,0],"gold":145,"neow_bonus":"THREE_ENEMY_KILL","is_daily":false,"chose_seed":false,"campfire_upgraded":2,"win_rate":0.0,"timestamp":1609189802,"path_taken":["M","?","?","?","?","E","R","E","T","?","M","R","E","$","R","BOSS","M","?","M"],"items_purchased_type":["Card","Relic"],"build_version":"2020-12-22","purchased_purges":0,"victory":false,"max_hp_per_floor":[70,70,70,70,70,70,70,70,70,70,70,70,70,80,80,80,80,80,80,80,80],"card_choices":[{"not_picked":["Deflect","Slice"],"picked":"Dagger Spray","floor":1.0},{"not_picked":["Dodge and Roll","Slice"],"picked":"Night Terror","floor":6.0},{"not_picked":["Dodge and Roll","PiercingWail"],"picked":"Flying Knee","floor":8.0},{"not_picked":["Reflex","Backflip"],"picked":"Accuracy","floor":10.0},{"not_picked":["Sucker Punch","Calculated Gamble"],"picked":"Terror","floor":11.0},{"not_picked":["Dagger Throw","Quick Slash"],"picked":"Dash","floor":13.0},{"not_picked":["Adrenaline","A Thousand Cuts"],"picked":"Bullet Time","floor":16.0},{"not_picked":["Deflect","Masterful Stab+1"],"picked":"Backflip","floor":18.0},{"not_picked":["Flying Knee","Underhanded Strike"],"picked":"Tactician","floor":19.0}],"player_experience":516775,"relics_obtained":[{"floor":6.0,"key":"Ornamental Fan"},{"floor":8.0,"key":"Mummified Hand"},{"floor":9.0,"key":"Mercury Hourglass"},{"floor":13.0,"key":"White Beast Statue"}],"event_choices":[{"damage_healed":0.0,"max_hp_gain":0.0,"max_hp_loss":0.0,"gold_gain":0.0,"event_name":"Wheel of Change","player_choice":"Damaged","floor":2.0,"gold_loss":0.0,"damage_taken":7.0},{"damage_healed":0.0,"max_hp_gain":0.0,"max_hp_loss":0.0,"gold_gain":75.0,"event_name":"World of Goop","player_choice":"Gather Gold","floor":4.0,"gold_loss":0.0,"damage_taken":11.0},{"cards_removed":["Strike_G"],"damage_healed":0.0,"max_hp_gain":0.0,"max_hp_loss":0.0,"gold_gain":0.0,"event_name":"Bonfire Elementals","player_choice":"Offered Basic","floor":5.0,"gold_loss":0.0,"damage_taken":0.0}],"is_beta":false,"boss_relics":[{"not_picked":["Philosopher\u0027s Stone","Empty Cage"],"picked":"SlaversCollar"}],"items_purged_floors":[],"is_endless":false,"potions_floor_spawned":[11,16,18,19],"killed_by":"Shelled Parasite and Fungi","ascension_level":11}}