{"host":"6xsbn6ynqlzwllfm","time":1609165693,"event":{"mods":["2.2 Compatiblity","BaseMod","Bestiary","Colored Map","Colored Powertips","Curses Come First","Highlight Path","Keyboard Shortcuts","Minty Spire (QoL Compilation)","Quick Restart","Relic Stats","Slay the Relics Exporter","StSLib","SuperFastMode"],"gold_per_floor":[113,127,145,160,170,170,195,195,195],"floor_reached":8,"playtime":226,"items_purged":[],"score":100,"play_id":"d19a62ec-3ff1-4603-8991-a3b12f0d6c9d","local_time":"20201228092813","is_ascension_mode":true,"campfire_choices":[{"data":"Demon Form","floor":6,"key":"SMITH"}],"circlet_count":0,"master_deck":["AscendersBane","Strike_R","Strike_R","Strike_R","Strike_R","Strike_R","Defend_R","Defend_R","Defend_R","Defend_R","Bash","CurseOfTheBell","Wild Strike","Dark Embrace","Demon Form+1","Power Through","Battle Trance"],"relics":["Calling Bell","Blood Vial","Meat on the Bone","StoneCalendar","Odd Mushroom"],"acts_visited":["Exordium"],"potions_floor_usage":[4,7,8],"damage_taken":[{"damage":16,"enemies":"Jaw Worm","floor":1,"turns":5},{"damage":5,"enemies":"2 Louse","floor":2,"turns":4},{"damage":8,"enemies":"Small Slimes","floor":3,"turns":3},{"damage":17,"enemies":"Looter","floor":4,"turns":4},{"damage":26,"enemies":"Blue Slaver","floor":5,"turns":3},{"damage":21,"enemies":"The Mushroom Lair","floor":7,"turns":5},{"damage":36,"enemies":"Gremlin Nob","floor":8,"turns":4}],"seed_played":"5152394101553318622","potions_obtained":[{"floor":2,"key":"SteroidPotion"},{"floor":3,"key":"Swift Potion"},{"floor":7,"key":"GamblersBrew"}],"is_trial":false,"path_per_floor":["M","M","M","M","M","R","?","E"],"character_chosen":"IRONCLAD","items_purchased":[],"campfire_rested":0,"item_purchase_floors":[],"current_hp_per_floor":[54,51,45,42,30,30,23,0,0],"gold":195,"neow_bonus":"BOSS_RELIC","is_daily":false,"chose_seed":false,"campfire_upgraded":1,"win_rate":0.0,"timestamp":1609165693,"path_taken":["M","M","M","M","M","R","?","E"],"items_purchased_type":[],"build_version":"2020-12-22","purchased_purges":0,"victory":false,"max_hp_per_floor":[75,75,75,75,75,75,75,75,75],"relic_stats":{"Blood Vial":14,"counters":[7,28],"StoneCalendar":[0],"obtain_stats":[{"Calling Bell":0,"Blood Vial":0,"StoneCalendar":0,"Odd Mushroom":7,"Burning Blood":0,"Meat on the Bone":0},{"Calling Bell":0,"Blood Vial":0,"StoneCalendar":0,"Odd Mushroom":6,"Burning Blood":0,"Meat on the Bone":0},{"Calling Bell":0,"Blood Vial":0,"StoneCalendar":0,"Odd Mushroom":24,"Burning Blood":0,"Meat on the Bone":0}],"Meat on the Bone":36},"card_choices":[{"not_picked":["Carnage","Thunderclap"],"picked":"Wild Strike","floor":2},{"not_picked":["Sentinel","Perfected Strike"],"picked":"Dark Embrace","floor":3},{"not_picked":["Dropkick","Dark Embrace"],"picked":"Demon Form","floor":4},{"not_picked":["Battle Trance","Armaments"],"picked":"Power Through","floor":5},{"not_picked":["Clash","Ghostly Armor"],"picked":"Battle Trance","floor":7}],"player_experience":1061996,"relics_obtained":[{"floor":0,"key":"Blood Vial"},{"floor":0,"key":"Meat on the Bone"},{"floor":0,"key":"StoneCalendar"},{"floor":7,"key":"Odd Mushroom"}],"event_choices":[{"damage_healed":0,"gold_gain":0,"player_choice":"Fought Mushrooms","damage_taken":0,"max_hp_gain":0,"max_hp_loss":0,"event_name":"Mushrooms","floor":7,"gold_loss":0}],"is_beta":false,"boss_relics":[],"items_purged_floors":[],"is_endless":false,"potions_floor_spawned":[2,3,7],"killed_by":"Gremlin Nob","ascension_level":20}}