{"host":"2se5dq1do2gp0x9k","time":1609137175,"event":{"mods":["AchievementEnabler","BaseMod","Block Reminder","Colored Map","Colored Powertips","Minty Spire (QoL Compilation)","Relic Stats","StSLib","SuperFastMode"],"gold_per_floor":[112,125,39,78,3,30,30,65,136,136,136,151,181,192,192,192,192],"floor_reached":16,"playtime":681,"items_purged":[],"score":220,"play_id":"bd7becbd-ea1f-4e2a-993f-8149224785b5","local_time":"20201227223255","is_ascension_mode":true,"campfire_choices":[{"data":"Armaments","floor":7,"key":"SMITH"},{"data":"Uppercut","floor":11,"key":"SMITH"},{"data":"Dual Wield","floor":15,"key":"SMITH"}],"circlet_count":0,"master_deck":["AscendersBane","Strike_R","Strike_R","Strike_R","Strike_R","Defend_R","Defend_R","Defend_R","Bash","Transmutation","Perfected Strike","Feed","Shrug It Off","Armaments+1","Battle Trance","Headbutt","Uppercut+1","Twin Strike","Dual Wield+1"],"relics":["Burning Blood","Lizard Tail","Bag of Preparation","Gremlin Horn","Odd Mushroom"],"acts_visited":["Exordium"],"potions_floor_usage":[16],"damage_taken":[{"damage":17,"enemies":"Jaw Worm","floor":1,"turns":5},{"damage":0,"enemies":"2 Louse","floor":2,"turns":3},{"damage":1,"enemies":"Small Slimes","floor":4,"turns":3},{"damage":50,"enemies":"Lagavulin","floor":6,"turns":9},{"damage":55,"enemies":"3 Sentries","floor":8,"turns":12},{"damage":18,"enemies":"Exordium Thugs","floor":12,"turns":5},{"damage":7,"enemies":"The Mushroom Lair","floor":13,"turns":5},{"damage":4,"enemies":"Large Slime","floor":14,"turns":5},{"damage":25,"enemies":"Slime Boss","floor":16,"turns":8}],"seed_played":"-8929817809898376274","potions_obtained":[{"floor":4,"key":"SteroidPotion"},{"floor":8,"key":"Swift Potion"},{"floor":13,"key":"Ancient Potion"}],"is_trial":false,"path_per_floor":["M","M","$","M","?","E","R","E","T","?","R","M","?","M","R","B"],"character_chosen":"IRONCLAD","items_purchased":["Shrug It Off","Armaments"],"campfire_rested":0,"item_purchase_floors":[3,3],"current_hp_per_floor":[57,63,63,71,71,30,30,27,27,27,27,19,18,23,23,0,0],"gold":192,"neow_bonus":"RANDOM_COLORLESS_2","is_daily":false,"chose_seed":false,"campfire_upgraded":3,"win_rate":0.0,"timestamp":1609137175,"path_taken":["M","M","$","M","?","E","R","E","T","?","R","M","?","M","R","BOSS"],"items_purchased_type":["Card","Card"],"build_version":"2020-12-22","purchased_purges":0,"victory":false,"max_hp_per_floor":[68,68,68,71,71,74,74,78,78,78,78,82,82,85,85,85,85],"relic_stats":{"Lizard Tail":37,"Gremlin Horn":[3,4],"counters":[9,55],"Bag of Preparation":[8],"obtain_stats":[{"Lizard Tail":6,"Gremlin Horn":9,"Bag of Preparation":8,"Odd Mushroom":13,"Burning Blood":0},{"Lizard Tail":4,"Gremlin Horn":5,"Bag of Preparation":5,"Odd Mushroom":7,"Burning Blood":0},{"Lizard Tail":20,"Gremlin Horn":32,"Bag of Preparation":32,"Odd Mushroom":42,"Burning Blood":0}],"Burning Blood":48},"card_choices":[{"not_picked":["Secret Technique","Sadistic Nature"],"picked":"Transmutation","floor":0},{"not_picked":["Thunderclap","Twin Strike"],"picked":"Perfected Strike","floor":1},{"not_picked":["Thunderclap","Armaments"],"picked":"Feed","floor":2},{"not_picked":["Sentinel","Evolve","Clothesline"],"picked":"SKIP","floor":4},{"not_picked":["Rupture","Heavy Blade"],"picked":"Battle Trance","floor":6},{"not_picked":["Armaments","Burning Pact"],"picked":"Headbutt","floor":8},{"not_picked":["Thunderclap","Pummel","Wild Strike"],"picked":"SKIP","floor":12},{"not_picked":["Cleave","Thunderclap"],"picked":"Twin Strike","floor":13},{"not_picked":["Rupture","Rampage"],"picked":"Dual Wield","floor":14}],"player_experience":3625865,"relics_obtained":[{"floor":6,"key":"Lizard Tail"},{"floor":8,"key":"Bag of Preparation"},{"floor":9,"key":"Gremlin Horn"},{"floor":13,"key":"Odd Mushroom"}],"event_choices":[{"cards_removed":["Defend_R"],"damage_healed":0,"gold_gain":0,"player_choice":"Card Removal","damage_taken":0,"max_hp_gain":0,"max_hp_loss":0,"event_name":"The Cleric","floor":5,"gold_loss":75},{"damage_healed":0,"gold_gain":0,"cards_transformed":["Strike_R"],"player_choice":"Change","damage_taken":0,"max_hp_gain":0,"max_hp_loss":0,"event_name":"Living Wall","floor":10,"gold_loss":0,"cards_obtained":["Uppercut"]},{"damage_healed":0,"gold_gain":0,"player_choice":"Fought Mushrooms","damage_taken":0,"max_hp_gain":0,"max_hp_loss":0,"event_name":"Mushrooms","floor":13,"gold_loss":0}],"is_beta":false,"boss_relics":[],"items_purged_floors":[],"is_endless":false,"potions_floor_spawned":[4,8,12,13],"killed_by":"Slime Boss","ascension_level":20}}