{"host":"8u7tvcybuv0u72fd","time":1609139858,"event":{"mods":["BaseMod","BetterRewards","Colored Map","Colored Powertips","Minty Spire (QoL Compilation)","Quick Restart","Shop Mod"],"gold_per_floor":[112,63,63,138,148,173,185,209,244,275,287,1,1,11,11,110,110,125,144,144,144,44,78,91,91,91,118,138,150,150,177,177,275,275,290,301,316,334,334,334,347,347,371,371,390,390,407,418,418,418,418,418,10,39,39],"floor_reached":56,"playtime":2780,"items_purged":["Strike_R","Pain","Strike_R"],"score":1361,"play_id":"e9065826-1d43-4abc-b8f2-06b43630bccc","local_time":"20201228021738","is_ascension_mode":false,"campfire_choices":[{"data":"Rampage","floor":7.0,"key":"SMITH"},{"data":"Berserk","floor":11.0,"key":"SMITH"},{"data":"Dramatic Entrance","floor":13.0,"key":"SMITH"},{"data":"Body Slam","floor":15.0,"key":"SMITH"},{"floor":25.0,"key":"RECALL"},{"data":"Defend_R","floor":30.0,"key":"SMITH"},{"data":"Defend_R","floor":32.0,"key":"SMITH"},{"floor":40.0,"key":"REST"},{"floor":42.0,"key":"REST"},{"data":"Headbutt","floor":44.0,"key":"SMITH"},{"data":"Defend_R","floor":46.0,"key":"SMITH"},{"data":"Defend_R","floor":49.0,"key":"SMITH"},{"data":"Strike_R","floor":52.0,"key":"SMITH"}],"circlet_count":0,"master_deck":["Strike_R+1","Strike_R+1","Strike_R+1","Defend_R+1","Defend_R+1","Defend_R+1","Defend_R+1","Bash+1","Rampage+1","Berserk+1","Battle Trance+1","Double Tap+1","Dramatic Entrance+1","Body Slam+1","Exhume+1","Clash+1","Iron Wave+1","Entrench+1","Disarm+1","Barricade+1","Headbutt+1","Rage+1","Offering+1"],"relics":["Burning Blood","Pantograph","ClockworkSouvenir","Sling","PreservedInsect","Black Star","MutagenicStrength","Ancient Tea Set","Bronze Scales","Letter Opener","Kunai","SlaversCollar","Blue Candle","MerchantsRug","Sundial","Shuriken","Nunchaku","Bottled Lightning"],"acts_visited":["Exordium","TheCity","TheBeyond","TheEnding"],"potions_floor_usage":[55,55,55,55,55,55],"damage_taken":[{"damage":0.0,"enemies":"Small Slimes","floor":1.0,"turns":5.0},{"damage":1.0,"enemies":"Cultist","floor":5.0,"turns":3.0},{"damage":15.0,"enemies":"Lagavulin","floor":6.0,"turns":5.0},{"damage":7.0,"enemies":"2 Louse","floor":8.0,"turns":3.0},{"damage":4.0,"enemies":"Blue Slaver","floor":10.0,"turns":4.0},{"damage":0.0,"enemies":"Exordium Thugs","floor":14.0,"turns":1.0},{"damage":25.0,"enemies":"Slime Boss","floor":16.0,"turns":8.0},{"damage":2.0,"enemies":"3 Byrds","floor":18.0,"turns":3.0},{"damage":0.0,"enemies":"Spheric Guardian","floor":19.0,"turns":3.0},{"damage":7.0,"enemies":"Slavers","floor":23.0,"turns":2.0},{"damage":6.0,"enemies":"Cultist and Chosen","floor":24.0,"turns":3.0},{"damage":0.0,"enemies":"Gremlin Leader","floor":27.0,"turns":2.0},{"damage":6.0,"enemies":"Snake Plant","floor":28.0,"turns":2.0},{"damage":0.0,"enemies":"Chosen and Byrds","floor":29.0,"turns":3.0},{"damage":0.0,"enemies":"Slavers","floor":31.0,"turns":2.0},{"damage":58.0,"enemies":"Automaton","floor":33.0,"turns":9.0},{"damage":0.0,"enemies":"Orb Walker","floor":35.0,"turns":2.0},{"damage":0.0,"enemies":"3 Shapes","floor":36.0,"turns":2.0},{"damage":23.0,"enemies":"Maw","floor":37.0,"turns":6.0},{"damage":27.0,"enemies":"Writhing Mass","floor":38.0,"turns":4.0},{"damage":26.0,"enemies":"3 Darklings","floor":41.0,"turns":4.0},{"damage":0.0,"enemies":"Maw","floor":45.0,"turns":7.0},{"damage":0.0,"enemies":"Transient","floor":47.0,"turns":5.0},{"damage":11.0,"enemies":"Sphere and 2 Shapes","floor":48.0,"turns":3.0},{"damage":31.0,"enemies":"Time Eater","floor":50.0,"turns":11.0},{"damage":29.0,"enemies":"Shield and Spear","floor":54.0,"turns":3.0},{"damage":28,"enemies":"The Heart","floor":55,"turns":9}],"seed_played":"-3414475472229360566","potions_obtained":[{"floor":5.0,"key":"BlessingOfTheForge"},{"floor":8.0,"key":"Block Potion"},{"floor":16.0,"key":"BlessingOfTheForge"},{"floor":24.0,"key":"EssenceOfSteel"},{"floor":27.0,"key":"DuplicationPotion"},{"floor":28.0,"key":"LiquidBronze"},{"floor":35.0,"key":"BlessingOfTheForge"},{"floor":48.0,"key":"Fire Potion"}],"is_trial":false,"path_per_floor":["M","$","?","?","M","E","R","M","T","M","R","$","R","M","R","B",null,"M","M","?","?","$","E","M","R","T","E","M","M","R","E","R","B",null,"M","M","M","M","?","R","M","R","T","R","M","R","M","M","R","B",null,"R","$","E","B",null],"character_chosen":"IRONCLAD","items_purchased":["Pantograph","ClockworkSouvenir","Toxic Egg 2","Sling","SkillPotion","Double Tap+1","Dramatic Entrance","Fire Potion","EntropicBrew","MerchantsRug","Sundial","Shuriken"],"campfire_rested":2,"item_purchase_floors":[0,0,0,0,2,12,12,12,53,53,53,53],"current_hp_per_floor":[50,50,50,42,47,38,38,37,37,39,39,39,39,45,45,51,80,80,80,80,80,80,79,79,79,79,80,80,80,80,80,80,28,80,80,80,63,42,42,66,46,70,70,70,76,76,80,75,75,55,80,80,80,57,58],"gold":39,"neow_bonus":"","is_daily":false,"chose_seed":false,"campfire_upgraded":10,"win_rate":0.0,"timestamp":1609139858,"path_taken":["M","$","?","?","M","E","R","?","T","M","R","$","R","M","R","BOSS","M","M","?","?","$","E","?","R","T","E","?","M","R","E","R","BOSS","M","M","M","?","?","R","M","R","T","R","M","R","M","?","R","BOSS","R","$","E","BOSS"],"items_purchased_type":["Relic","Relic","Relic","Relic","Potion","Card","Card","Potion","Potion","Relic","Relic","Relic"],"build_version":"2020-12-22","purchased_purges":3,"victory":true,"max_hp_per_floor":[80,80,80,80,80,80,80,80,80,80,80,80,80,80,80,80,80,80,80,80,80,80,80,80,80,80,80,80,80,80,80,80,80,80,80,80,80,80,80,80,80,80,80,80,80,80,80,80,80,80,80,80,80,80,80],"card_choices":[{"not_picked":["Wild Strike","Headbutt"],"picked":"Rampage","floor":1.0},{"not_picked":["Armaments+1","Havoc+1","Dropkick"],"picked":"SKIP","floor":5.0},{"not_picked":["Pommel Strike","Rupture","Havoc+1"],"picked":"SKIP","floor":6.0},{"not_picked":["Fire Breathing","Feel No Pain"],"picked":"Berserk","floor":8.0},{"not_picked":["Havoc+1","Pommel Strike"],"picked":"Battle Trance+1","floor":10.0},{"not_picked":["Fire Breathing","Entrench+1"],"picked":"Body Slam","floor":14.0},{"not_picked":["Brutality","Demon Form"],"picked":"Exhume+1","floor":16.0},{"not_picked":["Flex+1","Heavy Blade"],"picked":"Clash+1","floor":18.0},{"not_picked":["Twin Strike+1","Metallicize","Intimidate+1"],"picked":"SKIP","floor":19.0},{"not_picked":["Inflame","Second Wind+1","Body Slam+1"],"picked":"SKIP","floor":23.0},{"not_picked":["Heavy Blade","Hemokinesis"],"picked":"Iron Wave+1","floor":24.0},{"not_picked":["Shockwave+1","True Grit+1","Havoc+1"],"picked":"SKIP","floor":27.0},{"not_picked":["Twin Strike","True Grit+1"],"picked":"Entrench+1","floor":28.0},{"not_picked":["Wild Strike","Brutality"],"picked":"Disarm+1","floor":29.0},{"not_picked":["Reckless Charge","Entrench+1","Fire Breathing+1"],"picked":"SKIP","floor":31.0},{"not_picked":["Limit Break+1","Impervious+1"],"picked":"Barricade+1","floor":33.0},{"not_picked":["Warcry+1","Cleave+1","Pommel Strike"],"picked":"SKIP","floor":35.0},{"not_picked":["Iron Wave","Pommel Strike","Dark Embrace+1"],"picked":"SKIP","floor":36.0},{"not_picked":["Bloodletting+1","Inflame+1"],"picked":"Headbutt","floor":37.0},{"not_picked":["Pommel Strike","Headbutt+1","Cleave"],"picked":"SKIP","floor":38.0},{"not_picked":["Power Through+1","Entrench+1","Hemokinesis+1"],"picked":"SKIP","floor":41.0},{"not_picked":["Body Slam","Clothesline+1"],"picked":"Rage+1","floor":45.0},{"not_picked":["Body Slam","Twin Strike+1","Dark Embrace+1"],"picked":"SKIP","floor":47.0},{"not_picked":["Dark Embrace+1","Sword Boomerang+1"],"picked":"Offering+1","floor":48.0},{"not_picked":["True Grit+1","Wild Strike","Feel No Pain+1"],"picked":"SKIP","floor":54.0}],"player_experience":1236008,"relics_obtained":[{"floor":6.0,"key":"MawBank"},{"floor":9.0,"key":"PreservedInsect"},{"floor":23.0,"key":"Whetstone"},{"floor":23.0,"key":"Ancient Tea Set"},{"floor":26.0,"key":"Bronze Scales"},{"floor":27.0,"key":"The Courier"},{"floor":27.0,"key":"Letter Opener"},{"floor":31.0,"key":"Frozen Egg 2"},{"floor":31.0,"key":"Kunai"},{"floor":39.0,"key":"Blue Candle"},{"floor":54.0,"key":"Nunchaku"},{"floor":54.0,"key":"Bottled Lightning"}],"event_choices":[{"damage_healed":0.0,"max_hp_gain":0.0,"max_hp_loss":0.0,"gold_gain":0.0,"event_name":"Living Wall","player_choice":"Grow","floor":3.0,"gold_loss":0.0,"damage_taken":0.0,"cards_upgraded":["Bash"]},{"damage_healed":0.0,"max_hp_gain":0.0,"max_hp_loss":0.0,"gold_gain":75.0,"event_name":"FaceTrader","player_choice":"Touch","floor":4.0,"gold_loss":0.0,"damage_taken":8.0},{"damage_healed":0.0,"max_hp_gain":0.0,"max_hp_loss":0.0,"gold_gain":0.0,"event_name":"Drug Dealer","player_choice":"Inject Mutagens","floor":20.0,"gold_loss":0.0,"damage_taken":0.0,"relics_obtained":["MutagenicStrength"]},{"damage_healed":0.0,"max_hp_gain":0.0,"max_hp_loss":0.0,"gold_gain":0.0,"event_name":"Accursed Blacksmith","player_choice":"Rummage","floor":21.0,"gold_loss":0.0,"damage_taken":0.0,"relics_obtained":["WarpedTongs"],"cards_obtained":["Pain"]},{"damage_healed":0.0,"max_hp_gain":0.0,"max_hp_loss":0.0,"gold_gain":0.0,"event_name":"Wheel of Change","player_choice":"Relic","floor":39.0,"gold_loss":0.0,"damage_taken":0.0}],"is_beta":false,"boss_relics":[{"not_picked":["SacredBark","Astrolabe"],"picked":"Black Star"},{"not_picked":["Black Blood","Runic Dome"],"picked":"SlaversCollar"}],"items_purged_floors":[0,22,53],"is_endless":false,"potions_floor_spawned":[5,8,16,24,27,28,29,31,35,37,48],"ascension_level":0}}