{"host":"6fpwia82zd5086hr","time":1609134334,"event":{"mods":["BaseMod","Better Skull","Better Third Choice","Downfall","Minty Spire (QoL Compilation)","Spicy Shops","StSLib"],"gold_per_floor":[19,19,19,19,37,70,81,91,91,91,108,135,135,153,153,251,251,263,8,8,19,19,19,19,33,33,33,45,74,74,90,90,193,193,204,224,234,279,279,279,55,71,71,105,121,48,60,78,78,78],"floor_reached":51,"playtime":4182,"items_purged":["Parasite","Ball Lightning"],"score":807,"play_id":"ce2fcd60-8970-450e-91e0-3bece9a92cc3","local_time":"20201227224534","is_ascension_mode":true,"campfire_choices":[{"data":"Dualcast","floor":10.0,"key":"SMITH"},{"floor":15.0,"key":"REST"},{"data":"Loop","floor":23.0,"key":"SMITH"},{"floor":27.0,"key":"REST"},{"floor":32.0,"key":"REST"},{"data":"Defragment","floor":40.0,"key":"SMITH"},{"data":"Hologram","floor":49,"key":"SMITH"}],"circlet_count":0,"master_deck":["Strike_B+1","Strike_B+1","Strike_B+1","Defend_B+1","Defend_B+1","Defend_B+1","Zap+1","Dualcast+1","Steam","Capacitor","Capacitor","Hologram+1","Seek","Self Repair","Loop+1","Streamline+1","Consume+1","Injury","Conserve Battery+1","Coolheaded","Coolheaded","Defragment+1","Buffer","Cold Snap","Glacier","BootSequence+1","Parasite"],"relics":["Cracked Core","Incense Burner","Dead Branch","Ginger","Shuriken","Cursed Key","Oddly Smooth Stone","Kunai","InkBottle","Centennial Puzzle","Inserter","TungstenRod","Singing Bowl","Anchor","Eternal Feather"],"acts_visited":["Exordium","TheCity","TheBeyond"],"potions_floor_usage":[],"damage_taken":[{"damage":0.0,"enemies":"Small Slimes","floor":1.0,"turns":2.0},{"damage":0.0,"enemies":"2 Louse","floor":5.0,"turns":2.0},{"damage":18.0,"enemies":"Lagavulin","floor":6.0,"turns":6.0},{"damage":0.0,"enemies":"Cultist","floor":7.0,"turns":3.0},{"damage":2.0,"enemies":"Lots of Slimes","floor":8.0,"turns":4.0},{"damage":3.0,"enemies":"Blue Slaver","floor":11.0,"turns":3.0},{"damage":19.0,"enemies":"Gremlin Nob","floor":12.0,"turns":4.0},{"damage":4.0,"enemies":"Exordium Wildlife","floor":14.0,"turns":4.0},{"damage":41.0,"enemies":"The Guardian","floor":16.0,"turns":10.0},{"damage":25.0,"enemies":"Shell Parasite","floor":18.0,"turns":4.0},{"damage":0.0,"enemies":"Chosen","floor":21.0,"turns":4.0},{"damage":29.0,"enemies":"Centurion and Healer","floor":25.0,"turns":4.0},{"damage":36.0,"enemies":"Shelled Parasite and Fungi","floor":28.0,"turns":5.0},{"damage":22.0,"enemies":"Gremlin Leader","floor":29.0,"turns":6.0},{"damage":13.0,"enemies":"Cultist and Chosen","floor":31.0,"turns":6.0},{"damage":23.0,"enemies":"Automaton","floor":33.0,"turns":9.0},{"damage":0.0,"enemies":"3 Shapes","floor":35.0,"turns":6.0},{"damage":14.0,"enemies":"3 Darklings","floor":36.0,"turns":7.0},{"damage":8.0,"enemies":"Spire Growth","floor":37.0,"turns":6.0},{"damage":1.0,"enemies":"2 Orb Walkers","floor":38.0,"turns":9.0},{"damage":1.0,"enemies":"Sphere and 2 Shapes","floor":42.0,"turns":7.0},{"damage":12.0,"enemies":"Nemesis","floor":44.0,"turns":11.0},{"damage":13.0,"enemies":"Transient","floor":45.0,"turns":5.0},{"damage":1,"enemies":"Writhing Mass","floor":47,"turns":6},{"damage":0,"enemies":"Maw","floor":48,"turns":10},{"damage":0,"enemies":"Donu and Deca","floor":50,"turns":18}],"seed_played":"-7419806104268242364","potions_obtained":[{"floor":1.0,"key":"FearPotion"},{"floor":11.0,"key":"Guardian:BlockOnCardUsePotion"},{"floor":12.0,"key":"FearPotion"},{"floor":18.0,"key":"Strength Potion"},{"floor":25.0,"key":"Regen Potion"},{"floor":28.0,"key":"sneckomod:MuddlingPotion"},{"floor":29.0,"key":"LiquidBronze"},{"floor":35.0,"key":"Guardian:BlockOnCardUsePotion"},{"floor":38.0,"key":"SpeedPotion"},{"floor":48,"key":"Block Potion"}],"is_trial":false,"path_per_floor":["M","?","?","?","M","E","M","M","T","R","M","E","?","M","R","B",null,"M","$","?","M","?","R","?","M","T","R","M","E","?","M","R","B",null,"M","M","M","?","?","R","$","M","T","E","M","$","M","M","R","B",null],"character_chosen":"DEFECT","items_purchased":["Oddly Smooth Stone","Loop","Singing Bowl","Block Potion"],"campfire_rested":3,"item_purchase_floors":[19,19,41,46],"current_hp_per_floor":[75,75,75,75,75,57,57,55,55,55,52,33,51,47,69,28,75,50,50,50,57,57,57,57,35,35,56,36,21,21,15,36,20,72,72,65,64,70,68,68,68,70,70,67,56,56,64,73,78,78],"gold":78,"neow_bonus":"REMOVE_TWO","is_daily":false,"chose_seed":false,"campfire_upgraded":4,"win_rate":0.0,"timestamp":1609134334,"path_taken":["M","?","?","?","M","E","?","?","T","R","M","E","?","M","R","BOSS","M","$","?","M","?","R","?","M","T","R","M","E","?","M","R","BOSS","M","M","?","?","?","R","?","?","T","E","M","$","M","M","R","BOSS"],"items_purchased_type":["Relic","Card","Relic","Potion"],"build_version":"2020-12-22","purchased_purges":2,"victory":true,"max_hp_per_floor":[75,75,75,75,75,75,75,75,75,75,75,75,75,75,75,75,75,75,72,72,72,72,72,72,72,72,72,72,72,72,72,72,72,72,72,72,72,72,68,68,68,70,70,72,74,74,76,78,78,78],"card_choices":[{"not_picked":["Skim","Storm"],"picked":"Steam","floor":1.0},{"not_picked":["Streamline","Stack"],"picked":"Capacitor","floor":5.0},{"not_picked":["Chill","Fission"],"picked":"Ball Lightning","floor":6.0},{"not_picked":["Gash","Cold Snap"],"picked":"Capacitor","floor":7.0},{"not_picked":["Barrage","Steam","Streamline"],"picked":"SKIP","floor":8.0},{"not_picked":["Recycle","Self Repair"],"picked":"Hologram","floor":11.0},{"not_picked":["Static Discharge","Meteor Strike","Blizzard"],"picked":"SKIP","floor":12.0},{"not_picked":["Reprogram","Heatsinks","Steam"],"picked":"SKIP","floor":14.0},{"not_picked":["Reboot","Creative AI"],"picked":"Seek","floor":16.0},{"not_picked":["Static Discharge","Steam Power"],"picked":"Self Repair","floor":18.0},{"not_picked":["Stack","Double Energy"],"picked":"Streamline+1","floor":21.0},{"not_picked":["Cold Snap","Redo+1"],"picked":"Consume+1","floor":25.0},{"not_picked":["Doom and Gloom","Rip and Tear+1"],"picked":"Conserve Battery+1","floor":28.0},{"not_picked":["Multi-Cast","Compile Driver"],"picked":"Coolheaded","floor":29.0},{"not_picked":["Ball Lightning","Sunder+1"],"picked":"Defragment","floor":31.0},{"not_picked":["Fission","Echo Form"],"picked":"Buffer","floor":33.0},{"not_picked":["Leap+1","Hologram"],"picked":"Cold Snap","floor":35.0},{"not_picked":["Beam Cell+1","Ball Lightning+1","Doom and Gloom+1"],"picked":"SKIP","floor":36.0},{"not_picked":["FTL+1","Leap"],"picked":"Glacier","floor":37.0},{"not_picked":["Chill","Chaos+1"],"picked":"BootSequence+1","floor":38.0},{"not_picked":["Auto Shields+1","Conserve Battery+1","Streamline+1"],"picked":"Singing Bowl","floor":42.0},{"not_picked":["Auto Shields","Fusion+1","Lockon+1"],"picked":"Singing Bowl","floor":44.0},{"not_picked":["Sweeping Beam","Melter","Chaos"],"picked":"Singing Bowl","floor":45.0},{"not_picked":["Auto Shields+1","Heatsinks+1","Go for the Eyes+1"],"picked":"Singing Bowl","floor":47},{"not_picked":["Beam Cell","Recycle","Auto Shields+1"],"picked":"Singing Bowl","floor":48}],"player_experience":764988,"relics_obtained":[{"floor":6.0,"key":"Dead Branch"},{"floor":9.0,"key":"Ginger"},{"floor":12.0,"key":"Shuriken"},{"floor":26.0,"key":"InkBottle"},{"floor":29.0,"key":"Centennial Puzzle"},{"floor":38.0,"key":"TungstenRod"},{"floor":43.0,"key":"Anchor"},{"floor":44.0,"key":"Eternal Feather"}],"event_choices":[{"damage_healed":0.0,"max_hp_gain":0.0,"max_hp_loss":0.0,"gold_gain":0.0,"event_name":"Living Wall","player_choice":"Grow","floor":2.0,"gold_loss":0.0,"damage_taken":0.0,"cards_upgraded":["Zap"]},{"damage_healed":0.0,"max_hp_gain":0.0,"max_hp_loss":0.0,"gold_gain":0.0,"event_name":"Big Fish","player_choice":"Box","floor":3.0,"gold_loss":0.0,"damage_taken":0.0,"relics_obtained":["Incense Burner"],"cards_obtained":["Regret"]},{"cards_removed":["Regret"],"damage_healed":0.0,"max_hp_gain":0.0,"max_hp_loss":0.0,"gold_gain":0.0,"event_name":"Fountain of Cleansing","player_choice":"Removed Curses","floor":4.0,"gold_loss":0.0,"damage_taken":0.0},{"damage_healed":18.0,"max_hp_gain":0.0,"max_hp_loss":0.0,"gold_gain":0.0,"event_name":"Mushrooms","player_choice":"Healed and dodged fight","floor":13.0,"gold_loss":0.0,"damage_taken":0.0,"cards_obtained":["Parasite"]},{"damage_healed":0.0,"max_hp_gain":0.0,"max_hp_loss":6.0,"gold_gain":0.0,"event_name":"betterThird:BetterWriting","player_choice":"Simplicity","floor":20.0,"gold_loss":0.0,"damage_taken":0.0},{"damage_healed":0.0,"max_hp_gain":0.0,"max_hp_loss":0.0,"gold_gain":0.0,"event_name":"The Mausoleum","player_choice":"Opened","floor":22.0,"gold_loss":0.0,"damage_taken":0.0,"relics_obtained":["Kunai"]},{"damage_healed":0.0,"max_hp_gain":0.0,"max_hp_loss":0.0,"gold_gain":0.0,"event_name":"Cursed Tome","player_choice":"Ignored","floor":24.0,"gold_loss":0.0,"damage_taken":0.0},{"damage_healed":0.0,"max_hp_gain":0.0,"max_hp_loss":0.0,"gold_gain":0.0,"event_name":"Duplicator","player_choice":"Copied","floor":30.0,"gold_loss":0.0,"damage_taken":0.0,"cards_obtained":["Coolheaded"]},{"damage_healed":0.0,"max_hp_gain":0.0,"max_hp_loss":0.0,"gold_gain":0.0,"event_name":"Mysterious Sphere","player_choice":"Fight","floor":38.0,"gold_loss":0.0,"damage_taken":0.0},{"damage_healed":0.0,"max_hp_gain":0.0,"max_hp_loss":4.0,"gold_gain":0.0,"event_name":"Winding Halls","player_choice":"Max HP","floor":39.0,"gold_loss":0.0,"damage_taken":0.0}],"is_beta":false,"boss_relics":[{"not_picked":["Astrolabe","Fusion Hammer"],"picked":"Cursed Key"},{"not_picked":["Runic Dome","SacredBark"],"picked":"Inserter"}],"items_purged_floors":[19,41],"is_endless":false,"potions_floor_spawned":[1,11,12,18,25,28,29,35,38,48],"ascension_level":2}}