{"host":"6kpik4p6m02tzjjt","time":1609121313,"event":{"mods":["BaseMod","Colored Map","Downfall","Minty Spire (QoL Compilation)","Quick Restart","Relic Stats","StSLib"],"gold_per_floor":[99,99,99,99,10,10,10,24,24,199,215,228,240,254,271,369,369,369,389,294,294,307,307,379,379,379,379],"floor_reached":25,"playtime":1385,"items_purged":[],"score":191,"play_id":"5a0d14ad-9e2d-4972-9b20-e37ef5851593","local_time":"20201227210833","is_ascension_mode":false,"campfire_choices":[{"data":"Slimebound:Split","floor":1,"key":"SMITH"},{"data":"Slimebound:CorrosiveSpit","floor":6,"key":"SMITH"},{"data":"Slimebound:RejuvenatingLick","floor":9,"key":"SMITH"},{"data":"Slimebound:TagTeam","floor":18,"key":"SMITH"}],"circlet_count":0,"master_deck":["Slimebound:Strike_Slimebound","Slimebound:Strike_Slimebound","Slimebound:Strike_Slimebound","Slimebound:Tackle","Slimebound:Defend_Slimebound","Slimebound:Defend_Slimebound","Slimebound:Defend_Slimebound","Slimebound:Defend_Slimebound","Slimebound:Split+1","Slimebound:CorrosiveSpit+1","Slimebound:SplitLeeching","Slimebound:SamplingLick","Slimebound:LeechEnergy","Slimebound:SplitSpecialist","Slimebound:RejuvenatingLick+1","Slimebound:SlimeTap","Doubt","Slimebound:TongueLash","Slimebound:SlimeSpikes","Slimebound:RollThrough","Slimebound:LeadByExample","Slimebound:RejuvenatingLick","Slimebound:TagTeam+1","Slimebound:Schlurp","Slimebound:MinionMaster","Slimebound:SpikyOuterGoop","Necronomicurse","Slimebound:ForwardTackle"],"relics":["Slimebound:AbsorbEndCombat","downfall:HeartsMalice","Pocketwatch","Necronomicon","Nloth\u0027s Gift","Slimebound:MaxSlimesRelic"],"acts_visited":["Exordium","TheCity"],"potions_floor_usage":[16,16,19,22],"damage_taken":[{"damage":0,"enemies":"Cultist","floor":2,"turns":1},{"damage":0,"enemies":"Jaw Worm","floor":3,"turns":1},{"damage":0,"enemies":"2 Louse","floor":4,"turns":1},{"damage":14,"enemies":"downfall:FleeingMerchant","floor":5,"turns":4},{"damage":21,"enemies":"Red Slaver","floor":8,"turns":4},{"damage":12,"enemies":"2 Fungi Beasts","floor":11,"turns":2},{"damage":17,"enemies":"Blue Slaver","floor":12,"turns":4},{"damage":28,"enemies":"Lots of Slimes","floor":13,"turns":3},{"damage":16,"enemies":"Red Slaver","floor":14,"turns":3},{"damage":19,"enemies":"Exordium Wildlife","floor":15,"turns":3},{"damage":72,"enemies":"downfall:Defect","floor":16,"turns":9},{"damage":33,"enemies":"Chosen","floor":19,"turns":5},{"damage":26,"enemies":"downfall:FleeingMerchant","floor":20,"turns":4},{"damage":45,"enemies":"3 Byrds","floor":22,"turns":5},{"damage":27,"enemies":"Cultist and Chosen","floor":25,"turns":3}],"seed_played":"-499437853385625037","potions_obtained":[{"floor":8,"key":"sneckomod:MuddlingPotion"},{"floor":13,"key":"Dexterity Potion"},{"floor":14,"key":"SpeedPotion"},{"floor":16,"key":"Swift Potion"},{"floor":19,"key":"SpeedPotion"}],"is_trial":false,"path_per_floor":["R","M","M","M","$","R","T","M","R","?","M","M","M","M","M","B",null,"R","M","$","?","M","?","T","M"],"character_chosen":"SLIMEBOUND","items_purchased":["Slimebound:RejuvenatingLick","Slimebound:SpikyOuterGoop"],"campfire_rested":0,"item_purchase_floors":[5,20],"current_hp_per_floor":[60,60,60,60,60,60,60,53,53,53,59,58,50,56,55,18,60,60,45,49,33,16,16,16,0,0,0],"gold":379,"neow_bonus":"THREE_ENEMY_KILL","is_daily":false,"chose_seed":false,"campfire_upgraded":4,"win_rate":0.0,"timestamp":1609121313,"path_taken":["R","M","M","?","$","R","T","M","R","?","M","M","M","M","M","BOSS","R","M","$","?","M","?","T","M"],"items_purchased_type":["Card","Card"],"build_version":"2020-12-22","purchased_purges":0,"victory":false,"max_hp_per_floor":[60,60,60,60,60,60,60,60,60,60,60,60,60,60,60,60,60,60,60,60,60,60,60,60,60,60,60],"relic_stats":{"counters":[15,49],"Necronomicon":[2],"Nloth\u0027s Gift":0,"obtain_stats":[{"Slimebound:MaxSlimesRelic":24,"downfall:HeartsMalice":0,"Philosopher\u0027s Stone":17,"Slimebound:AbsorbEndCombat":0,"Necronomicon":21,"Nloth\u0027s Gift":23,"Pocketwatch":7},{"Slimebound:MaxSlimesRelic":14,"downfall:HeartsMalice":0,"Philosopher\u0027s Stone":11,"Slimebound:AbsorbEndCombat":0,"Necronomicon":13,"Nloth\u0027s Gift":14,"Pocketwatch":4},{"Slimebound:MaxSlimesRelic":46,"downfall:HeartsMalice":0,"Philosopher\u0027s Stone":32,"Slimebound:AbsorbEndCombat":0,"Necronomicon":41,"Nloth\u0027s Gift":46,"Pocketwatch":4}],"Pocketwatch":[21]},"card_choices":[{"not_picked":["Slimebound:DivideAndConquer","Slimebound:SlimeBrawl"],"picked":"Slimebound:SplitLeeching","floor":2},{"not_picked":["Slimebound:ComboTackle","Slimebound:LivingWall"],"picked":"Slimebound:SamplingLick","floor":3},{"not_picked":["Slimebound:FirmFortitude","Slimebound:RollThrough"],"picked":"Slimebound:LeechEnergy","floor":4},{"not_picked":["Slimebound:FlameTackle","Slimebound:SlimeSpikes"],"picked":"Slimebound:SplitSpecialist","floor":5},{"not_picked":["Slimebound:ComboTackle","Slimebound:FormOfPuddle"],"picked":"Slimebound:SlimeTap","floor":8},{"not_picked":["Slimebound:DivideAndConquer","Slimebound:ViciousTackle"],"picked":"Slimebound:TongueLash","floor":11},{"not_picked":["Slimebound:FinishingTackle","Slimebound:GrowthPunch"],"picked":"Slimebound:SlimeSpikes","floor":12},{"not_picked":["Slimebound:LivingWall","Slimebound:BestDefense"],"picked":"Slimebound:RollThrough","floor":13},{"not_picked":["Slimebound:FinishingTackle","Slimebound:GrowthPunch"],"picked":"Slimebound:LeadByExample","floor":14},{"not_picked":["Slimebound:Nibble","Slimebound:RainOfGoop"],"picked":"Slimebound:RejuvenatingLick","floor":15},{"not_picked":["Slimebound:SelfFormingGoo","Slimebound:DuplicatedForm"],"picked":"Slimebound:TagTeam","floor":16},{"not_picked":["Slimebound:SplitLeeching","Slimebound:TongueLash"],"picked":"Slimebound:Schlurp","floor":19},{"not_picked":["Slimebound:GrowthPunch","Slimebound:LeadByExample"],"picked":"Slimebound:MinionMaster","floor":20},{"not_picked":["Slimebound:DivideAndConquer","Slimebound:SlimeBrawl"],"picked":"Slimebound:ForwardTackle","floor":22}],"player_experience":53483,"relics_obtained":[{"floor":7,"key":"Pocketwatch"},{"floor":21,"key":"Necronomicon"},{"floor":24,"key":"Slimebound:MaxSlimesRelic"}],"event_choices":[],"is_beta":false,"boss_relics":[{"not_picked":["Astrolabe","Coffee Dripper"],"picked":"Philosopher\u0027s Stone"}],"items_purged_floors":[],"is_endless":false,"potions_floor_spawned":[8,13,14,15,16,19],"killed_by":"Cultist and Chosen","ascension_level":0}}