{"host":"344lv32hnei0mdhu","time":1609188527,"event":{"mods":["Act Like it!","BaseMod","Better Match","Better Sensory Stone","Better Skull","Better Third Choice","Better Vampires","Colored Powertips","Highlight Path","Minty Spire (QoL Compilation)","Quick Restart","Random Character Button","Rare Cards Sparkle","StSLib"],"gold_per_floor":[116,39,39,59,59,102,170,170,220,220,253,271,271,42,42,168,168,189,189,48,69,69,69,105,120,144,158,158,179,179,104,104,223,223,236,186,210,310,310,310],"floor_reached":39,"playtime":1382,"items_purged":["Strike_R"],"score":624,"play_id":"c4e9c12a-a65c-451e-9fe0-e505ff928fe3","local_time":"20201228144847","is_ascension_mode":true,"campfire_choices":[{"floor":8.0,"key":"REST"},{"data":"Rupture","floor":10.0,"key":"SMITH"},{"floor":15,"key":"REST"},{"data":"Inflame","floor":23,"key":"SMITH"},{"floor":28,"key":"REST"},{"data":"Rage","floor":30,"key":"SMITH"},{"data":"Whirlwind","floor":32,"key":"SMITH"}],"circlet_count":0,"master_deck":["Strike_R","Strike_R","Strike_R","Strike_R","Defend_R","Defend_R","Defend_R","Defend_R","Bash","Clothesline","Rupture+1","Injury","Metallicize","Pummel","Hemokinesis","Rage+1","Reaper","Shockwave","Inflame+1","Heavy Blade","Hemokinesis","Limit Break","Rupture+1","Bludgeon","Immolate","Spot Weakness","Rupture+1","Whirlwind+1","Disarm+1","Barricade+1"],"relics":["Burning Blood","NeowsBlessing","Golden Idol","Dream Catcher","Red Skull","Anchor","Blue Candle","Bag of Marbles","Velvet Choker","Frozen Egg 2","Smiling Mask","Runic Pyramid"],"acts_visited":["Exordium","TheCity","TheBeyond"],"potions_floor_usage":[16,21,27,27],"damage_taken":[{"damage":0.0,"enemies":"Jaw Worm","floor":1.0,"turns":1.0},{"damage":0.0,"enemies":"Cultist","floor":4.0,"turns":1.0},{"damage":0.0,"enemies":"Gremlin Nob","floor":6.0,"turns":1.0},{"damage":58.0,"enemies":"Lagavulin Event","floor":7.0,"turns":9.0},{"damage":26,"enemies":"Lagavulin","floor":11,"turns":7},{"damage":2,"enemies":"2 Louse","floor":12,"turns":2},{"damage":40,"enemies":"The Guardian","floor":16,"turns":11},{"damage":4,"enemies":"Chosen","floor":18,"turns":3},{"damage":22,"enemies":"Spheric Guardian","floor":21,"turns":5},{"damage":43,"enemies":"Slavers","floor":24,"turns":5},{"damage":47,"enemies":"Snake Plant","floor":25,"turns":6},{"damage":17,"enemies":"Centurion and Healer","floor":27,"turns":3},{"damage":8,"enemies":"Cultist and Chosen","floor":29,"turns":4},{"damage":65,"enemies":"Collector","floor":33,"turns":9},{"damage":14,"enemies":"Orb Walker","floor":35,"turns":4},{"damage":36,"enemies":"3 Shapes","floor":37,"turns":7},{"damage":40,"enemies":"Spire Growth","floor":39,"turns":3}],"seed_played":"6265820941581038500","potions_obtained":[{"floor":6.0,"key":"Regen Potion"},{"floor":7.0,"key":"CultistPotion"},{"floor":11,"key":"BlessingOfTheForge"},{"floor":12,"key":"Strength Potion"},{"floor":16,"key":"Block Potion"},{"floor":21,"key":"SteroidPotion"}],"is_trial":false,"path_per_floor":["M","$","?","M","$","E","?","R","T","R","E","M","?","$","R","B",null,"M","?","$","M","$","R","E","M","T","M","R","M","R","?","R","B",null,"M","$","M","?","M"],"character_chosen":"IRONCLAD","items_purchased":["Rupture","Inflame","Bag of Marbles","Heavy Blade","Bludgeon"],"campfire_rested":3,"item_purchase_floors":[2,14,14,14,20],"current_hp_per_floor":[78,78,78,80,80,80,42,66,66,66,46,58,63,63,85,66,80,82,82,82,66,66,66,85,44,44,43,68,83,83,83,83,49,76,68,68,38,38,0,0],"gold":310,"neow_bonus":"THREE_ENEMY_KILL","is_daily":false,"chose_seed":false,"campfire_upgraded":4,"win_rate":0.0,"timestamp":1609188527,"path_taken":["M","$","?","?","$","E","?","R","T","R","E","M","?","$","R","BOSS","M","?","$","?","$","R","E","M","T","M","R","?","R","?","R","BOSS","M","$","M","?","?"],"items_purchased_type":["Card","Card","Relic","Card","Card"],"build_version":"2020-12-22","purchased_purges":1,"victory":false,"max_hp_per_floor":[80,80,80,80,80,80,80,80,80,80,80,80,85,85,85,85,85,85,85,85,85,85,85,85,85,85,85,85,85,85,85,85,85,85,85,85,85,85,85,85],"card_choices":[{"not_picked":["Flex","Sentinel"],"picked":"Clothesline","floor":1.0},{"not_picked":["Twin Strike","Shrug It Off"],"picked":"Metallicize","floor":4.0},{"not_picked":["Heavy Blade","Corruption"],"picked":"Pummel","floor":6.0},{"not_picked":["Clash","Iron Wave"],"picked":"Hemokinesis","floor":7.0},{"not_picked":["Shrug It Off","Carnage"],"picked":"Rage","floor":8.0},{"not_picked":["Perfected Strike","Warcry"],"picked":"Reaper","floor":11},{"not_picked":["Cleave","Bloodletting"],"picked":"Shockwave","floor":12},{"not_picked":["Havoc","Evolve"],"picked":"Hemokinesis","floor":15},{"not_picked":["Barricade","Exhume"],"picked":"Limit Break","floor":16},{"not_picked":["Battle Trance","Havoc","Blood for Blood"],"picked":"SKIP","floor":18},{"not_picked":["Burning Pact+1","Feel No Pain","Headbutt"],"picked":"SKIP","floor":21},{"not_picked":["Entrench","Intimidate"],"picked":"Immolate","floor":24},{"not_picked":["Pommel Strike","Battle Trance"],"picked":"Spot Weakness","floor":25},{"not_picked":["Headbutt","Feel No Pain+1","Clothesline"],"picked":"SKIP","floor":27},{"not_picked":["Clash","Intimidate"],"picked":"Rupture+1","floor":28},{"not_picked":["Heavy Blade","Flex"],"picked":"Whirlwind","floor":29},{"not_picked":["Power Through+1","Carnage+1"],"picked":"Disarm+1","floor":31},{"not_picked":["Berserk+1","Limit Break"],"picked":"Barricade+1","floor":33},{"not_picked":["Dropkick","True Grit+1","Burning Pact+1"],"picked":"SKIP","floor":35},{"not_picked":["Warcry","Twin Strike","Headbutt"],"picked":"SKIP","floor":37}],"player_experience":285809,"relics_obtained":[{"floor":6.0,"key":"Dream Catcher"},{"floor":7.0,"key":"Red Skull"},{"floor":9.0,"key":"Anchor"},{"floor":11,"key":"Blue Candle"},{"floor":24,"key":"Frozen Egg 2"},{"floor":26,"key":"Smiling Mask"}],"event_choices":[{"damage_healed":0.0,"max_hp_gain":0.0,"max_hp_loss":0.0,"gold_gain":0.0,"event_name":"Golden Idol","player_choice":"Take Wound","floor":3.0,"gold_loss":0.0,"damage_taken":0.0,"relics_obtained":["Golden Idol"],"cards_obtained":["Injury"]},{"damage_healed":0.0,"max_hp_gain":0.0,"max_hp_loss":0.0,"gold_gain":30.0,"event_name":"Dead Adventurer","player_choice":"Searched \u00272\u0027 times","floor":7.0,"gold_loss":0.0,"damage_taken":0.0},{"damage_healed":0,"gold_gain":0,"player_choice":"Donut","damage_taken":0,"max_hp_gain":5,"max_hp_loss":0,"event_name":"Big Fish","floor":13,"gold_loss":0},{"damage_healed":0,"gold_gain":0,"player_choice":"Copied","damage_taken":0,"max_hp_gain":0,"max_hp_loss":0,"event_name":"Duplicator","floor":19,"gold_loss":0,"cards_obtained":["Rupture"]},{"damage_healed":0,"gold_gain":0,"player_choice":"2","damage_taken":0,"max_hp_gain":0,"max_hp_loss":0,"event_name":"betterMatch:BetterMatch","floor":31,"gold_loss":0,"cards_obtained":["betterMatch:UncommonCard"]},{"damage_healed":0,"gold_gain":100,"player_choice":"Pray","damage_taken":0,"max_hp_gain":0,"max_hp_loss":0,"event_name":"Golden Shrine","floor":38,"gold_loss":0}],"is_beta":false,"boss_relics":[{"not_picked":["Tiny House","Pandora\u0027s Box"],"picked":"Velvet Choker"},{"not_picked":["Runic Dome","SacredBark"],"picked":"Runic Pyramid"}],"items_purged_floors":[36],"is_endless":false,"potions_floor_spawned":[6,7,11,12,16,18,21,25],"killed_by":"Spire Growth","ascension_level":9}}