{"host":"m77rrhbqzv44va4v","time":1609146798,"event":{"mods":["AchievementEnabler","BaseMod","Colored Map","DeckTracker","Keyboard Shortcuts","Minty Spire (QoL Compilation)","StSLib","SuperFastMode","everything is the same but u backflip on backflip"],"gold_per_floor":[15,15,28,40,40,40,69,85,110,122,122,122,156,156,156,260,260,279,290,145,163,48,48,62,78,78,78,113,212,237,250,250,352,352,368,383,399,14,14,14,64,92,92,92,92,105,137,157,157,157,157],"floor_reached":50,"playtime":1588,"items_purged":["Electrodynamics","Amplify"],"score":846,"play_id":"e2ec30c5-b406-46d3-a97a-bc9e170bd8a4","local_time":"20201228181318","is_ascension_mode":true,"campfire_choices":[{"data":"Zap","floor":6.0,"key":"SMITH"},{"data":"Defragment","floor":11.0,"key":"SMITH"},{"data":"Compile Driver","floor":15.0,"key":"SMITH"},{"floor":23.0,"key":"REST"},{"data":"Fission","floor":27.0,"key":"SMITH"},{"data":"Recycle","floor":32.0,"key":"SMITH"},{"floor":40,"key":"REST"},{"data":"Seek","floor":49,"key":"SMITH"}],"circlet_count":0,"master_deck":["Zap+1","Dualcast+1","Amplify","Auto Shields","Chaos+1","Ball Lightning","Cold Snap","Defragment+1","Compile Driver+1","Conserve Battery","Electrodynamics","Seek+1","Recycle+1","Seek","Self Repair+1","Capacitor","Fission+1","Redo+1","FTL+1","Biased Cognition","Loop","Coolheaded","Enlightenment","Skim+1"],"relics":["Cracked Core","Vajra","PreservedInsect","Toy Ornithopter","CultistMask","Pandora\u0027s Box","Dream Catcher","Blood Vial","Smiling Mask","Emotion Chip","Black Star","Membership Card","Mummified Hand","Unceasing Top","MealTicket","Omamori","Mercury Hourglass","InkBottle","Centennial Puzzle"],"acts_visited":["Exordium","TheCity","TheBeyond"],"potions_floor_usage":[39,47,48,50,50],"damage_taken":[{"damage":1.0,"enemies":"Small Slimes","floor":1.0,"turns":3.0},{"damage":0.0,"enemies":"2 Louse","floor":3.0,"turns":3.0},{"damage":0.0,"enemies":"Cultist","floor":4.0,"turns":3.0},{"damage":15.0,"enemies":"Lagavulin","floor":7.0,"turns":5.0},{"damage":6.0,"enemies":"2 Fungi Beasts","floor":8.0,"turns":3.0},{"damage":7.0,"enemies":"Exordium Thugs","floor":10.0,"turns":3.0},{"damage":0.0,"enemies":"Lots of Slimes","floor":12.0,"turns":1.0},{"damage":10.0,"enemies":"3 Sentries","floor":13.0,"turns":4.0},{"damage":19.0,"enemies":"Hexaghost","floor":16.0,"turns":6.0},{"damage":22.0,"enemies":"2 Thieves","floor":18.0,"turns":2.0},{"damage":10.0,"enemies":"Chosen","floor":19.0,"turns":4.0},{"damage":37.0,"enemies":"Snake Plant","floor":21.0,"turns":4.0},{"damage":23.0,"enemies":"Centurion and Healer","floor":24.0,"turns":4.0},{"damage":23.0,"enemies":"Cultist and Chosen","floor":25.0,"turns":5.0},{"damage":17.0,"enemies":"Book of Stabbing","floor":28.0,"turns":4.0},{"damage":0.0,"enemies":"Gremlin Leader","floor":30.0,"turns":3.0},{"damage":18.0,"enemies":"Snake Plant","floor":31.0,"turns":3.0},{"damage":22.0,"enemies":"Collector","floor":33.0,"turns":5.0},{"damage":19.0,"enemies":"3 Darklings","floor":35.0,"turns":2.0},{"damage":13.0,"enemies":"3 Shapes","floor":36.0,"turns":4.0},{"damage":40.0,"enemies":"Spire Growth","floor":37.0,"turns":4.0},{"damage":28,"enemies":"2 Orb Walkers","floor":39,"turns":3},{"damage":0,"enemies":"Mind Bloom Boss Battle","floor":41,"turns":4},{"damage":21,"enemies":"Giant Head","floor":42,"turns":6},{"damage":36,"enemies":"Jaw Worm Horde","floor":46,"turns":3},{"damage":5,"enemies":"Reptomancer","floor":47,"turns":3},{"damage":1,"enemies":"Transient","floor":48,"turns":5},{"damage":96,"enemies":"Time Eater","floor":50,"turns":9}],"seed_played":"4838571631356385377","potions_obtained":[{"floor":4.0,"key":"Energy Potion"},{"floor":7.0,"key":"SmokeBomb"},{"floor":8.0,"key":"Regen Potion"},{"floor":13.0,"key":"Weak Potion"},{"floor":24.0,"key":"DistilledChaos"},{"floor":31.0,"key":"Ancient Potion"},{"floor":36.0,"key":"SmokeBomb"},{"floor":37.0,"key":"SteroidPotion"},{"floor":46,"key":"Swift Potion"},{"floor":47,"key":"Block Potion"},{"floor":48,"key":"SpeedPotion"}],"is_trial":false,"path_per_floor":["M","?","M","M","?","R","E","M","T","M","R","M","E","?","R","B",null,"M","M","$","M","?","R","M","M","T","R","E","?","E","M","R","B",null,"M","M","M","$","?","R","?","E","T","?","?","M","E","M","R","B"],"character_chosen":"DEFECT","items_purchased":["Capacitor","Membership Card","Mummified Hand","Loop","Coolheaded"],"campfire_rested":2,"item_purchase_floors":[20,38,38,38,38],"current_hp_per_floor":[67,67,67,67,67,67,52,46,46,39,39,39,41,41,41,27,63,41,51,51,34,34,56,53,55,55,55,60,60,72,75,75,53,70,53,62,34,34,23,45,57,58,58,58,58,34,46,72,72,0,0],"gold":157,"neow_bonus":"TRANSFORM_TWO_CARDS","is_daily":false,"chose_seed":false,"campfire_upgraded":6,"win_rate":0.0,"timestamp":1609146798,"path_taken":["M","?","M","M","?","R","E","?","T","M","R","M","E","?","R","BOSS","M","M","$","M","?","R","?","M","T","R","E","?","E","M","R","BOSS","M","M","M","$","?","R","?","E","T","?","?","M","E","M","R","BOSS"],"items_purchased_type":["Card","Relic","Relic","Card","Card"],"build_version":"2020-12-22","purchased_purges":2,"victory":false,"max_hp_per_floor":[75,75,75,75,75,75,75,75,75,75,75,75,75,75,75,75,75,75,75,75,75,75,75,75,75,75,75,75,75,75,75,75,75,75,75,75,75,75,75,75,75,75,75,75,75,75,75,75,75,75,75],"card_choices":[{"not_picked":["Beam Cell","Steam"],"picked":"Chaos","floor":1.0},{"not_picked":["Double Energy","Reprogram"],"picked":"Ball Lightning","floor":3.0},{"not_picked":["Leap","Self Repair"],"picked":"Cold Snap","floor":4.0},{"not_picked":["Sweeping Beam","Seek"],"picked":"Defragment","floor":7.0},{"not_picked":["Hello World","Sweeping Beam"],"picked":"Compile Driver","floor":8.0},{"not_picked":["Rebound","Reprogram","Hologram"],"picked":"SKIP","floor":10.0},{"not_picked":["Consume","Sweeping Beam"],"picked":"Conserve Battery","floor":13.0},{"not_picked":["Core Surge","Hyperbeam"],"picked":"Electrodynamics","floor":16.0},{"not_picked":["Chaos","Consume+1"],"picked":"Self Repair+1","floor":18.0},{"not_picked":["Rebound","Cold Snap","Stack+1"],"picked":"SKIP","floor":19.0},{"not_picked":["Stack+1","Genetic Algorithm","Force Field"],"picked":"SKIP","floor":21.0},{"not_picked":["Doom and Gloom+1","Rebound"],"picked":"Fission","floor":24.0},{"not_picked":["Heatsinks","Tempest"],"picked":"Redo+1","floor":25.0},{"not_picked":["Go for the Eyes","Gash","Aggregate"],"picked":"SKIP","floor":28.0},{"not_picked":["Melter","Electrodynamics"],"picked":"FTL+1","floor":30.0},{"not_picked":["Compile Driver+1","Hologram","Rebound"],"picked":"SKIP","floor":31.0},{"not_picked":["Hyperbeam","All For One"],"picked":"Biased Cognition","floor":33.0},{"not_picked":["Streamline","Sweeping Beam+1","Recycle+1"],"picked":"SKIP","floor":35.0},{"not_picked":["Gash+1","Barrage+1","Rebound"],"picked":"SKIP","floor":36.0},{"not_picked":["Storm","Biased Cognition","Sunder+1"],"picked":"SKIP","floor":37.0},{"not_picked":["Force Field+1","Static Discharge","Compile Driver"],"picked":"SKIP","floor":42},{"not_picked":["Deep Breath","Dark Shackles"],"picked":"Enlightenment","floor":45},{"not_picked":["Gash","Conserve Battery+1","Streamline"],"picked":"SKIP","floor":46},{"not_picked":["Stack","Scrape+1"],"picked":"Skim+1","floor":47},{"not_picked":["Turbo","Ball Lightning","Rebound+1"],"picked":"SKIP","floor":48}],"player_experience":822243,"relics_obtained":[{"floor":7.0,"key":"Vajra"},{"floor":9.0,"key":"PreservedInsect"},{"floor":13.0,"key":"Toy Ornithopter"},{"floor":26.0,"key":"Blood Vial"},{"floor":28.0,"key":"Smiling Mask"},{"floor":30.0,"key":"Emotion Chip"},{"floor":41,"key":"Unceasing Top"},{"floor":42,"key":"MealTicket"},{"floor":42,"key":"Omamori"},{"floor":43,"key":"Mercury Hourglass"},{"floor":47,"key":"InkBottle"},{"floor":47,"key":"Centennial Puzzle"}],"event_choices":[{"damage_healed":0.0,"max_hp_gain":0.0,"max_hp_loss":0.0,"gold_gain":0.0,"event_name":"Living Wall","player_choice":"Grow","floor":2.0,"gold_loss":0.0,"damage_taken":0.0,"cards_upgraded":["Chaos"]},{"damage_healed":0.0,"max_hp_gain":0.0,"max_hp_loss":0.0,"gold_gain":0.0,"event_name":"Upgrade Shrine","player_choice":"Upgraded","floor":5.0,"gold_loss":0.0,"damage_taken":0.0,"cards_upgraded":["Dualcast"]},{"damage_healed":0.0,"max_hp_gain":0.0,"max_hp_loss":0.0,"gold_gain":0.0,"event_name":"FaceTrader","player_choice":"Trade","floor":14.0,"gold_loss":0.0,"damage_taken":0.0,"relics_obtained":["CultistMask"]},{"damage_healed":0.0,"max_hp_gain":0.0,"max_hp_loss":0.0,"gold_gain":0.0,"event_name":"WeMeetAgain","player_choice":"Paid Gold","floor":22.0,"gold_loss":115.0,"damage_taken":0.0,"relics_obtained":["Dream Catcher"]},{"damage_healed":0.0,"max_hp_gain":0.0,"max_hp_loss":0.0,"gold_gain":99.0,"event_name":"Nest","player_choice":"Stole From Cult","floor":29.0,"gold_loss":0.0,"damage_taken":0.0},{"damage_healed":0,"gold_gain":0,"player_choice":"Fight","damage_taken":0,"max_hp_gain":0,"max_hp_loss":0,"event_name":"Mysterious Sphere","floor":39,"gold_loss":0},{"damage_healed":0,"gold_gain":0,"player_choice":"Fight","damage_taken":0,"max_hp_gain":0,"max_hp_loss":0,"event_name":"MindBloom","floor":41,"gold_loss":0},{"cards_removed":["Cold Snap"],"damage_healed":0,"gold_gain":0,"player_choice":"Removed Attack","damage_taken":0,"max_hp_gain":0,"max_hp_loss":0,"event_name":"Falling","floor":44,"gold_loss":0},{"damage_healed":0,"gold_gain":0,"player_choice":"Memory 1","damage_taken":0,"max_hp_gain":0,"max_hp_loss":0,"event_name":"SensoryStone","floor":45,"gold_loss":0}],"is_beta":false,"boss_relics":[{"not_picked":["Fusion Hammer","Tiny House"],"picked":"Pandora\u0027s Box"},{"not_picked":["Calling Bell","Astrolabe"],"picked":"Black Star"}],"items_purged_floors":[20,38],"is_endless":false,"potions_floor_spawned":[4,7,8,13,24,31,36,37,46,47,48],"killed_by":"Time Eater","ascension_level":8}}