{"host":"wy4vwr4x0uqk666t","time":1609137089,"event":{"mods":["Aspiration","BaseMod","BetterRewards","Curses Come First","Defuse TimeMaze Blight","Downfall","Hubris","Infinite Spire","Jorbs\u0027s Wanderer Trilogy","Kalas","Minty Spire (QoL Compilation)","READ ME - Guardian Mod","Replay The Spire","StSLib","The Cursed","The Elementalist","The Jungle","The Runesmith","The Servant 0.9.4","The Spell Scribe"],"gold_per_floor":[115,130,142,218,234,234,260,275,275,300,300,300,300,321,321,449,449,468,487,487,511,532,532,532,532,555,594,594,509,544,568,568,699,799,817,817,832,848,863,906,605,655,655,655,688,688,688,777,777,777],"floor_reached":51,"playtime":2771,"items_purged":[],"score":1429,"play_id":"d0e7d85b-292e-481b-aa7a-868eb9c80450","local_time":"20201228073129","is_ascension_mode":true,"campfire_choices":[{"data":"Infinite Blades","floor":6,"key":"SMITH"},{"floor":12,"key":"REST"},{"floor":23,"key":"REST"},{"data":"J.A.X.","floor":25,"key":"SMITH"},{"floor":32,"key":"DIG"},{"floor":49,"key":"REST"}],"circlet_count":0,"master_deck":["Strike_G","Strike_G","Strike_G","Strike_G","Strike_G","Defend_G","Defend_G","Defend_G","Defend_G","Defend_G","Survivor","Neutralize","Draining Mist+1","PiercingWail+1","ReplayTheSpireMod:Speed Training","Die Die Die","Infinite Blades+1","Poisoned Stab","Blade Dance","All Out Attack","Hidden Blade","Corpse Explosion","ReplayTheSpireMod:The Works+1","Dagger Throw","Cloak And Dagger+1","J.A.X.+1","Replay:Bag of Tricks+1","infinitespire:TheBestDefense+1","Hidden Blade+1","Envenom","Envenom","PiercingWail+1","Backflip+1","Hidden Blade+1","Envenom"],"relics":["Ring of the Snake","NeowsBlessing","hubris:SlimyHat","Anchor","Tough Bandages","infinitespire:ShieldingShard","Golden Idol","hubris:RunicObelisk","GremlinMask","Toxic Egg 2","hubris:Macrotransations","hubris:KleinBottle","aspiration:HummingbirdHeart","hubris:DisguiseKit","HornCleat","Replay:Wanted Poster","Spirit Poop","Juzu Bracelet","aspiration:TomeofQuesting","hubris:EmptyBottle","Bottled Flame","hubris:Towel","PreservedInsect","infinitespire:EvilPickle","SlaversCollar","Replay:Baseball"],"acts_visited":["Exordium","TheCity","TheBeyond"],"potions_floor_usage":[7,10,16,16,27,27,27,33,45,45,45,45,45,50,50,50,50],"damage_taken":[{"damage":0,"enemies":"Jaw Worm","floor":1,"turns":1},{"damage":0,"enemies":"Small Slimes","floor":2,"turns":1},{"damage":0,"enemies":"Cultist","floor":3,"turns":1},{"damage":0,"enemies":"Large Slime","floor":5,"turns":8},{"damage":34,"enemies":"3 Sentries","floor":7,"turns":12},{"damage":1,"enemies":"Looter","floor":8,"turns":3},{"damage":0,"enemies":"Gremlin Nob","floor":10,"turns":2},{"damage":1,"enemies":"3 Louse","floor":14,"turns":2},{"damage":64,"enemies":"Fading Forest","floor":16,"turns":11},{"damage":5,"enemies":"Chosen","floor":18,"turns":6},{"damage":10,"enemies":"Shell Parasite","floor":19,"turns":7},{"damage":24,"enemies":"Shelled Parasite and Fungi","floor":21,"turns":7},{"damage":0,"enemies":"Cultist and Chosen","floor":22,"turns":5},{"damage":7,"enemies":"Slavers","floor":27,"turns":4},{"damage":0,"enemies":"Gremlin Leader","floor":30,"turns":7},{"damage":0,"enemies":"Snake Plant","floor":31,"turns":4},{"damage":1,"enemies":"Pondfish","floor":33,"turns":8},{"damage":0,"enemies":"3 Darklings","floor":35,"turns":2},{"damage":0,"enemies":"3 Shapes","floor":37,"turns":2},{"damage":3,"enemies":"Transient","floor":38,"turns":5},{"damage":0,"enemies":"Spire Growth","floor":39,"turns":3},{"damage":0,"enemies":"R_Hoarder","floor":40,"turns":6},{"damage":37,"enemies":"Giant Head","floor":45,"turns":7},{"damage":0,"enemies":"R_Hoarder","floor":48,"turns":6},{"damage":6,"enemies":"hubris:GrandSnecko","floor":50,"turns":7}],"seed_played":"1590482619296313197","potions_obtained":[{"floor":2,"key":"Regen Potion"},{"floor":3,"key":"Milkshake"},{"floor":8,"key":"infinitespire:BlackPotion"},{"floor":14,"key":"FearPotion"},{"floor":16,"key":"Weak Potion"},{"floor":19,"key":"Poison Potion"},{"floor":22,"key":"Guardian:BlockOnCardUsePotion"},{"floor":31,"key":"Reflective Coating"},{"floor":33,"key":"BlessingOfTheForge"},{"floor":37,"key":"Fire Potion"},{"floor":38,"key":"Fire Potion"},{"floor":46,"key":"Block Potion"},{"floor":46,"key":"Doom Potion"},{"floor":46,"key":"Block Potion"}],"is_trial":false,"path_per_floor":["M","M","M","?","M","R","E","M","T","E","?","R","?","M","R","B",null,"M","M","?","M","M","R","?","R","T","E","$","?","E","M","R","B",null,"M","?","M","M","M","E","$","?","T","?","E","?","AVR","E","R","B",null],"character_chosen":"THE_SILENT","items_purchased":["hubris:Macrotransations","hubris:KleinBottle","aspiration:TomeofQuesting","hubris:EmptyBottle"],"campfire_rested":3,"item_purchase_floors":[28,28,41,41],"current_hp_per_floor":[70,70,70,53,53,53,34,33,33,33,33,54,54,53,70,6,70,65,55,55,31,31,52,52,52,52,45,7,7,7,7,7,6,70,70,70,70,67,67,67,67,67,67,67,30,30,30,30,51,45],"gold":777,"neow_bonus":"THREE_ENEMY_KILL","is_daily":false,"chose_seed":false,"campfire_upgraded":2,"win_rate":0.0,"timestamp":1609137089,"path_taken":["M","M","M","?","?","R","E","M","T","E","?","R","?","M","R","BOSS","M","M","?","?","M","R","?","R","T","E","?","?","E","M","R","BOSS","M","?","M","M","?","E","$","?","T","?","E","?","AVR","E","R","BOSS"],"items_purchased_type":["Relic","Relic","Relic","Relic"],"build_version":"2020-12-22","purchased_purges":0,"victory":true,"max_hp_per_floor":[70,70,70,70,70,70,70,70,70,70,70,70,70,70,70,70,70,70,70,70,70,70,70,70,70,70,70,70,70,70,70,70,70,70,70,70,70,70,70,70,70,70,70,70,70,70,70,70,70,70],"card_choices":[{"not_picked":["PiercingWail","Bane"],"picked":"Draining Mist","floor":1},{"not_picked":["Outmaneuver","Quick Slash"],"picked":"PiercingWail","floor":2},{"not_picked":["All Out Attack","Hidden Blade"],"picked":"ReplayTheSpireMod:Speed Training","floor":3},{"not_picked":["hubris:Sniper","Expertise"],"picked":"Die Die Die","floor":4},{"not_picked":["Caltrops","Accuracy"],"picked":"Infinite Blades","floor":5},{"not_picked":["Deflect","Quick Slash"],"picked":"Poisoned Stab","floor":7},{"not_picked":["hubris:SlightOfHand","Dash"],"picked":"Blade Dance","floor":8},{"not_picked":["Finisher","Choke"],"picked":"All Out Attack","floor":10},{"not_picked":["Dodge and Roll","Prepared"],"picked":"Hidden Blade","floor":14},{"not_picked":["infinitespire:Neurotoxin","Bullet Time"],"picked":"Corpse Explosion","floor":16},{"not_picked":["Underhanded Strike","Flying Knee"],"picked":"ReplayTheSpireMod:The Works+1","floor":18},{"not_picked":["Underhanded Strike","Blade Dance"],"picked":"Dagger Throw","floor":19},{"not_picked":["Bane","Outmaneuver+1"],"picked":"Cloak And Dagger+1","floor":21},{"not_picked":["Sucker Punch","Dodge and Roll","Dash"],"picked":"SKIP","floor":22},{"not_picked":["Quick Slash+1","Dagger Spray"],"picked":"Replay:Bag of Tricks+1","floor":27},{"not_picked":["infinitespire:Menacing","infinitespire:UltimateForm"],"picked":"infinitespire:TheBestDefense","floor":28},{"not_picked":["Deflect+1","Dodge and Roll+1"],"picked":"Hidden Blade+1","floor":30},{"not_picked":["Poisoned Stab","Dagger Spray","champ:BladeFlurry"],"picked":"Envenom","floor":31},{"not_picked":["ReplayTheSpireMod:Necrosis+1","Replay:Bag of Tricks+1","champ:ShieldThrow"],"picked":"Envenom","floor":33},{"not_picked":["Concentrate+1","Skewer+1","champ:GladiatorsShout"],"picked":"PiercingWail+1","floor":35},{"not_picked":["Flechettes+1","Riddle With Holes","champ:FaceSlap"],"picked":"Backflip+1","floor":37},{"not_picked":["Dash+1","Bane","Tactician+1","champ:Circumvent"],"picked":"SKIP","floor":38},{"not_picked":["Blade Dance+1","PiercingWail+1","champ:GutPunch"],"picked":"Hidden Blade+1","floor":39},{"not_picked":["Quick Slash","Sucker Punch","hubris:SlightOfHand+1","champ:PerfectedStrike"],"picked":"SKIP","floor":40},{"not_picked":["Expertise+1","hubris:SlightOfHand+1","champ:DeathBlow"],"picked":"Envenom","floor":45},{"not_picked":["Bane","Dodge and Roll+1","A Thousand Cuts","champ:FalseCounter"],"picked":"SKIP","floor":48}],"player_experience":3709435,"relics_obtained":[{"floor":4,"key":"hubris:SlimyHat"},{"floor":7,"key":"Anchor"},{"floor":9,"key":"Tough Bandages"},{"floor":10,"key":"infinitespire:ShieldingShard"},{"floor":27,"key":"Toxic Egg 2"},{"floor":30,"key":"hubris:DisguiseKit"},{"floor":32,"key":"HornCleat"},{"floor":40,"key":"Juzu Bracelet"},{"floor":43,"key":"Bottled Flame"},{"floor":45,"key":"PreservedInsect"},{"floor":48,"key":"Replay:Baseball"}],"event_choices":[{"damage_healed":0,"gold_gain":0,"player_choice":"Grow","damage_taken":0,"max_hp_gain":0,"max_hp_loss":0,"event_name":"Living Wall","floor":11,"gold_loss":0,"cards_upgraded":["Draining Mist"]},{"damage_healed":0,"gold_gain":0,"player_choice":"Take Wound","damage_taken":0,"relics_obtained":["Golden Idol"],"max_hp_gain":0,"max_hp_loss":0,"event_name":"Golden Idol","floor":13,"gold_loss":0,"cards_obtained":["Injury"]},{"damage_healed":0,"gold_gain":0,"player_choice":"Trade","damage_taken":0,"relics_obtained":["GremlinMask"],"max_hp_gain":0,"max_hp_loss":0,"event_name":"FaceTrader","floor":20,"gold_loss":0},{"damage_healed":0,"gold_gain":0,"player_choice":"Obtain J.A.X.","damage_taken":0,"max_hp_gain":0,"max_hp_loss":0,"event_name":"Drug Dealer","floor":24,"gold_loss":0,"cards_obtained":["J.A.X."]},{"damage_healed":0,"gold_gain":0,"player_choice":"Obtained Relic","damage_taken":0,"relics_obtained":["aspiration:HummingbirdHeart"],"max_hp_gain":0,"max_hp_loss":0,"event_name":"Addict","floor":29,"gold_loss":85},{"cards_removed":["Injury"],"damage_healed":0,"gold_gain":0,"player_choice":"Offered Curse","damage_taken":0,"relics_obtained":["Spirit Poop"],"max_hp_gain":0,"max_hp_loss":0,"event_name":"Bonfire Elementals","floor":36,"gold_loss":0},{"damage_healed":0,"gold_gain":0,"player_choice":"Got Potions","damage_taken":0,"max_hp_gain":0,"max_hp_loss":0,"event_name":"Lab","floor":46,"gold_loss":0}],"is_beta":false,"boss_relics":[{"not_picked":["Kintsugi","Coffee Dripper"],"picked":"hubris:RunicObelisk"},{"not_picked":["hubris:ScarierMask","aspiration:RunicSpoon"],"picked":"Replay:Wanted Poster"}],"items_purged_floors":[],"is_endless":false,"potions_floor_spawned":[2,3,8,14,16,19,22,31,33,37,38,40,45,48],"ascension_level":3}}