{"host":"1637j8siz7lzgd5k","time":1609140467,"event":{"mods":["BaseMod","Colored Map","Minty Spire (QoL Compilation)","StSLib","SuperFastMode"],"gold_per_floor":[110,185,110,123,123,148,148,176,176,176,193,193,193,209,209,281,281,296,308,233,0,0],"floor_reached":21,"playtime":309,"items_purged":["Strike_P"],"score":445,"play_id":"018a1026-3f9a-429d-80e0-09c690904a6f","local_time":"20201228162747","is_ascension_mode":true,"campfire_choices":[{"data":"Eruption","floor":7.0,"key":"SMITH"},{"floor":10.0,"key":"REST"},{"data":"SandsOfTime","floor":13.0,"key":"SMITH"},{"data":"Vigilance","floor":15.0,"key":"SMITH"}],"circlet_count":0,"master_deck":["AscendersBane","Eruption+1","Vigilance+1","FearNoEvil","Conclude+1","SandsOfTime+1","Establishment","Indignation","Pray","Wireheading","Adaptation","CrushJoints"],"relics":["PureWater","NeowsBlessing","Sundial","Pantograph","Orichalcum","Pandora\u0027s Box"],"acts_visited":["Exordium","TheCity"],"potions_floor_usage":[],"damage_taken":[{"damage":0.0,"enemies":"Small Slimes","floor":1.0,"turns":1.0},{"damage":0.0,"enemies":"2 Louse","floor":4.0,"turns":1.0},{"damage":0.0,"enemies":"Gremlin Nob","floor":6.0,"turns":1.0},{"damage":22.0,"enemies":"Lagavulin","floor":8.0,"turns":6.0},{"damage":0.0,"enemies":"Cultist","floor":11.0,"turns":2.0},{"damage":2.0,"enemies":"Exordium Wildlife","floor":14.0,"turns":3.0},{"damage":0.0,"enemies":"Slime Boss","floor":16.0,"turns":4.0},{"damage":0,"enemies":"Chosen","floor":18,"turns":4},{"damage":25,"enemies":"Shell Parasite","floor":19,"turns":4},{"damage":0,"enemies":"Shell Parasite","floor":21,"turns":1}],"seed_played":"6581312909819843975","potions_obtained":[{"floor":4.0,"key":"LiquidMemories"},{"floor":6.0,"key":"BottledMiracle"},{"floor":8.0,"key":"CultistPotion"},{"floor":16.0,"key":"Strength Potion"}],"is_trial":false,"path_per_floor":["M","?","$","M","?","E","R","E","T","R","M","?","R","M","R","B",null,"M","M","?","?"],"character_chosen":"WATCHER","items_purchased":[],"campfire_rested":1,"item_purchase_floors":[],"current_hp_per_floor":[61,50,50,50,50,50,50,28,28,48,48,48,48,46,46,68,68,68,43,43,43,43],"gold":0,"neow_bonus":"THREE_ENEMY_KILL","is_daily":false,"chose_seed":false,"campfire_upgraded":3,"win_rate":0.0,"timestamp":1609140467,"path_taken":["M","?","$","M","?","E","R","E","T","R","M","?","R","?","R","BOSS","M","M","?","?"],"items_purchased_type":[],"build_version":"2020-12-22","purchased_purges":1,"victory":false,"max_hp_per_floor":[68,68,68,68,68,68,68,68,68,68,68,68,68,68,68,68,68,68,68,68,68,68],"card_choices":[{"not_picked":["Consecrate","DeceiveReality","Crescendo"],"picked":"SKIP","floor":1.0},{"not_picked":["ThirdEye","Prostrate","Swivel"],"picked":"SKIP","floor":4.0},{"not_picked":["Vengeance","Nirvana"],"picked":"Conclude","floor":6.0},{"not_picked":["Blasphemy","Protect","JustLucky"],"picked":"SKIP","floor":8.0},{"not_picked":["Consecrate","ThirdEye"],"picked":"SandsOfTime","floor":11.0},{"not_picked":["BowlingBash","SashWhip","Protect"],"picked":"SKIP","floor":14.0},{"not_picked":["Wish","Brilliance"],"picked":"Establishment","floor":16.0},{"not_picked":["WreathOfFlame","Evaluate","JustLucky"],"picked":"SKIP","floor":18},{"not_picked":["EmptyBody","ClearTheMind","ThirdEye"],"picked":"SKIP","floor":19}],"player_experience":823158,"relics_obtained":[{"floor":6.0,"key":"Sundial"},{"floor":8.0,"key":"Pantograph"},{"floor":9.0,"key":"Orichalcum"}],"event_choices":[{"damage_healed":0.0,"max_hp_gain":0.0,"max_hp_loss":0.0,"gold_gain":75.0,"event_name":"World of Goop","player_choice":"Gather Gold","floor":2.0,"gold_loss":0.0,"damage_taken":11.0},{"damage_healed":0.0,"max_hp_gain":0.0,"max_hp_loss":0.0,"gold_gain":0.0,"cards_transformed":["Strike_P"],"event_name":"Living Wall","player_choice":"Change","floor":5.0,"gold_loss":0.0,"damage_taken":0.0,"cards_obtained":["FearNoEvil"]},{"damage_healed":0.0,"max_hp_gain":0.0,"max_hp_loss":0.0,"gold_gain":0.0,"event_name":"Upgrade Shrine","player_choice":"Upgraded","floor":12.0,"gold_loss":0.0,"damage_taken":0.0,"cards_upgraded":["Conclude"]},{"cards_removed":["WaveOfTheHand"],"damage_healed":0,"gold_gain":0,"player_choice":"Gave Gold","damage_taken":0,"max_hp_gain":0,"max_hp_loss":0,"event_name":"Beggar","floor":20,"gold_loss":75},{"damage_healed":0,"gold_gain":0,"player_choice":"Paid Fearfully","damage_taken":0,"max_hp_gain":0,"max_hp_loss":0,"event_name":"Masked Bandits","floor":21,"gold_loss":233}],"is_beta":false,"boss_relics":[{"not_picked":["Black Star","Snecko Eye"],"picked":"Pandora\u0027s Box"}],"items_purged_floors":[3],"is_endless":false,"potions_floor_spawned":[4,6,8,16,18],"killed_by":"Shell Parasite","ascension_level":14}}