{"host":"a1eatafr7pisesky","time":1609167044,"event":{"mods":["BaseMod","Colored Map","DeckTracker","Highlight Path","Keyboard Shortcuts","Minty Spire (QoL Compilation)","Permanent Neow","Random Character Button","StSLib","SuperFastMode","everything is the same but u backflip on backflip"],"gold_per_floor":[113,38,38,48,48,83,83,93,161,177,212,212,228,260,260,359,359,378,378,477,496,242,242,252,252,278,311,311,311,324,337,337,435,435,454,469,469,344,362,362,380,160,234,234,234,234,284,299,299,299,299],"floor_reached":50,"playtime":1528,"items_purged":["Strike_B","Streamline","Sweeping Beam","Defend_B"],"score":657,"play_id":"afca107d-a8d8-4aa9-a197-0e0caea74e21","local_time":"20201228235044","is_ascension_mode":true,"campfire_choices":[{"data":"Dualcast","floor":7.0,"key":"SMITH"},{"floor":12.0,"key":"REST"},{"floor":15.0,"key":"REST"},{"floor":23.0,"key":"REST"},{"data":"Turbo","floor":25.0,"key":"SMITH"},{"floor":28.0,"key":"REST"},{"data":"Recycle","floor":32.0,"key":"SMITH"},{"floor":40.0,"key":"REST"},{"floor":46.0,"key":"REST"},{"floor":49.0,"key":"RECALL"}],"circlet_count":0,"master_deck":["Defend_B","Defend_B","Zap","Dualcast+1","White Noise","Compile Driver","Undo","Electrodynamics","Echo Form","Echo Form+1","White Noise+1","Thunder Strike+1","Turbo+1","Recycle+1","Go for the Eyes","Capacitor+1","Seek","Leap+1","Defragment","Storm+1"],"relics":["Cracked Core","NeowsBlessing","Bronze Scales","Darkstone Periapt","Shuriken","Bag of Preparation","DataDisk","Astrolabe","Toy Ornithopter","Oddly Smooth Stone","InkBottle","Sozu","Ornamental Fan","Mango"],"acts_visited":["Exordium","TheCity","TheBeyond"],"potions_floor_usage":[],"damage_taken":[{"damage":0.0,"enemies":"Small Slimes","floor":1.0,"turns":1.0},{"damage":0.0,"enemies":"Cultist","floor":4.0,"turns":1.0},{"damage":0.0,"enemies":"Lagavulin","floor":6.0,"turns":1.0},{"damage":8.0,"enemies":"2 Louse","floor":8.0,"turns":2.0},{"damage":0.0,"enemies":"Looter","floor":10.0,"turns":2.0},{"damage":20.0,"enemies":"3 Sentries","floor":11.0,"turns":3.0},{"damage":8.0,"enemies":"Large Slime","floor":13.0,"turns":5.0},{"damage":27.0,"enemies":"Lagavulin","floor":14.0,"turns":5.0},{"damage":19.0,"enemies":"The Guardian","floor":16.0,"turns":10.0},{"damage":38.0,"enemies":"Shell Parasite","floor":18.0,"turns":8.0},{"damage":17.0,"enemies":"Spheric Guardian","floor":21.0,"turns":4.0},{"damage":14.0,"enemies":"Centurion and Healer","floor":24.0,"turns":5.0},{"damage":33.0,"enemies":"Book of Stabbing","floor":27.0,"turns":5.0},{"damage":18.0,"enemies":"Snecko","floor":30.0,"turns":2.0},{"damage":0.0,"enemies":"Chosen and Byrds","floor":31.0,"turns":3.0},{"damage":14.0,"enemies":"Collector","floor":33.0,"turns":6.0},{"damage":31.0,"enemies":"3 Darklings","floor":35.0,"turns":3.0},{"damage":0.0,"enemies":"Orb Walker","floor":36.0,"turns":3.0},{"damage":0.0,"enemies":"Jaw Worm Horde","floor":39.0,"turns":3.0},{"damage":21.0,"enemies":"Sphere and 2 Shapes","floor":41.0,"turns":4.0},{"damage":0.0,"enemies":"Mind Bloom Boss Battle","floor":47.0,"turns":8.0},{"damage":16.0,"enemies":"3 Darklings","floor":48.0,"turns":3.0},{"damage":48,"enemies":"Awakened One","floor":50,"turns":5}],"seed_played":"6216064458759030133","potions_obtained":[{"floor":6.0,"key":"Regen Potion"},{"floor":10.0,"key":"Fire Potion"},{"floor":13.0,"key":"DistilledChaos"},{"floor":27.0,"key":"Ancient Potion"},{"floor":30.0,"key":"Fire Potion"}],"is_trial":false,"path_per_floor":["M","$","?","M","$","E","R","M","T","M","E","R","M","E","R","B",null,"M","?","?","M","$","R","M","R","T","E","R","?","M","M","R","B",null,"M","M","?","$","M","R","M","$","T","T","?","R","?","M","R","B"],"character_chosen":"DEFECT","items_purchased":["Toy Ornithopter","Defragment"],"campfire_rested":6,"item_purchase_floors":[22,42],"current_hp_per_floor":[68,68,68,68,68,68,68,60,60,60,40,62,54,27,49,30,64,26,26,26,9,9,31,36,36,36,3,25,25,7,7,7,8,58,27,27,27,27,27,49,28,28,28,28,28,50,64,48,48,0,0],"gold":299,"neow_bonus":"THREE_ENEMY_KILL","is_daily":false,"chose_seed":false,"campfire_upgraded":3,"win_rate":0.0,"timestamp":1609167044,"path_taken":["M","$","?","M","?","E","R","M","T","?","E","R","M","E","R","BOSS","M","?","?","M","$","R","M","R","T","E","R","?","M","?","R","BOSS","M","M","?","$","?","R","M","$","T","?","?","R","?","M","R","BOSS"],"items_purchased_type":["Relic","Card"],"build_version":"2020-12-22","purchased_purges":4,"victory":false,"max_hp_per_floor":[75,75,75,75,75,75,75,75,75,75,75,75,75,75,75,75,75,75,75,75,75,75,75,75,75,75,75,75,75,75,75,75,75,75,75,75,75,75,75,75,75,75,75,75,75,75,89,89,89,89,89],"card_choices":[{"not_picked":["FTL","Barrage"],"picked":"Conserve Battery","floor":1.0},{"not_picked":["Rip and Tear","Blizzard"],"picked":"White Noise","floor":4.0},{"not_picked":["White Noise","Hello World"],"picked":"Compile Driver","floor":6.0},{"not_picked":["Fusion","Steam"],"picked":"Streamline","floor":8.0},{"not_picked":["Loop","Genetic Algorithm"],"picked":"Undo","floor":10.0},{"not_picked":["Auto Shields","Sweeping Beam"],"picked":"Electrodynamics","floor":11.0},{"not_picked":["Stack","Gash"],"picked":"Sweeping Beam","floor":13.0},{"not_picked":["Melter","Fusion","Barrage"],"picked":"SKIP","floor":14.0},{"not_picked":["Seek","Hyperbeam"],"picked":"Echo Form","floor":16.0},{"not_picked":["Coolheaded","Redo+1","Streamline"],"picked":"SKIP","floor":18.0},{"not_picked":["Gash","Melter","Go for the Eyes"],"picked":"SKIP","floor":21.0},{"not_picked":["Sweeping Beam+1","Hologram"],"picked":"Turbo","floor":24.0},{"not_picked":["Buffer","Electrodynamics"],"picked":"Recycle","floor":27.0},{"not_picked":["Darkness","Cold Snap"],"picked":"Capacitor+1","floor":30.0},{"not_picked":["Go for the Eyes","Redo+1","Rip and Tear"],"picked":"SKIP","floor":31.0},{"not_picked":["Meteor Strike","Hyperbeam"],"picked":"Seek","floor":33.0},{"not_picked":["Sunder+1","Genetic Algorithm"],"picked":"Barrage","floor":35.0},{"not_picked":["Sweeping Beam+1","Fusion","Steam"],"picked":"SKIP","floor":36.0},{"not_picked":["Ball Lightning","Doom and Gloom+1","Genetic Algorithm+1"],"picked":"SKIP","floor":39.0},{"not_picked":["Steam","Coolheaded+1"],"picked":"Leap+1","floor":41.0},{"not_picked":["BootSequence","Chill"],"picked":"Storm+1","floor":47.0},{"not_picked":["Hologram","Recycle","Redo+1"],"picked":"SKIP","floor":48.0}],"player_experience":265830,"relics_obtained":[{"floor":6.0,"key":"Darkstone Periapt"},{"floor":9.0,"key":"Shuriken"},{"floor":11.0,"key":"Bag of Preparation"},{"floor":14.0,"key":"DataDisk"},{"floor":26.0,"key":"Oddly Smooth Stone"},{"floor":27.0,"key":"InkBottle"},{"floor":43.0,"key":"Meat on the Bone"},{"floor":44.0,"key":"Ornamental Fan"},{"floor":47.0,"key":"Mango"}],"event_choices":[{"cards_removed":["Conserve Battery"],"damage_healed":0.0,"max_hp_gain":0.0,"max_hp_loss":0.0,"gold_gain":0.0,"event_name":"WeMeetAgain","player_choice":"Gave Card","floor":3.0,"gold_loss":0.0,"damage_taken":0.0,"relics_obtained":["Bronze Scales"]},{"damage_healed":0.0,"max_hp_gain":0.0,"max_hp_loss":0.0,"gold_gain":0.0,"event_name":"Vampires","player_choice":"Ignored","floor":19.0,"gold_loss":0.0,"damage_taken":0.0},{"damage_healed":0.0,"max_hp_gain":0.0,"max_hp_loss":0.0,"gold_gain":99.0,"event_name":"Nest","player_choice":"Stole From Cult","floor":20.0,"gold_loss":0.0,"damage_taken":0.0},{"damage_healed":0.0,"max_hp_gain":0.0,"max_hp_loss":0.0,"gold_gain":0.0,"cards_transformed":["Strike_B"],"event_name":"Transmorgrifier","player_choice":"Transformed","floor":29.0,"gold_loss":0.0,"damage_taken":0.0,"cards_obtained":["Go for the Eyes"]},{"damage_healed":0.0,"max_hp_gain":0.0,"max_hp_loss":0.0,"gold_gain":0.0,"event_name":"SecretPortal","player_choice":"Ignored","floor":37.0,"gold_loss":0.0,"damage_taken":0.0},{"cards_removed":["Barrage"],"damage_healed":0.0,"max_hp_gain":0.0,"max_hp_loss":0.0,"gold_gain":0.0,"event_name":"Falling","player_choice":"Removed Attack","floor":45.0,"gold_loss":0.0,"damage_taken":0.0},{"damage_healed":0.0,"max_hp_gain":0.0,"max_hp_loss":0.0,"gold_gain":0.0,"event_name":"MindBloom","player_choice":"Fight","floor":47.0,"gold_loss":0.0,"damage_taken":0.0}],"is_beta":false,"boss_relics":[{"not_picked":["Philosopher\u0027s Stone","Runic Dome"],"picked":"Astrolabe"},{"not_picked":["SacredBark","Coffee Dripper"],"picked":"Sozu"}],"items_purged_floors":[2,22,38,42],"is_endless":false,"potions_floor_spawned":[6,10,13,21,27,30,31,35,39,47],"killed_by":"Awakened One","ascension_level":6}}