{"host":"2461dio7vetlq1z3","time":1609158508,"event":{"mods":["2.2 Compatiblity","AchievementEnabler","Aspiration","BaseMod","Better Third Choice","Friendly Minions","Hermit","Marisa????????","Minty Spire (QoL Compilation)","Relic Stats","Spicy Shops","StSLib","Waifu the Spire"],"gold_per_floor":[119,119,142,165,190,190,233,1,24,24,24,24],"floor_reached":11,"playtime":408,"items_purged":["Strike_G","Strike_G"],"score":142,"play_id":"f2ca7dcf-639b-49c6-9626-ea4a51b59937","local_time":"20201228132828","is_ascension_mode":true,"campfire_choices":[{"data":"Cloak And Dagger","floor":6,"key":"SMITH"},{"data":"Accuracy","floor":10,"key":"SMITH"}],"circlet_count":0,"master_deck":["AscendersBane","Strike_G","Strike_G","Defend_G","Defend_G","Defend_G","Defend_G","Defend_G","Survivor","Neutralize","Infinite Blades","Underhanded Strike","PiercingWail","Cloak And Dagger+1","Accuracy+1","Footwork"],"relics":["Ring of the Snake","CeramicFish","Omamori","Anchor"],"acts_visited":["Exordium"],"potions_floor_usage":[7,11,11],"damage_taken":[{"damage":8,"enemies":"Cultist","floor":1,"turns":5},{"damage":4,"enemies":"Jaw Worm","floor":4,"turns":6},{"damage":1,"enemies":"Small Slimes","floor":5,"turns":4},{"damage":25,"enemies":"3 Sentries","floor":7,"turns":12},{"damage":47,"enemies":"Gremlin Nob","floor":11,"turns":4}],"seed_played":"-4619961907903666650","potions_obtained":[{"floor":1,"key":"Poison Potion"},{"floor":4,"key":"Swift Potion"},{"floor":7,"key":"EssenceOfSteel"}],"is_trial":false,"path_per_floor":["M","?","T","M","M","R","E","$","T","R","E"],"character_chosen":"THE_SILENT","items_purchased":["Footwork"],"campfire_rested":0,"item_purchase_floors":[8],"current_hp_per_floor":[57,57,57,53,52,52,27,27,27,27,0,0],"gold":24,"neow_bonus":"TEN_PERCENT_HP_BONUS","is_daily":false,"chose_seed":false,"campfire_upgraded":2,"win_rate":0.0,"timestamp":1609158508,"path_taken":["M","?","?","M","?","R","E","$","T","R","E"],"items_purchased_type":["Card"],"build_version":"2020-12-22","purchased_purges":2,"victory":false,"max_hp_per_floor":[72,72,72,72,72,72,72,72,72,72,72,72],"relic_stats":{"counters":[5,31],"CeramicFish":36,"obtain_stats":[{"Anchor":9,"CeramicFish":3,"Omamori":7,"Ring of the Snake":0},{"Anchor":4,"CeramicFish":1,"Omamori":4,"Ring of the Snake":0},{"Anchor":27,"CeramicFish":5,"Omamori":27,"Ring of the Snake":0}],"Ring of the Snake":[10]},"card_choices":[{"not_picked":["Escape Plan","Catalyst"],"picked":"Infinite Blades","floor":1},{"not_picked":["Backflip","Catalyst"],"picked":"PiercingWail","floor":4},{"not_picked":["Bane","Deflect"],"picked":"Cloak And Dagger","floor":5},{"not_picked":["Sucker Punch","Bane"],"picked":"Accuracy","floor":7}],"player_experience":1067250,"relics_obtained":[{"floor":3,"key":"CeramicFish"},{"floor":7,"key":"Omamori"},{"floor":9,"key":"Anchor"}],"event_choices":[{"damage_healed":0,"gold_gain":0,"cards_transformed":["Strike_G"],"player_choice":"Change","damage_taken":0,"max_hp_gain":0,"max_hp_loss":0,"event_name":"Living Wall","floor":2,"gold_loss":0,"cards_obtained":["Underhanded Strike"]}],"is_beta":false,"boss_relics":[],"items_purged_floors":[8,8],"is_endless":false,"potions_floor_spawned":[1,4,7],"killed_by":"Gremlin Nob","ascension_level":20}}