{"host":"t23fbhw3492o5max","time":1609152103,"event":{"mods":["AchievementEnabler","BaseMod","Bestiary","Colored Map","Highlight Path","Minty Spire (QoL Compilation)","Relic Stats","everything is the same but u backflip on backflip"],"gold_per_floor":[110,110,285,300,187,218,293,293,293,326,343,362,160,190,190,287,287,304,59,59,75,91,91,125,125,125,140,140,156,156,171,171,273,273,285,298,312,11,11,11,63,79,106,106,132,149,33,52,52,52,52,52,25,54,54,54],"floor_reached":55,"playtime":4190,"items_purged":["Doubt","Strike_R"],"score":879,"play_id":"fded9ffb-5ee0-4bf2-b7a1-454a4b120676","local_time":"20201228104143","is_ascension_mode":true,"campfire_choices":[{"data":"Bash","floor":8,"key":"SMITH"},{"data":"Demon Form","floor":15,"key":"SMITH"},{"data":"Shrug It Off","floor":23,"key":"SMITH"},{"data":"Shrug It Off","floor":25,"key":"SMITH"},{"floor":28,"key":"REST"},{"data":"Clothesline","floor":30,"key":"SMITH"},{"floor":32,"key":"RECALL"},{"floor":40,"key":"REST"},{"floor":44,"key":"REST"},{"floor":49,"key":"REST"},{"data":"Heavy Blade","floor":52,"key":"SMITH"}],"circlet_count":0,"master_deck":["Strike_R","Strike_R","Strike_R","Strike_R","Defend_R","Defend_R","Defend_R","Defend_R","Bash+1","Thunderclap","Clothesline+1","Brutality","Iron Wave","Dropkick","Shrug It Off+1","Demon Form+1","Reaper","Armaments","Cleave+1","Shrug It Off+1","Reckless Charge+1","Anger+1","Rupture+1","Rage+1","Offering","Reckless Charge","Seeing Red","Heavy Blade+1","Rupture","Spot Weakness","Heavy Blade","Headbutt","Rage+1","Battle Trance","Entrench+1"],"relics":["Burning Blood","NeowsBlessing","Lantern","The Courier","Vajra","Sling","StoneCalendar","Runic Cube","Bronze Scales","Bag of Marbles","Oddly Smooth Stone","Potion Belt","Mark of Pain","Meat on the Bone","Blood Vial","Shuriken","Bag of Preparation","Orichalcum"],"acts_visited":["Exordium","TheCity","TheBeyond","TheEnding"],"potions_floor_usage":[10,16,18,20,24,36,36,42,48,50,50,55],"damage_taken":[{"damage":0,"enemies":"Small Slimes","floor":1,"turns":1},{"damage":0,"enemies":"2 Louse","floor":4,"turns":1},{"damage":0,"enemies":"Lagavulin","floor":6,"turns":1},{"damage":20,"enemies":"Gremlin Nob","floor":10,"turns":4},{"damage":4,"enemies":"Jaw Worm","floor":11,"turns":3},{"damage":9,"enemies":"3 Louse","floor":12,"turns":3},{"damage":24,"enemies":"Lagavulin","floor":14,"turns":5},{"damage":32,"enemies":"Slime Boss","floor":16,"turns":5},{"damage":36,"enemies":"Shell Parasite","floor":18,"turns":6},{"damage":15,"enemies":"Chosen","floor":21,"turns":5},{"damage":31,"enemies":"Snecko","floor":22,"turns":5},{"damage":23,"enemies":"Book of Stabbing","floor":24,"turns":5},{"damage":21,"enemies":"Shelled Parasite and Fungi","floor":27,"turns":4},{"damage":22,"enemies":"3 Cultists","floor":29,"turns":4},{"damage":0,"enemies":"Snecko","floor":31,"turns":4},{"damage":43,"enemies":"Champ","floor":33,"turns":6},{"damage":21,"enemies":"Orb Walker","floor":35,"turns":3},{"damage":20,"enemies":"3 Darklings","floor":36,"turns":3},{"damage":64,"enemies":"Sphere and 2 Shapes","floor":37,"turns":7},{"damage":38,"enemies":"Writhing Mass","floor":42,"turns":5},{"damage":41,"enemies":"Reptomancer","floor":45,"turns":5},{"damage":22,"enemies":"Transient","floor":46,"turns":5},{"damage":44,"enemies":"Spire Growth","floor":48,"turns":4},{"damage":83,"enemies":"Time Eater","floor":50,"turns":7},{"damage":56,"enemies":"Shield and Spear","floor":54,"turns":5},{"damage":76,"enemies":"The Heart","floor":55,"turns":3}],"seed_played":"2509529233120460716","potions_obtained":[{"floor":4,"key":"ColorlessPotion"},{"floor":6,"key":"ColorlessPotion"},{"floor":11,"key":"Energy Potion"},{"floor":14,"key":"Fire Potion"},{"floor":18,"key":"FairyPotion"},{"floor":20,"key":"Fruit Juice"},{"floor":20,"key":"Explosive Potion"},{"floor":29,"key":"Fire Potion"},{"floor":33,"key":"Dexterity Potion"},{"floor":36,"key":"Block Potion"},{"floor":42,"key":"Dexterity Potion"},{"floor":45,"key":"Swift Potion"},{"floor":48,"key":"Block Potion"}],"is_trial":false,"path_per_floor":["M","?","?","M","$","E","?","R","T","E","M","M","$","E","R","B",null,"M","$","?","M","M","R","E","R","T","M","R","M","R","M","R","B",null,"M","M","M","$","?","R","T","M","T","R","E","M","$","M","R","B",null,"R","$","E","B"],"character_chosen":"IRONCLAD","items_purchased":["Dark Embrace","Sling","Bronze Scales","Bag of Marbles","Meat on the Bone","Heavy Blade","Rupture","Bag of Preparation","Battle Trance"],"campfire_rested":4,"item_purchase_floors":[5,13,19,19,38,38,38,47,53],"current_hp_per_floor":[80,85,85,85,85,85,85,85,85,71,73,70,70,52,52,26,85,55,55,60,58,40,40,33,33,33,35,62,60,60,66,66,49,90,75,76,18,18,18,45,45,25,25,52,44,57,57,40,67,58,90,90,90,59,0,0],"gold":54,"neow_bonus":"THREE_ENEMY_KILL","is_daily":false,"chose_seed":false,"campfire_upgraded":6,"win_rate":0.0,"timestamp":1609152103,"path_taken":["M","?","?","M","?","E","?","R","T","E","M","M","$","E","R","BOSS","M","$","?","?","M","R","E","R","T","M","R","M","R","M","R","BOSS","M","M","?","$","?","R","?","?","T","R","E","M","$","M","R","BOSS","R","$","E","BOSS"],"items_purchased_type":["Card","Relic","Relic","Relic","Relic","Card","Card","Relic","Card"],"build_version":"2020-12-22","purchased_purges":2,"victory":false,"max_hp_per_floor":[80,85,85,85,85,85,85,85,85,85,85,85,85,85,85,85,85,85,85,90,90,90,90,90,90,90,90,90,90,90,90,90,90,90,90,90,90,90,90,90,90,90,90,90,90,90,90,90,90,90,90,90,90,90,90,90],"relic_stats":{"Blood Vial":10,"counters":[26,109],"Shuriken":[12],"Bronze Scales":[240],"StoneCalendar":[0],"Bag of Preparation":[8],"Orichalcum":[0],"obtain_stats":[{"Potion Belt":26,"Lantern":6,"NeowsBlessing":0,"Vajra":10,"Oddly Smooth Stone":24,"StoneCalendar":14,"The Courier":9,"Bag of Preparation":47,"Orichalcum":54,"Sling":13,"Burning Blood":0,"Blood Vial":43,"Shuriken":45,"Bronze Scales":19,"Mark of Pain":34,"Bag of Marbles":19,"Runic Cube":17,"Meat on the Bone":38},{"Potion Belt":12,"Lantern":3,"NeowsBlessing":0,"Vajra":4,"Oddly Smooth Stone":12,"StoneCalendar":7,"The Courier":3,"Bag of Preparation":22,"Orichalcum":25,"Sling":6,"Burning Blood":0,"Blood Vial":20,"Shuriken":21,"Bronze Scales":9,"Mark of Pain":16,"Bag of Marbles":9,"Runic Cube":8,"Meat on the Bone":19},{"Potion Belt":44,"Lantern":3,"NeowsBlessing":0,"Vajra":7,"Oddly Smooth Stone":44,"StoneCalendar":18,"The Courier":3,"Bag of Preparation":90,"Orichalcum":106,"Sling":13,"Burning Blood":0,"Blood Vial":80,"Shuriken":85,"Bronze Scales":29,"Mark of Pain":62,"Bag of Marbles":29,"Runic Cube":23,"Meat on the Bone":75}],"Burning Blood":132,"Runic Cube":[112],"Meat on the Bone":72},"card_choices":[{"not_picked":["Clash","Sword Boomerang"],"picked":"Thunderclap","floor":1},{"not_picked":["Seeing Red","Pummel"],"picked":"Clothesline","floor":4},{"not_picked":["Sword Boomerang","Clothesline"],"picked":"Brutality","floor":6},{"not_picked":["Body Slam","Metallicize"],"picked":"Iron Wave","floor":10},{"not_picked":["Pommel Strike","Body Slam"],"picked":"Dropkick","floor":11},{"not_picked":["Clash","Havoc"],"picked":"Shrug It Off","floor":12},{"not_picked":["Evolve","Heavy Blade"],"picked":"Demon Form","floor":14},{"not_picked":["Barricade","Brutality"],"picked":"Reaper","floor":16},{"not_picked":["Fire Breathing","Twin Strike"],"picked":"Armaments","floor":18},{"not_picked":["Fire Breathing+1","True Grit"],"picked":"Cleave+1","floor":21},{"not_picked":["Barricade","Thunderclap"],"picked":"Shrug It Off","floor":22},{"not_picked":["Sword Boomerang+1","Whirlwind"],"picked":"Reckless Charge+1","floor":24},{"not_picked":["Clothesline+1","Flame Barrier"],"picked":"Anger+1","floor":27},{"not_picked":["Iron Wave","Wild Strike+1"],"picked":"Rupture+1","floor":29},{"not_picked":["Cleave+1","Havoc"],"picked":"Rage+1","floor":31},{"not_picked":["Demon Form","Barricade"],"picked":"Offering","floor":33},{"not_picked":["Blood for Blood","Iron Wave","Clash+1"],"picked":"SKIP","floor":35},{"not_picked":["Seeing Red","Body Slam"],"picked":"Reckless Charge","floor":36},{"not_picked":["Rampage","Warcry"],"picked":"Seeing Red","floor":37},{"not_picked":["Body Slam+1","Entrench+1"],"picked":"Spot Weakness","floor":42},{"not_picked":["Sword Boomerang+1","Reaper"],"picked":"Heavy Blade","floor":45},{"not_picked":["Whirlwind+1","Blood for Blood"],"picked":"Headbutt","floor":46},{"not_picked":["Body Slam+1","Pommel Strike+1"],"picked":"Rage+1","floor":48},{"not_picked":["Reckless Charge+1","Headbutt"],"picked":"Entrench+1","floor":54}],"player_experience":228596,"relics_obtained":[{"floor":6,"key":"Lantern"},{"floor":9,"key":"The Courier"},{"floor":10,"key":"Vajra"},{"floor":14,"key":"StoneCalendar"},{"floor":24,"key":"Oddly Smooth Stone"},{"floor":26,"key":"Potion Belt"},{"floor":43,"key":"Blood Vial"},{"floor":45,"key":"Shuriken"},{"floor":54,"key":"Orichalcum"}],"event_choices":[{"damage_healed":0,"gold_gain":0,"player_choice":"Donut","damage_taken":0,"max_hp_gain":5,"max_hp_loss":0,"event_name":"Big Fish","floor":2,"gold_loss":0},{"damage_healed":0,"gold_gain":175,"player_choice":"AGREE","damage_taken":0,"max_hp_gain":0,"max_hp_loss":0,"event_name":"Liars Game","floor":3,"gold_loss":0,"cards_obtained":["Doubt"]},{"damage_healed":0,"gold_gain":75,"player_choice":"Gained Gold","damage_taken":0,"max_hp_gain":0,"max_hp_loss":0,"event_name":"Golden Wing","floor":7,"gold_loss":0},{"damage_healed":0,"gold_gain":0,"player_choice":"Got Potions","damage_taken":0,"max_hp_gain":0,"max_hp_loss":0,"event_name":"Lab","floor":20,"gold_loss":0},{"cards_removed":["Dark Embrace"],"damage_healed":0,"gold_gain":0,"player_choice":"Removed Power","damage_taken":0,"max_hp_gain":0,"max_hp_loss":0,"event_name":"Falling","floor":39,"gold_loss":0}],"is_beta":false,"boss_relics":[{"not_picked":["Tiny House","Snecko Eye"],"picked":"Runic Cube"},{"not_picked":["Runic Pyramid","Fusion Hammer"],"picked":"Mark of Pain"}],"items_purged_floors":[5,13],"is_endless":false,"potions_floor_spawned":[4,6,11,14,18,21,29,33,36,42,45,48],"killed_by":"The Heart","ascension_level":4}}