{"host":"0luxfixkkfk9wck3","time":1609136453,"event":{"mods":["BaseMod","Downfall","Highlight Path","Minty Spire (QoL Compilation)","StSLib"],"gold_per_floor":[199,210,2,20,36,71,117,117,117,131,131,131,146,161,178,275,275,275,294,307,307,307],"floor_reached":21,"playtime":5599,"items_purged":[],"score":210,"play_id":"0a372dd1-2db6-4a1f-98e7-346d12b3ec33","local_time":"20201228002053","is_ascension_mode":true,"campfire_choices":[{"data":"sneckomod:SnekBite","floor":1,"key":"SMITH"},{"floor":8,"key":"REST"},{"floor":12,"key":"REST"},{"data":"sneckomod:TailWhip","floor":18,"key":"SMITH"}],"circlet_count":0,"master_deck":["sneckomod:Strike","sneckomod:Strike","sneckomod:Strike","sneckomod:Defend","sneckomod:Defend+1","sneckomod:Defend","sneckomod:TailWhip+1","sneckomod:SnekBite+1","sneckomod:Unknown","sneckomod:Unknown+1","sneckomod:QuickBite","sneckomod:Mudshield","Panache+1","sneckomod:UnknownBlock+1","sneckomod:SoulDraw","sneckomod:SoulRoll","Regret","sneckomod:SerpentIdol","sneckomod:Unknown0Cost","sneckomod:UnknownStrength","sneckomod:UnknownRarePower","sneckomod:UnknownClassPURPLE","sneckomod:QuickMove"],"relics":["sneckomod:SneckoSoul","Lantern","Akabeko","SacredBark"],"acts_visited":["Exordium","TheCity"],"potions_floor_usage":[10,20,21],"damage_taken":[{"damage":0,"enemies":"Cultist","floor":2,"turns":4},{"damage":2,"enemies":"downfall:FleeingMerchant","floor":3,"turns":4},{"damage":0,"enemies":"Small Slimes","floor":4,"turns":2},{"damage":9,"enemies":"Jaw Worm","floor":5,"turns":2},{"damage":38,"enemies":"3 Sentries","floor":6,"turns":7},{"damage":15,"enemies":"Lots of Slimes","floor":10,"turns":4},{"damage":3,"enemies":"2 Fungi Beasts","floor":13,"turns":3},{"damage":9,"enemies":"Blue Slaver","floor":14,"turns":3},{"damage":4,"enemies":"3 Louse","floor":15,"turns":3},{"damage":16,"enemies":"downfall:Ironclad","floor":16,"turns":12},{"damage":55,"enemies":"Chosen","floor":19,"turns":7},{"damage":39,"enemies":"Centurion and Healer","floor":20,"turns":7},{"damage":1,"enemies":"downfall:FleeingMerchant","floor":21,"turns":2}],"seed_played":"-552359325701819786","potions_obtained":[{"floor":4,"key":"GamblersBrew"},{"floor":5,"key":"sneckomod:CheatPotion"},{"floor":14,"key":"champ:CounterPotion"},{"floor":15,"key":"Weak Potion"},{"floor":20,"key":"GamblersBrew"}],"is_trial":false,"path_per_floor":["R","M","$","M","M","E","T","R","?","M","?","R","M","M","M","B",null,"R","M","M","$"],"character_chosen":"THE_SNECKO","items_purchased":["Panache"],"campfire_rested":2,"item_purchase_floors":[3],"current_hp_per_floor":[90,90,88,89,80,42,42,69,69,54,54,81,78,70,67,52,94,94,40,1,0,0],"gold":307,"neow_bonus":"HUNDRED_GOLD","is_daily":false,"chose_seed":false,"campfire_upgraded":2,"win_rate":0.0,"timestamp":1609136453,"path_taken":["R","M","$","?","M","E","T","R","?","M","?","R","M","?","M","BOSS","R","M","M","$"],"items_purchased_type":["Card"],"build_version":"2020-12-22","purchased_purges":0,"victory":false,"max_hp_per_floor":[90,90,90,91,91,91,91,91,91,91,91,91,91,92,93,94,94,94,95,95,95,95],"card_choices":[{"not_picked":["sneckomod:UnknownEthereal","sneckomod:UnknownCommonSkill"],"picked":"sneckomod:QuickBite","floor":2},{"not_picked":["sneckomod:UnknownCommonAttack","sneckomod:WideSting"],"picked":"sneckomod:Mudshield","floor":3},{"not_picked":["sneckomod:DiceBoulder","sneckomod:SlitherStrike"],"picked":"sneckomod:UnknownBlock","floor":4},{"not_picked":["sneckomod:RainOfDice","sneckomod:DiceBlock"],"picked":"sneckomod:SoulDraw","floor":5},{"not_picked":["sneckomod:DefensiveFlair","sneckomod:DiceCrush"],"picked":"sneckomod:SoulRoll","floor":6},{"not_picked":["sneckomod:UnknownClassPURPLE","sneckomod:UnknownStrike"],"picked":"sneckomod:SerpentIdol","floor":10},{"not_picked":["sneckomod:SoulRoll","sneckomod:UnknownStrike","sneckomod:RainOfDice"],"picked":"SKIP","floor":13},{"not_picked":["sneckomod:UnknownStrike","sneckomod:UnknownStrength"],"picked":"sneckomod:Unknown0Cost","floor":14},{"not_picked":["sneckomod:DiceCrush","sneckomod:CheapStock"],"picked":"sneckomod:UnknownStrength","floor":15},{"not_picked":["sneckomod:UnknownColorless","sneckomod:MorePower"],"picked":"sneckomod:UnknownRarePower","floor":16},{"not_picked":["sneckomod:DiceCrush+1","sneckomod:UnknownVulnerable"],"picked":"sneckomod:UnknownClassPURPLE","floor":19},{"not_picked":["sneckomod:WideSting","sneckomod:UnknownVulnerable"],"picked":"sneckomod:QuickMove","floor":20}],"player_experience":10773782,"relics_obtained":[{"floor":6,"key":"Lantern"},{"floor":7,"key":"Akabeko"}],"event_choices":[{"damage_healed":0,"gold_gain":0,"player_choice":"Forge","damage_taken":0,"max_hp_gain":0,"max_hp_loss":0,"event_name":"Accursed Blacksmith","floor":11,"gold_loss":0,"cards_upgraded":["Panache"]}],"is_beta":false,"boss_relics":[{"not_picked":["Runic Dome","Empty Cage"],"picked":"SacredBark"}],"items_purged_floors":[],"is_endless":false,"potions_floor_spawned":[4,5,14,15,20],"killed_by":"downfall:FleeingMerchant","ascension_level":3}}