{"host":"xumidyqji6pg2yy3","time":1609176002,"event":{"mods":["BaseMod","Highlight Path","Minty Spire (QoL Compilation)","StSLib","≤–¡Ù÷ÆŒÔ"],"gold_per_floor":[109,109,59,79,79,112,112,126,126,138,63,63,89,102,102,201,251,262,262,187,187,207,207,221,221,246,273,285,316,328,357,369,381,381],"floor_reached":33,"playtime":1562,"items_purged":["PlaceholderMod:BaseDefend"],"score":332,"play_id":"fc79f89a-8940-4db5-8895-80458d277453","local_time":"20201229012002","is_ascension_mode":false,"campfire_choices":[{"data":"PlaceholderMod:RadicalHit","floor":7.0,"key":"SMITH"},{"data":"PlaceholderMod:Crystallization","floor":12.0,"key":"SMITH"},{"data":"PlaceholderMod:TriggerStrike","floor":15.0,"key":"SMITH"},{"data":"PlaceholderMod:Hard","floor":23.0,"key":"SMITH"},{"data":"PlaceholderMod:DiffusionPoison","floor":25.0,"key":"SMITH"},{"data":"PlaceholderMod:GrowthForm","floor":30.0,"key":"SMITH"},{"data":"Ghostly","floor":32,"key":"SMITH"}],"circlet_count":0,"master_deck":["PlaceholderMod:BaseStrike+1","PlaceholderMod:BaseStrike+1","PlaceholderMod:BaseStrike","PlaceholderMod:BaseDefend+1","PlaceholderMod:BaseDefend+1","PlaceholderMod:Crystal","PlaceholderMod:PoisonWhip","PlaceholderMod:RadicalHit+1","PlaceholderMod:SeverePoisonStrike+1","PlaceholderMod:TriggerStrike+1","PlaceholderMod:Crystallization+1","PlaceholderMod:ChainPoly","PlaceholderMod:DiffusionPoison+1","PlaceholderMod:HealingAttack","PlaceholderMod:TriggerStrike","J.A.X.","PlaceholderMod:Hard+1","PlaceholderMod:CycleAttack","Ghostly+1","Ghostly","Ghostly","Ghostly","Ghostly","PlaceholderMod:GrowthForm+1"],"relics":["PlaceholderMod:Tancle","NeowsBlessing","Question Card","Orichalcum","Whetstone","Tiny House","MawBank"],"acts_visited":["Exordium","TheCity"],"potions_floor_usage":[],"damage_taken":[{"damage":0.0,"enemies":"Small Slimes","floor":1.0,"turns":1.0},{"damage":0.0,"enemies":"2 Louse","floor":4.0,"turns":1.0},{"damage":0.0,"enemies":"Lagavulin","floor":6.0,"turns":1.0},{"damage":3.0,"enemies":"Jaw Worm","floor":8.0,"turns":3.0},{"damage":0.0,"enemies":"Gremlin Gang","floor":10.0,"turns":5.0},{"damage":0.0,"enemies":"Gremlin Nob","floor":13.0,"turns":3.0},{"damage":0.0,"enemies":"Exordium Wildlife","floor":14.0,"turns":3.0},{"damage":6.0,"enemies":"Slime Boss","floor":16.0,"turns":11.0},{"damage":6.0,"enemies":"Chosen","floor":18.0,"turns":5.0},{"damage":30.0,"enemies":"3 Byrds","floor":22.0,"turns":5.0},{"damage":14.0,"enemies":"Sentry and Sphere","floor":24.0,"turns":5.0},{"damage":20.0,"enemies":"Centurion and Healer","floor":27.0,"turns":5.0},{"damage":0.0,"enemies":"3 Cultists","floor":29.0,"turns":5.0},{"damage":1,"enemies":"Sentry and Sphere","floor":31,"turns":5},{"damage":45,"enemies":"Collector","floor":33,"turns":6}],"seed_played":"6594131939510543616","potions_obtained":[{"floor":4.0,"key":"SneckoOil"},{"floor":8.0,"key":"Dexterity Potion"},{"floor":14.0,"key":"SneckoOil"},{"floor":17.0,"key":"Energy Potion"},{"floor":29.0,"key":"LiquidMemories"}],"is_trial":false,"path_per_floor":["M","?","?","M","?","E","R","M","T","M","$","R","E","M","R","B",null,"M","?","?","?","M","R","M","R","T","M","?","M","R","M","R","B"],"character_chosen":"THE_PLACEHOLDER","items_purchased":[],"campfire_rested":0,"item_purchase_floors":[],"current_hp_per_floor":[78,62,62,62,55,55,55,52,52,52,52,52,52,52,52,46,83,77,77,77,77,56,56,51,51,51,40,40,40,40,39,39,0,0],"gold":381,"neow_bonus":"THREE_ENEMY_KILL","is_daily":false,"chose_seed":false,"campfire_upgraded":7,"win_rate":0.0,"timestamp":1609176002,"path_taken":["M","?","?","M","?","E","R","M","T","M","$","R","E","M","R","BOSS","M","?","?","?","M","R","M","R","T","M","?","?","R","M","R","BOSS"],"items_purchased_type":[],"build_version":"2020-12-22","purchased_purges":1,"victory":false,"max_hp_per_floor":[78,78,78,78,78,78,78,78,78,78,78,78,78,78,78,78,83,83,83,83,83,83,83,83,83,83,83,41,41,41,41,41,41,41],"card_choices":[{"not_picked":["PlaceholderMod:Turn","PlaceholderMod:SpinBlade"],"picked":"PlaceholderMod:RadicalHit","floor":1.0},{"not_picked":["PlaceholderMod:Turn","PlaceholderMod:Polyp","PlaceholderMod:Break"],"picked":"SKIP","floor":4.0},{"not_picked":["PlaceholderMod:HardStrike","PlaceholderMod:SpinBlade"],"picked":"PlaceholderMod:SeverePoisonStrike","floor":6.0},{"not_picked":["PlaceholderMod:SpinBlade","PlaceholderMod:ProliferateStrike","PlaceholderMod:StressReaction"],"picked":"PlaceholderMod:TriggerStrike","floor":8.0},{"not_picked":["PlaceholderMod:OHStrongAttack","PlaceholderMod:Polyp","PlaceholderMod:DissolvingSpikes"],"picked":"PlaceholderMod:Crystallization","floor":10.0},{"not_picked":["PlaceholderMod:HardStinger","PlaceholderMod:PoisonExcitation","PlaceholderMod:DissolvingSpikes","PlaceholderMod:Break"],"picked":"SKIP","floor":13.0},{"not_picked":["PlaceholderMod:Polyp","PlaceholderMod:SeverePoisonStrike","PlaceholderMod:InnerSoften"],"picked":"PlaceholderMod:ChainPoly","floor":14.0},{"not_picked":["PlaceholderMod:DoublePoint","PlaceholderMod:AbsorbTouch","PlaceholderMod:MultiReaction"],"picked":"PlaceholderMod:DiffusionPoison","floor":16.0},{"not_picked":["PlaceholderMod:FastReaction","PlaceholderMod:Hyperplasia","PlaceholderMod:ConsolidateHit"],"picked":"PlaceholderMod:HealingAttack","floor":17.0},{"not_picked":["PlaceholderMod:Polyp","PlaceholderMod:PoisonAbsorb+1","PlaceholderMod:SpinBlade+1"],"picked":"PlaceholderMod:TriggerStrike","floor":18.0},{"not_picked":["PlaceholderMod:HornyBlast","PlaceholderMod:StrongAcid","PlaceholderMod:ChainPoly+1"],"picked":"PlaceholderMod:Hard","floor":22.0},{"not_picked":["PlaceholderMod:Internalization","PlaceholderMod:AttackAsDefend+1","PlaceholderMod:SevereHeat"],"picked":"PlaceholderMod:CycleAttack","floor":24.0},{"not_picked":["PlaceholderMod:DirectingGroup","PlaceholderMod:Hard+1","PlaceholderMod:Colorful+1","PlaceholderMod:SprayAttack"],"picked":"SKIP","floor":27.0},{"not_picked":["PlaceholderMod:AttackAsDefend+1","PlaceholderMod:EnergyAbsorb","PlaceholderMod:MultipleOxi+1"],"picked":"PlaceholderMod:GrowthForm","floor":29.0},{"not_picked":["PlaceholderMod:CrystallizationStrike","PlaceholderMod:PoisonExcitation","PlaceholderMod:StrongAcid","PlaceholderMod:Stratification"],"picked":"SKIP","floor":31}],"player_experience":52200,"relics_obtained":[{"floor":6.0,"key":"Question Card"},{"floor":9.0,"key":"Orichalcum"},{"floor":13.0,"key":"Whetstone"},{"floor":26.0,"key":"MawBank"}],"event_choices":[{"damage_healed":0.0,"max_hp_gain":0.0,"max_hp_loss":0.0,"gold_gain":0.0,"event_name":"Shining Light","player_choice":"Entered Light","floor":2.0,"gold_loss":0.0,"damage_taken":16.0,"cards_upgraded":["PlaceholderMod:BaseDefend","PlaceholderMod:BaseStrike"]},{"cards_removed":["PlaceholderMod:BaseStrike"],"damage_healed":0.0,"max_hp_gain":0.0,"max_hp_loss":0.0,"gold_gain":0.0,"event_name":"The Cleric","player_choice":"Card Removal","floor":3.0,"gold_loss":50.0,"damage_taken":0.0},{"cards_removed":["PlaceholderMod:BaseStrike"],"damage_healed":0.0,"max_hp_gain":0.0,"max_hp_loss":0.0,"gold_gain":0.0,"event_name":"Golden Wing","player_choice":"Card Removal","floor":5.0,"gold_loss":0.0,"damage_taken":7.0},{"damage_healed":0.0,"max_hp_gain":0.0,"max_hp_loss":0.0,"gold_gain":0.0,"event_name":"Drug Dealer","player_choice":"Obtain J.A.X.","floor":19.0,"gold_loss":0.0,"damage_taken":0.0,"cards_obtained":["J.A.X."]},{"cards_removed":["PlaceholderMod:BaseDefend"],"damage_healed":0.0,"max_hp_gain":0.0,"max_hp_loss":0.0,"gold_gain":0.0,"event_name":"Beggar","player_choice":"Gave Gold","floor":20.0,"gold_loss":75.0,"damage_taken":0.0},{"cards_removed":["PlaceholderMod:BaseDefend"],"damage_healed":0.0,"max_hp_gain":0.0,"max_hp_loss":0.0,"gold_gain":0.0,"event_name":"Back to Basics","player_choice":"Elegance","floor":21.0,"gold_loss":0.0,"damage_taken":0.0},{"damage_healed":0.0,"max_hp_gain":0.0,"max_hp_loss":42.0,"gold_gain":0.0,"event_name":"Ghosts","player_choice":"Became a Ghost","floor":28.0,"gold_loss":0.0,"damage_taken":0.0,"cards_obtained":["Ghostly","Ghostly","Ghostly","Ghostly","Ghostly"]}],"is_beta":false,"boss_relics":[{"not_picked":["SacredBark","Astrolabe"],"picked":"Tiny House"}],"items_purged_floors":[11],"is_endless":false,"potions_floor_spawned":[4,8,14,27,29],"killed_by":"Collector","ascension_level":0}}