{"host":"5bdt6s51dmpd4l3v","time":1609146332,"event":{"mods":["AchievementEnabler","BaseMod","Colored Map","Colored Powertips","Highlight Path","Minty Spire (QoL Compilation)","Quick Restart","Rare Cards Sparkle","StSLib"],"gold_per_floor":[111,59,78,78,97,97,122,122,148,148,165,178,14,31,31,104,104,124,124,141,33,33,33,33,33,33,33,48,68,68,68,68],"floor_reached":31,"playtime":672,"items_purged":[],"score":447,"play_id":"eff1bf7e-32fc-48d5-a9f7-351e08690443","local_time":"20201228170532","is_ascension_mode":true,"campfire_choices":[{"data":"Flex","floor":6.0,"key":"SMITH"},{"data":"Infernal Blade","floor":8.0,"key":"SMITH"},{"floor":10.0,"key":"REST"},{"data":"Armaments","floor":15.0,"key":"SMITH"},{"data":"Demon Form","floor":23,"key":"SMITH"},{"floor":25,"key":"REST"},{"data":"Whirlwind","floor":27,"key":"SMITH"}],"circlet_count":0,"master_deck":["AscendersBane","Strike_R+1","Strike_R+1","Strike_R+1","Strike_R+1","Strike_R+1","Defend_R+1","Defend_R+1","Defend_R+1","Defend_R+1","Bash","Dropkick","Flex+1","Infernal Blade+1","Pommel Strike","Headbutt","Sword Boomerang","Burning Pact","Armaments+1","Whirlwind+1","Demon Form+1","Seeing Red","Body Slam+1"],"relics":["Burning Blood","NeowsBlessing","Regal Pillow","Nunchaku","Orrery","Philosopher\u0027s Stone","Enchiridion","Toy Ornithopter"],"acts_visited":["Exordium","TheCity"],"potions_floor_usage":[20,28,29,29,29,29,31],"damage_taken":[{"damage":0.0,"enemies":"2 Louse","floor":1.0,"turns":1.0},{"damage":0.0,"enemies":"Cultist","floor":3.0,"turns":1.0},{"damage":0.0,"enemies":"Small Slimes","floor":5.0,"turns":1.0},{"damage":64.0,"enemies":"Gremlin Nob","floor":7.0,"turns":5.0},{"damage":0.0,"enemies":"Blue Slaver","floor":11.0,"turns":1.0},{"damage":11.0,"enemies":"Looter","floor":12.0,"turns":2.0},{"damage":12.0,"enemies":"2 Fungi Beasts","floor":14.0,"turns":3.0},{"damage":58.0,"enemies":"Slime Boss","floor":16.0,"turns":8.0},{"damage":8,"enemies":"3 Byrds","floor":18,"turns":4},{"damage":19,"enemies":"2 Thieves","floor":20,"turns":3},{"damage":32,"enemies":"Snecko","floor":28,"turns":4},{"damage":39,"enemies":"Shelled Parasite and Fungi","floor":29,"turns":3},{"damage":31,"enemies":"Gremlin Leader","floor":31,"turns":4}],"seed_played":"-5358360492226673956","potions_obtained":[{"floor":1.0,"key":"BloodPotion"},{"floor":3.0,"key":"Swift Potion"},{"floor":11.0,"key":"FearPotion"},{"floor":16.0,"key":"Ancient Potion"},{"floor":18,"key":"Dexterity Potion"},{"floor":20,"key":"Ancient Potion"}],"is_trial":false,"path_per_floor":["M","$","M","?","M","R","E","R","T","R","M","M","$","M","R","B",null,"M","$","M","$","?","R","?","R","T","R","M","M","?","E"],"character_chosen":"IRONCLAD","items_purchased":["Flex","Orrery","EntropicBrew"],"campfire_rested":2,"item_purchase_floors":[2,13,21],"current_hp_per_floor":[74,74,75,71,75,75,32,32,32,69,75,70,70,64,64,12,59,57,57,44,44,44,44,23,60,60,60,39,26,26,0,0],"gold":68,"neow_bonus":"THREE_ENEMY_KILL","is_daily":false,"chose_seed":false,"campfire_upgraded":5,"win_rate":0.0,"timestamp":1609146332,"path_taken":["M","$","M","?","M","R","E","R","T","R","M","?","?","M","R","BOSS","M","$","M","$","?","R","?","R","T","R","M","M","?","E"],"items_purchased_type":["Card","Relic","Potion"],"build_version":"2020-12-22","purchased_purges":0,"victory":false,"max_hp_per_floor":[75,75,75,75,75,75,75,75,75,75,75,75,75,75,75,75,75,75,75,75,75,75,75,75,75,75,75,75,75,75,75,75],"card_choices":[{"not_picked":["Power Through","Feel No Pain"],"picked":"Dropkick","floor":1.0},{"not_picked":["Wild Strike","Metallicize"],"picked":"Infernal Blade","floor":3.0},{"not_picked":["Intimidate","Iron Wave","Havoc"],"picked":"SKIP","floor":5.0},{"not_picked":["Bloodletting","Carnage"],"picked":"Pommel Strike","floor":7.0},{"not_picked":["Blood for Blood","True Grit","Perfected Strike"],"picked":"SKIP","floor":11.0},{"not_picked":["Clothesline","Dropkick"],"picked":"Headbutt","floor":12.0},{"not_picked":["Cleave","Searing Blow"],"picked":"Sword Boomerang","floor":13.0},{"not_picked":["Thunderclap","Fiend Fire"],"picked":"Burning Pact","floor":13.0},{"not_picked":["Warcry","Pommel Strike"],"picked":"Armaments","floor":13.0},{"not_picked":["Flex","Havoc"],"picked":"Whirlwind","floor":13.0},{"not_picked":["Cleave","Brutality","Flex"],"picked":"SKIP","floor":14.0},{"not_picked":["Corruption","Berserk"],"picked":"Demon Form","floor":16.0},{"not_picked":["Second Wind","Metallicize+1","Clothesline"],"picked":"SKIP","floor":18},{"not_picked":["Flex","Flame Barrier"],"picked":"Seeing Red","floor":20},{"not_picked":["Thunderclap","Rampage"],"picked":"Body Slam+1","floor":28},{"not_picked":["Thunderclap","Iron Wave","Metallicize"],"picked":"SKIP","floor":29}],"player_experience":272353,"relics_obtained":[{"floor":7.0,"key":"Regal Pillow"},{"floor":9.0,"key":"Nunchaku"},{"floor":24,"key":"Enchiridion"},{"floor":26,"key":"Toy Ornithopter"}],"event_choices":[{"damage_healed":0.0,"max_hp_gain":0.0,"max_hp_loss":0.0,"gold_gain":0.0,"event_name":"The Woman in Blue","player_choice":"Bought 0 Potions","floor":4.0,"gold_loss":0.0,"damage_taken":0.0},{"damage_healed":0,"gold_gain":0,"player_choice":"Obtained Book","damage_taken":21,"max_hp_gain":0,"max_hp_loss":0,"event_name":"Cursed Tome","floor":24,"gold_loss":0},{"damage_healed":0,"gold_gain":0,"player_choice":"Simplicity","damage_taken":0,"max_hp_gain":0,"max_hp_loss":0,"event_name":"Back to Basics","floor":30,"gold_loss":0,"cards_upgraded":["Strike_R","Strike_R","Strike_R","Strike_R","Strike_R","Defend_R","Defend_R","Defend_R","Defend_R"]}],"is_beta":false,"boss_relics":[{"not_picked":["Calling Bell","Astrolabe"],"picked":"Philosopher\u0027s Stone"}],"items_purged_floors":[],"is_endless":false,"potions_floor_spawned":[1,3,11,16,18,20],"killed_by":"Gremlin Leader","ascension_level":18}}