{"host":"bydnmyvf669xu6ab","time":1609191959,"event":{"mods":["Aspiration","BaseMod","Better Note","BetterRewards","Colored Map","Colored Powertips","Minty Spire (QoL Compilation)","Rare Cards Sparkle","Relic Stats","Shop Mod","StSLib","SuperFastMode","Virulent Crown"],"gold_per_floor":[117,43,60,60,78,78,96,96,96,96,371,389,389,72,72,177,177,197,149,509,522,522,522,60,60,60,135,185,201,45,77,77,175,175,186,37,87,87,101,131,148,148,148,148,179,179,179,194,194,194,194],"floor_reached":50,"playtime":2537,"items_purged":["Regret"],"score":737,"play_id":"b9f11f5b-7456-4ff5-abd9-4c214c563af8","local_time":"20201228134559","is_ascension_mode":true,"campfire_choices":[{"data":"Metallicize","floor":6,"key":"SMITH"},{"data":"Armaments","floor":8,"key":"SMITH"},{"data":"Inflame","floor":13,"key":"SMITH"},{"data":"Battle Trance","floor":15,"key":"SMITH"},{"floor":23,"key":"RECALL"},{"floor":25,"key":"REST"},{"floor":32,"key":"REST"},{"floor":42,"key":"REST"},{"floor":47,"key":"REST"},{"floor":49,"key":"REST"}],"circlet_count":0,"master_deck":["Strike_R","Strike_R","Strike_R+1","Strike_R","Defend_R","Defend_R","Defend_R","Defend_R","Bash+1","Rampage","Inflame+1","Shrug It Off+1","Fire Breathing","Metallicize+1","Headbutt","Seeing Red","Armaments+1","Battle Trance+1","Exhume","Fire Breathing","Cleave+1","Jack Of All Trades","Battle Trance+1","Spot Weakness","Clothesline+1","Demon Form","Pummel+1","Bloodletting+1","True Grit+1","Entrench","Parasite","Sword Boomerang+1","Flex+1"],"relics":["Burning Blood","PreservedInsect","Blood Vial","Bottled Lightning","Fusion Hammer","Happy Flower","Ginger","Lantern","Pantograph","Anchor","SlaversCollar","Whetstone","Charon\u0027s Ashes","Letter Opener","Mango"],"acts_visited":["Exordium","TheCity","TheBeyond"],"potions_floor_usage":[12,37,50],"damage_taken":[{"damage":1,"enemies":"2 Louse","floor":1,"turns":3},{"damage":11,"enemies":"Jaw Worm","floor":3,"turns":3},{"damage":0,"enemies":"Small Slimes","floor":5,"turns":3},{"damage":12,"enemies":"Red Slaver","floor":7,"turns":3},{"damage":18,"enemies":"Lots of Slimes","floor":12,"turns":4},{"damage":38,"enemies":"Slime Boss","floor":16,"turns":8},{"damage":9,"enemies":"Shell Parasite","floor":18,"turns":6},{"damage":1,"enemies":"Chosen","floor":21,"turns":4},{"damage":15,"enemies":"Snecko","floor":29,"turns":4},{"damage":39,"enemies":"Book of Stabbing","floor":31,"turns":5},{"damage":47,"enemies":"Automaton","floor":33,"turns":10},{"damage":35,"enemies":"3 Shapes","floor":35,"turns":4},{"damage":17,"enemies":"Mind Bloom Boss Battle","floor":37,"turns":6},{"damage":10,"enemies":"3 Darklings","floor":39,"turns":4},{"damage":35,"enemies":"Giant Head","floor":40,"turns":6},{"damage":13,"enemies":"Writhing Mass","floor":41,"turns":4},{"damage":22,"enemies":"Nemesis","floor":45,"turns":7},{"damage":64,"enemies":"Spire Growth","floor":48,"turns":6},{"damage":97,"enemies":"Donu and Deca","floor":50,"turns":6}],"seed_played":"-9168633020614591748","potions_obtained":[{"floor":1,"key":"ElixirPotion"},{"floor":3,"key":"Swift Potion"},{"floor":31,"key":"SteroidPotion"},{"floor":33,"key":"DistilledChaos"},{"floor":37,"key":"SpeedPotion"}],"is_trial":false,"path_per_floor":["M","$","M","?","M","R","M","R","T","?","?","M","R","$","R","B",null,"M","$","?","M","T","R","$","R","T","?","?","M","$","E","R","B",null,"M","$","?","$","M","E","M","R","T","?","E","?","R","M","R","B"],"character_chosen":"IRONCLAD","items_purchased":["PreservedInsect","Rampage","Inflame","Shrug It Off","Metallicize","Bottled Lightning","Battle Trance","Cleave","Ginger","Lantern","Spot Weakness","Whetstone"],"campfire_rested":5,"item_purchase_floors":[0,0,0,0,2,14,14,19,24,24,30,36],"current_hp_per_floor":[73,73,68,52,58,58,52,52,52,57,57,47,47,47,47,17,85,82,82,40,47,47,47,47,72,72,64,64,57,57,26,51,37,85,56,56,72,72,70,43,38,63,63,63,63,63,92,36,65,0,0],"gold":194,"neow_bonus":"","is_daily":false,"chose_seed":false,"campfire_upgraded":4,"win_rate":0.0,"timestamp":1609191959,"path_taken":["M","$","M","?","M","R","M","R","T","?","?","?","R","?","R","BOSS","M","$","?","M","?","R","?","R","T","?","?","M","$","E","R","BOSS","M","$","?","$","M","E","M","R","T","?","E","?","R","M","R","BOSS"],"items_purchased_type":["Relic","Card","Card","Card","Card","Relic","Card","Card","Relic","Relic","Card","Relic"],"build_version":"2020-12-22","purchased_purges":1,"victory":false,"max_hp_per_floor":[80,80,80,80,80,80,80,80,80,85,85,85,85,85,85,85,85,85,85,85,85,85,85,85,85,85,85,85,85,85,85,85,85,85,85,85,85,85,85,85,85,85,85,85,99,99,99,99,99,99,99],"relic_stats":{"Blood Vial":44,"Happy Flower":[20],"counters":[1062,5372],"Pantograph":75,"PreservedInsect":213,"Charon\u0027s Ashes":[71],"Ginger":[4],"Whetstone":["Bash","Cleave"],"Letter Opener":[45],"obtain_stats":[{"Ice Cream":49,"Calipers":10,"Tiny House":34,"Gremlin Horn":29,"Whetstone":19,"Ginger":24,"Boot":9,"Old Coin":43,"Blood Vial":4,"HornCleat":10,"DollysMirror":0,"Strawberry":10,"MealTicket":19,"Philosopher\u0027s Stone":17,"Fusion Hammer":17,"Kunai":31,"Toxic Egg 2":19,"Pear":7,"Happy Flower":22,"Blue Candle":44,"Oddly Smooth Stone":10,"Eternal Feather":44,"Pen Nib":9,"Charon\u0027s Ashes":37,"aspiration:SeaSaltIceCream":25,"Letter Opener":40,"aspiration:HiddenCompartment":9,"Question Card":19,"SlaversCollar":17,"Shuriken":30,"Bird Faced Urn":22,"Bronze Scales":28,"Mark of Pain":34,"Black Star":17,"Nloth\u0027s Gift":20,"aspiration:HatOfInfinitePower":12,"Unceasing Top":5,"Meat on the Bone":24,"Regal Pillow":0,"Lantern":24,"Singing Bowl":26,"Enchiridion":19,"Black Blood":17,"Mango":45,"Bag of Preparation":38,"Incense Burner":38,"Juzu Bracelet":40,"Cursed Key":17,"Ancient Tea Set":26,"Burning Blood":0,"ClockworkSouvenir":19,"Nunchaku":0,"Dream Catcher":9,"Shovel":38,"Mummified Hand":31,"aspiration:AnachronicSnailShell":12,"Pantograph":26,"Toolbox":0,"WingedGreaves":36,"Red Skull":0,"Paper Frog":45,"Potion Belt":38,"Self Forming Clay":26,"The Courier":12,"PreservedInsect":0,"aspiration:HummingbirdHeart":9,"Omamori":0,"aspiration:SecretTechniqueScroll":17,"MawBank":8,"Strange Spoon":0,"Anchor":0,"Orrery":0,"Turnip":38,"Champion Belt":24,"Membership Card":38,"Bottled Lightning":14,"TungstenRod":42,"FossilizedHelix":10},{"Ice Cream":978,"Calipers":937,"Tiny House":1020,"Gremlin Horn":968,"Whetstone":964,"Ginger":1051,"Boot":983,"Old Coin":975,"Blood Vial":1032,"HornCleat":983,"DollysMirror":979,"Strawberry":983,"MealTicket":1003,"Philosopher\u0027s Stone":1013,"Fusion Hammer":1049,"Kunai":970,"Toxic Egg 2":942,"Pear":983,"Happy Flower":1051,"Blue Candle":976,"Oddly Smooth Stone":1010,"Eternal Feather":976,"Pen Nib":936,"Charon\u0027s Ashes":1056,"aspiration:SeaSaltIceCream":1017,"Letter Opener":1058,"aspiration:HiddenCompartment":1009,"Question Card":1014,"SlaversCollar":985,"Shuriken":1019,"Bird Faced Urn":951,"Bronze Scales":1017,"Mark of Pain":971,"Black Star":963,"Nloth\u0027s Gift":986,"aspiration:HatOfInfinitePower":1011,"Unceasing Top":945,"Meat on the Bone":966,"Regal Pillow":956,"Lantern":1051,"Singing Bowl":1017,"Enchiridion":951,"Black Blood":1002,"Mango":1060,"Bag of Preparation":973,"Incense Burner":973,"Juzu Bracelet":974,"Cursed Key":941,"Ancient Tea Set":953,"Burning Blood":0,"ClockworkSouvenir":964,"Nunchaku":979,"Dream Catcher":1033,"Shovel":973,"Mummified Hand":970,"aspiration:AnachronicSnailShell":949,"Pantograph":1051,"Toolbox":943,"WingedGreaves":1022,"Red Skull":1029,"Paper Frog":976,"Potion Belt":1022,"Self Forming Clay":966,"The Courier":961,"PreservedInsect":1043,"aspiration:HummingbirdHeart":960,"Omamori":979,"aspiration:SecretTechniqueScroll":950,"MawBank":960,"Strange Spoon":956,"Anchor":992,"Orrery":1007,"Turnip":973,"Champion Belt":952,"Membership Card":973,"Bottled Lightning":1048,"TungstenRod":975,"FossilizedHelix":999},{"Ice Cream":4914,"Calipers":4722,"Tiny House":5142,"Gremlin Horn":4863,"Whetstone":4842,"Ginger":5310,"Boot":4940,"Old Coin":4895,"Blood Vial":5197,"HornCleat":4940,"DollysMirror":4922,"Strawberry":4940,"MealTicket":5053,"Philosopher\u0027s Stone":5111,"Fusion Hammer":5300,"Kunai":4872,"Toxic Egg 2":4738,"Pear":4940,"Happy Flower":5310,"Blue Candle":4903,"Oddly Smooth Stone":5090,"Eternal Feather":4903,"Pen Nib":4716,"Charon\u0027s Ashes":5339,"aspiration:SeaSaltIceCream":5129,"Letter Opener":5349,"aspiration:HiddenCompartment":5083,"Question Card":5113,"SlaversCollar":4957,"Shuriken":5135,"Bird Faced Urn":4777,"Bronze Scales":5129,"Mark of Pain":4879,"Black Star":4835,"Nloth\u0027s Gift":4962,"aspiration:HatOfInfinitePower":5094,"Unceasing Top":4749,"Meat on the Bone":4851,"Regal Pillow":4807,"Lantern":5310,"Singing Bowl":5129,"Enchiridion":4777,"Black Blood":5048,"Mango":5360,"Bag of Preparation":4886,"Incense Burner":4886,"Juzu Bracelet":4891,"Cursed Key":4734,"Ancient Tea Set":4790,"Burning Blood":0,"ClockworkSouvenir":4842,"Nunchaku":4922,"Dream Catcher":5203,"Shovel":4886,"Mummified Hand":4872,"aspiration:AnachronicSnailShell":4761,"Pantograph":5310,"Toolbox":4741,"WingedGreaves":5152,"Red Skull":5186,"Paper Frog":4903,"Potion Belt":5152,"Self Forming Clay":4851,"The Courier":4824,"PreservedInsect":5276,"aspiration:HummingbirdHeart":4819,"Omamori":4922,"aspiration:SecretTechniqueScroll":4773,"MawBank":4819,"Strange Spoon":4807,"Anchor":5001,"Orrery":5076,"Turnip":4886,"Champion Belt":4786,"Membership Card":4886,"Bottled Lightning":5292,"TungstenRod":4895,"FossilizedHelix":5030}],"Burning Blood":767},"card_choices":[{"not_picked":["Havoc","Warcry"],"picked":"Fire Breathing","floor":1},{"not_picked":["Anger","Ghostly Armor"],"picked":"Headbutt","floor":3},{"not_picked":["Warcry","Power Through"],"picked":"Seeing Red","floor":5},{"not_picked":["True Grit","Clothesline"],"picked":"Armaments","floor":7},{"not_picked":["Anger","Disarm","Clash"],"picked":"SKIP","floor":12},{"not_picked":["Corruption","Brutality"],"picked":"Exhume","floor":16},{"not_picked":["Warcry","Clash"],"picked":"Fire Breathing","floor":18},{"not_picked":["Havoc","Pummel","Iron Wave"],"picked":"SKIP","floor":21},{"not_picked":["Headbutt+1","Entrench"],"picked":"Battle Trance+1","floor":29},{"not_picked":["Twin Strike","Sword Boomerang+1"],"picked":"Clothesline+1","floor":31},{"not_picked":["Reaper","Juggernaut"],"picked":"Demon Form","floor":33},{"not_picked":["Clothesline+1","Havoc"],"picked":"Pummel+1","floor":35},{"not_picked":["Cleave","Second Wind+1"],"picked":"Bloodletting+1","floor":37},{"not_picked":["Twin Strike","Shockwave"],"picked":"True Grit+1","floor":39},{"not_picked":["Rampage+1","Clothesline+1"],"picked":"Entrench","floor":40},{"not_picked":["Dropkick+1","Pommel Strike+1","True Grit"],"picked":"SKIP","floor":41},{"not_picked":["Rampage+1","Immolate"],"picked":"Sword Boomerang+1","floor":45},{"not_picked":["Blood for Blood","Uppercut+1"],"picked":"Flex+1","floor":48}],"player_experience":2065722,"relics_obtained":[{"floor":9,"key":"Blood Vial"},{"floor":22,"key":"Happy Flower"},{"floor":26,"key":"Pantograph"},{"floor":31,"key":"Anchor"},{"floor":37,"key":"Charon\u0027s Ashes"},{"floor":40,"key":"Letter Opener"},{"floor":45,"key":"Mango"}],"event_choices":[{"damage_healed":0,"gold_gain":0,"player_choice":"Entered Light","damage_taken":16,"max_hp_gain":0,"max_hp_loss":0,"event_name":"Shining Light","floor":4,"gold_loss":0,"cards_upgraded":["Shrug It Off","Strike_R"]},{"damage_healed":0,"gold_gain":0,"player_choice":"Donut","damage_taken":0,"max_hp_gain":5,"max_hp_loss":0,"event_name":"Big Fish","floor":10,"gold_loss":0},{"damage_healed":0,"gold_gain":275,"player_choice":"Desecrate","damage_taken":0,"max_hp_gain":0,"max_hp_loss":0,"event_name":"Golden Shrine","floor":11,"gold_loss":0,"cards_obtained":["Regret"]},{"damage_healed":0,"gold_gain":360,"player_choice":"GOLD GOLD CARD GOLD GOLD ","damage_taken":42,"max_hp_gain":0,"max_hp_loss":0,"event_name":"Knowing Skull","floor":20,"potions_obtained":[],"gold_loss":0,"cards_obtained":["Jack Of All Trades"]},{"damage_healed":0,"gold_gain":75,"player_choice":"Touch","damage_taken":8,"max_hp_gain":0,"max_hp_loss":0,"event_name":"FaceTrader","floor":27,"gold_loss":0},{"damage_healed":0,"gold_gain":100,"player_choice":"Bet on Murderer","damage_taken":0,"max_hp_gain":0,"max_hp_loss":0,"event_name":"The Joust","floor":28,"gold_loss":50},{"damage_healed":0,"gold_gain":0,"player_choice":"Fight","damage_taken":0,"max_hp_gain":0,"max_hp_loss":0,"event_name":"MindBloom","floor":37,"gold_loss":0},{"cards_removed":["Strike_R"],"damage_healed":0,"gold_gain":0,"player_choice":"Removed Attack","damage_taken":0,"max_hp_gain":0,"max_hp_loss":0,"event_name":"Falling","floor":44,"gold_loss":0},{"damage_healed":0,"gold_gain":0,"player_choice":"Ignored","damage_taken":0,"max_hp_gain":0,"max_hp_loss":0,"event_name":"Mysterious Sphere","floor":46,"gold_loss":0}],"is_beta":false,"boss_relics":[{"not_picked":["aspiration:FutureDiary","aspiration:PoetsPen_weak"],"picked":"Fusion Hammer"},{"not_picked":["aspiration:WatcherSkillbook","Tiny House"],"picked":"SlaversCollar"}],"items_purged_floors":[30],"is_endless":false,"potions_floor_spawned":[1,3,31,33,35,37,39,45],"killed_by":"Donu and Deca","ascension_level":1}}