{"host":"1eo5f82aifdzd7pr","time":1609151228,"event":{"mods":["AchievementEnabler","BaseMod","Colored Map","Colored Powertips","DeckTracker","Minty Spire (QoL Compilation)","SuperFastMode","The Servant 0.9.4"],"gold_per_floor":[111,2,21,31,31,64,64,84,84,159,172,137,137,169,169,268,268,283,298,131,142,161,161,194,194,194,229,229,239,256,282,282,386,386,401,413,413,428,428,428,441,441,441,469,469,504,30,55,55,55],"floor_reached":51,"playtime":3751,"items_purged":["Strike_S","Strike_S","Strike_S"],"score":1007,"play_id":"a984e612-c80e-474b-8269-e08522ae0cd5","local_time":"20201228122708","is_ascension_mode":true,"campfire_choices":[{"data":"ReturningBlade","floor":7.0,"key":"SMITH"},{"data":"ReturningBlade+1","floor":13.0,"key":"SMITH"},{"data":"ReturningBlade+2","floor":15.0,"key":"SMITH"},{"floor":23.0,"key":"REST"},{"data":"ReturningBlade+3","floor":25.0,"key":"SMITH"},{"data":"ReturningBlade+4","floor":28.0,"key":"SMITH"},{"floor":32,"key":"REST"},{"data":"ReturningBlade+5","floor":40,"key":"SMITH"},{"data":"ReturningBlade+6","floor":45,"key":"SMITH"},{"data":"ReturningBlade+7","floor":49,"key":"SMITH"}],"circlet_count":0,"master_deck":["Strike_S","Defend_S","Defend_S","Defend_S","Defend_S","KidneyShot+1","Exchange","Rewind","ReturningBlade+8","Barrier","Moonlight","ShatteredReality","BottledTime","Defy","BottledTime","FlawlessForm+1","GearUp","Deny","BottledTime+1","BottledTime+1"],"relics":["Uniform","Anchor","Singing Bowl","OldScarf","Black Star","Frozen Egg 2","Omamori","Juzu Bracelet","Happy Flower","Toy Ornithopter","Orichalcum","RomanBracelet","MysterySword","Bottled Flame","Bronze Scales","CeramicFish","HornCleat","Ginger","Lee\u0027s Waffle","Bag of Marbles"],"acts_visited":["Exordium","TheCity","TheBeyond"],"potions_floor_usage":[31,44,46,46,50,50,50],"damage_taken":[{"damage":0.0,"enemies":"Cultist","floor":1.0,"turns":3.0},{"damage":1.0,"enemies":"2 Louse","floor":3.0,"turns":4.0},{"damage":0.0,"enemies":"Jaw Worm","floor":4.0,"turns":8.0},{"damage":28.0,"enemies":"3 Sentries","floor":6.0,"turns":7.0},{"damage":0.0,"enemies":"Looter","floor":8.0,"turns":4.0},{"damage":3.0,"enemies":"Blue Slaver","floor":11.0,"turns":4.0},{"damage":24.0,"enemies":"Gremlin Nob","floor":14.0,"turns":4.0},{"damage":12.0,"enemies":"Hexaghost","floor":16.0,"turns":8.0},{"damage":12.0,"enemies":"Spheric Guardian","floor":18.0,"turns":4.0},{"damage":5.0,"enemies":"2 Thieves","floor":19.0,"turns":2.0},{"damage":2.0,"enemies":"Snecko","floor":21.0,"turns":5.0},{"damage":28.0,"enemies":"Sentry and Sphere","floor":22.0,"turns":6.0},{"damage":19.0,"enemies":"Book of Stabbing","floor":24.0,"turns":6.0},{"damage":1.0,"enemies":"Gremlin Leader","floor":27.0,"turns":4.0},{"damage":0,"enemies":"Centurion and Healer","floor":29,"turns":5},{"damage":4,"enemies":"Snake Plant","floor":30,"turns":5},{"damage":2,"enemies":"Book of Stabbing","floor":31,"turns":4},{"damage":16,"enemies":"Automaton","floor":33,"turns":6},{"damage":12,"enemies":"3 Darklings","floor":35,"turns":4},{"damage":0,"enemies":"Orb Walker","floor":36,"turns":4},{"damage":31,"enemies":"Spire Growth","floor":38,"turns":5},{"damage":25,"enemies":"4 Shapes","floor":41,"turns":6},{"damage":0,"enemies":"Reptomancer","floor":44,"turns":5},{"damage":0,"enemies":"Nemesis","floor":46,"turns":7},{"damage":0,"enemies":"Maw","floor":48,"turns":5},{"damage":19,"enemies":"Donu and Deca","floor":50,"turns":5}],"seed_played":"-1288025206761191147","potions_obtained":[{"floor":3.0,"key":"Ancient Potion"},{"floor":4.0,"key":"LiquidMemories"},{"floor":6.0,"key":"Regen Potion"},{"floor":21.0,"key":"EssenceOfSteel"},{"floor":22.0,"key":"AttackPotion"},{"floor":24.0,"key":"Explosive Potion"},{"floor":29,"key":"DistilledChaos"},{"floor":33,"key":"Weak Potion"},{"floor":41,"key":"Fire Potion"},{"floor":44,"key":"Block Potion"},{"floor":48,"key":"Dexterity Potion"}],"is_trial":false,"path_per_floor":["M","$","M","M","?","E","R","M","T","?","M","?","R","E","R","B",null,"M","M","$","M","M","R","E","R","T","E","R","M","M","E","R","B",null,"M","M","?","M","?","R","M","?","T","E","R","E","$","M","R","B",null],"character_chosen":"THE_SERVANT","items_purchased":["ReturningBlade","SurpressingFire","Lee\u0027s Waffle","Bag of Marbles","Strength Potion"],"campfire_rested":2,"item_purchase_floors":[2,20,47,47,47],"current_hp_per_floor":[65,65,64,64,64,36,36,36,36,25,22,38,38,26,26,16,67,57,54,54,54,26,47,30,30,30,31,31,33,31,36,60,44,83,71,73,73,44,44,44,21,21,21,28,28,38,98,98,98,79],"gold":55,"neow_bonus":"UPGRADE_CARD","is_daily":false,"chose_seed":false,"campfire_upgraded":8,"win_rate":0.0,"timestamp":1609151228,"path_taken":["M","?","M","?","?","E","R","M","T","?","M","?","R","E","R","BOSS","M","M","$","M","M","R","E","R","T","E","R","M","M","E","R","BOSS","M","M","?","M","?","R","M","?","T","E","R","E","$","M","R","BOSS"],"items_purchased_type":["Card","Card","Relic","Relic","Potion"],"build_version":"2020-12-22","purchased_purges":3,"victory":true,"max_hp_per_floor":[65,65,65,65,65,65,65,65,65,65,65,65,65,65,65,67,67,69,71,71,73,73,73,75,75,75,77,77,79,81,83,83,83,83,83,85,85,87,87,87,89,89,89,91,91,91,98,98,98,98],"card_choices":[{"not_picked":["Defy","TimeWarp"],"picked":"Rewind","floor":1.0},{"not_picked":["Read","TimeWarp"],"picked":"Barrier","floor":3.0},{"not_picked":["RealityMarble","Unruled","Desolation"],"picked":"SKIP","floor":4.0},{"not_picked":["Read","DualDimension"],"picked":"Moonlight","floor":6.0},{"not_picked":["Starlight","Spin"],"picked":"ShatteredReality","floor":8.0},{"not_picked":["DoubleEdge","TimeWarp"],"picked":"BottledTime","floor":11.0},{"not_picked":["Deadline","TimeWarp"],"picked":"Defy","floor":14.0},{"not_picked":["MurderousAura","PendulumOfEternity","Deny"],"picked":"Singing Bowl","floor":16.0},{"not_picked":["Potential+1","DoubleEdge","Replace"],"picked":"Singing Bowl","floor":18.0},{"not_picked":["ShatteredReality","Potential","Replace"],"picked":"Singing Bowl","floor":19.0},{"not_picked":["Misdirection","Ricochet","Advance"],"picked":"Singing Bowl","floor":21.0},{"not_picked":["Rearm","Starlight+1"],"picked":"BottledTime","floor":22.0},{"not_picked":["Sabotage","Spin+1","Reset"],"picked":"Singing Bowl","floor":24.0},{"not_picked":["ShatteredReality+1","StarChef+1","Replace"],"picked":"Singing Bowl","floor":27.0},{"not_picked":["Unruled","Rewind","Potential"],"picked":"Singing Bowl","floor":29},{"not_picked":["Alleviate+1","Contraction","ShatteredReality"],"picked":"Singing Bowl","floor":30},{"not_picked":["ShiftingGears","KillingDoll","DoubleEdge"],"picked":"Singing Bowl","floor":31},{"not_picked":["Embodiment+1","MurderousAura+1"],"picked":"FlawlessForm+1","floor":33},{"not_picked":["Moonlight","FastForward"],"picked":"GearUp","floor":35},{"not_picked":["Rearm","TimeWarp","Starlight"],"picked":"Singing Bowl","floor":36},{"not_picked":["Spin+1","SurpressingFire+1","Defy"],"picked":"Singing Bowl","floor":38},{"not_picked":["FastForward+1","TimeWarp+1","Alleviate"],"picked":"Singing Bowl","floor":41},{"not_picked":["Ricochet+1","StarChef+1","Deadline+1"],"picked":"Singing Bowl","floor":44},{"not_picked":["Deadline","Revamp+1"],"picked":"BottledTime+1","floor":46},{"not_picked":["FloweringNight+1","ShiftingGears+1"],"picked":"BottledTime+1","floor":48}],"player_experience":725292,"relics_obtained":[{"floor":6.0,"key":"Anchor"},{"floor":9.0,"key":"Singing Bowl"},{"floor":14.0,"key":"OldScarf"},{"floor":24.0,"key":"Frozen Egg 2"},{"floor":24.0,"key":"Omamori"},{"floor":26.0,"key":"Juzu Bracelet"},{"floor":27.0,"key":"Happy Flower"},{"floor":27.0,"key":"Toy Ornithopter"},{"floor":31,"key":"Orichalcum"},{"floor":31,"key":"RomanBracelet"},{"floor":43,"key":"Bottled Flame"},{"floor":44,"key":"Bronze Scales"},{"floor":44,"key":"CeramicFish"},{"floor":46,"key":"HornCleat"},{"floor":46,"key":"Ginger"}],"event_choices":[{"damage_healed":0.0,"max_hp_gain":0.0,"max_hp_loss":0.0,"gold_gain":0.0,"event_name":"Liars Game","player_choice":"Ignored","floor":5.0,"gold_loss":0.0,"damage_taken":0.0},{"damage_healed":0.0,"max_hp_gain":0.0,"max_hp_loss":0.0,"gold_gain":75.0,"event_name":"World of Goop","player_choice":"Gather Gold","floor":10.0,"gold_loss":0.0,"damage_taken":11.0},{"damage_healed":16.0,"max_hp_gain":0.0,"max_hp_loss":0.0,"gold_gain":0.0,"event_name":"The Cleric","player_choice":"Healed","floor":12.0,"gold_loss":35.0,"damage_taken":0.0},{"damage_healed":0,"gold_gain":0,"player_choice":"1 cards matched","damage_taken":0,"max_hp_gain":0,"max_hp_loss":0,"event_name":"Match and Keep!","floor":37,"gold_loss":0,"cards_obtained":["Deny"]},{"cards_removed":["SurpressingFire"],"damage_healed":0,"gold_gain":0,"player_choice":"Removed Power","damage_taken":0,"max_hp_gain":0,"max_hp_loss":0,"event_name":"Falling","floor":39,"gold_loss":0},{"damage_healed":0,"gold_gain":0,"player_choice":"Ignored","damage_taken":0,"max_hp_gain":0,"max_hp_loss":0,"event_name":"Tomb of Lord Red Mask","floor":42,"gold_loss":0}],"is_beta":false,"boss_relics":[{"not_picked":["Ectoplasm","Velvet Choker"],"picked":"Black Star"},{"not_picked":["SlaversCollar","Tiny House"],"picked":"MysterySword"}],"items_purged_floors":[2,20,47],"is_endless":false,"potions_floor_spawned":[3,4,6,21,22,24,29,33,41,44,48],"ascension_level":4}}