{"host":"w3q5ijqu8eoknil3","time":1609118498,"event":{"mods":["AchievementEnabler","BaseMod","Block Reminder","Colored Powertips","Minty Spire (QoL Compilation)","Quick Restart","Relic Stats","ojb\u0027s Better Paths Mod","ojb\u0027s Info Mod","slay the spire mod where everything is the same but ironclad has a cowboy hat"],"gold_per_floor":[113,125,125,125,125,163,163,163,163],"floor_reached":8,"playtime":338,"items_purged":[],"score":108,"play_id":"f402313f-5dd2-4aec-ba3d-814e6d0722f4","local_time":"20201228012138","is_ascension_mode":true,"campfire_choices":[{"data":"Fiend Fire","floor":7,"key":"SMITH"}],"circlet_count":0,"master_deck":["AscendersBane","Strike_R","Strike_R","Strike_R","Strike_R","Defend_R","Defend_R","Defend_R","Defend_R","Bash","Fiend Fire+1","Flame Barrier","Iron Wave","Feed","Juggernaut"],"relics":["Burning Blood","Golden Idol","Dream Catcher"],"acts_visited":["Exordium"],"potions_floor_usage":[6],"damage_taken":[{"damage":0,"enemies":"2 Louse","floor":1,"turns":3},{"damage":7,"enemies":"Jaw Worm","floor":2,"turns":2},{"damage":25,"enemies":"3 Sentries","floor":6,"turns":11},{"damage":61,"enemies":"Lagavulin","floor":8,"turns":7}],"seed_played":"-6084945119572984828","potions_obtained":[{"floor":2,"key":"AttackPotion"}],"is_trial":false,"path_per_floor":["M","M","?","?","$","E","R","E"],"character_chosen":"IRONCLAD","items_purchased":[],"campfire_rested":0,"item_purchase_floors":[],"current_hp_per_floor":[68,67,62,62,62,46,46,0,0],"gold":163,"neow_bonus":"THREE_RARE_CARDS","is_daily":false,"chose_seed":false,"campfire_upgraded":1,"win_rate":0.0,"timestamp":1609118498,"path_taken":["M","M","?","?","?","E","R","E"],"items_purchased_type":[],"build_version":"2020-12-22","purchased_purges":0,"victory":false,"max_hp_per_floor":[68,68,62,62,62,65,65,65,65],"relic_stats":{"Dream Catcher":0,"counters":[4,23],"Golden Idol":8,"obtain_stats":[{"Dream Catcher":6,"Golden Idol":3,"Burning Blood":0},{"Dream Catcher":3,"Golden Idol":2,"Burning Blood":0},{"Dream Catcher":16,"Golden Idol":5,"Burning Blood":0}],"Burning Blood":12},"card_choices":[{"not_picked":["Reaper","Bludgeon"],"picked":"Fiend Fire","floor":0},{"not_picked":["Clothesline","Body Slam"],"picked":"Flame Barrier","floor":1},{"not_picked":["Body Slam","Anger"],"picked":"Iron Wave","floor":2},{"not_picked":["Bloodletting","Burning Pact"],"picked":"Juggernaut","floor":6}],"player_experience":948487,"relics_obtained":[{"floor":6,"key":"Dream Catcher"}],"event_choices":[{"damage_healed":0,"gold_gain":0,"player_choice":"Lose Max HP","damage_taken":0,"relics_obtained":["Golden Idol"],"max_hp_gain":0,"max_hp_loss":6,"event_name":"Golden Idol","floor":3,"gold_loss":0},{"damage_healed":0,"gold_gain":0,"cards_transformed":["Strike_R"],"player_choice":"Change","damage_taken":0,"max_hp_gain":0,"max_hp_loss":0,"event_name":"Living Wall","floor":4,"gold_loss":0,"cards_obtained":["Feed"]}],"is_beta":false,"boss_relics":[],"items_purged_floors":[],"is_endless":false,"potions_floor_spawned":[2],"killed_by":"Lagavulin","ascension_level":20}}