{"host":"llw0pmdvm5059l3n","time":1609194010,"event":{"mods":["BaseMod","Block Reminder","Challenge The Spire","Colored Map","Custom Start","DeckTracker","Downfall","Duelist Mod","Hermit","Highlight Path","Marisa（霧雨　魔理沙）","Minty Spire (QoL Compilation)","Permanent Neow","Random Character Button","Remilia（蕾米莉亚）","Shop Mod","StSLib","The Senshi","Yuyuko"],"gold_per_floor":[117,67,67,67,91,122,122,162,162,119,119,119,157,177,177,305,305,328,348,12,27,27,27,27,27],"floor_reached":24,"playtime":1836,"items_purged":[],"score":223,"play_id":"fd991460-9f61-4bc5-8377-45ca429e418f","local_time":"20201228232010","is_ascension_mode":true,"campfire_choices":[{"floor":7,"key":"REST"},{"data":"ForeignInfluence","floor":12,"key":"SMITH"},{"floor":15,"key":"REST"},{"floor":23,"key":"REST"}],"circlet_count":0,"master_deck":["Strike_P","Strike_P","Strike_P","Defend_P","Defend_P","Defend_P","Eruption","Vigilance","Ragnarok","ThirdEye","Injury","Sanctity","FlurryOfBlows","ForeignInfluence+1","PathToVictory","DevaForm","EmptyFist","BowlingBash","Worship","FlurryOfBlows"],"relics":["PureWater","Golden Idol","Ornamental Fan","Damaru","White Beast Statue","PreservedInsect","VioletLotus","Bottled Lightning"],"acts_visited":["Exordium","TheCity"],"potions_floor_usage":[6,16],"damage_taken":[{"damage":1,"enemies":"Jaw Worm","floor":1,"turns":4},{"damage":0,"enemies":"2 Louse","floor":5,"turns":2},{"damage":28,"enemies":"3 Sentries","floor":6,"turns":9},{"damage":106,"enemies":"Gremlin Nob","floor":8,"turns":7},{"damage":61,"enemies":"3 Sentries","floor":13,"turns":15},{"damage":0,"enemies":"Small Slimes","floor":14,"turns":2},{"damage":16,"enemies":"Slime Boss","floor":16,"turns":8},{"damage":35,"enemies":"Chosen","floor":18,"turns":8},{"damage":20,"enemies":"Spheric Guardian","floor":19,"turns":5},{"damage":11,"enemies":"Snecko","floor":21,"turns":3},{"damage":67,"enemies":"theDuelist:KaibaA2","floor":24,"turns":4}],"seed_played":"-3409423410713907245","potions_obtained":[{"floor":5,"key":"SneckoOil"},{"floor":6,"key":"FairyPotion"},{"floor":8,"key":"champ:CounterPotion"},{"floor":13,"key":"StancePotion"},{"floor":14,"key":"Strength Potion"},{"floor":16,"key":"Ambrosia"},{"floor":18,"key":"FairyPotion"}],"is_trial":false,"path_per_floor":["M","?","$","?","M","E","R","E","T","?","?","R","E","M","R","B",null,"M","M","$","M","$","R","E"],"character_chosen":"WATCHER","items_purchased":["Bottled Lightning","Worship"],"campfire_rested":3,"item_purchase_floors":[20,20],"current_hp_per_floor":[71,71,71,71,71,43,64,21,21,21,72,72,11,11,32,16,72,37,17,17,6,6,27,0,0],"gold":27,"neow_bonus":"TRANSFORM_CARD","is_daily":false,"chose_seed":false,"campfire_upgraded":1,"win_rate":0.0,"timestamp":1609194010,"path_taken":["M","?","$","?","M","E","R","E","T","?","?","R","E","M","R","BOSS","M","M","$","M","$","R","E"],"items_purchased_type":["Relic","Card"],"build_version":"2020-12-22","purchased_purges":0,"victory":false,"max_hp_per_floor":[72,72,72,72,72,72,72,72,72,72,72,72,72,72,72,72,72,72,72,72,72,72,72,72,72],"card_choices":[{"not_picked":["CutThroughFate","Protect"],"picked":"ThirdEye","floor":1},{"not_picked":["FlurryOfBlows","ForeignInfluence"],"picked":"Sanctity","floor":5},{"not_picked":["CutThroughFate","CrushJoints"],"picked":"FlurryOfBlows","floor":6},{"not_picked":["Crescendo","SandsOfTime"],"picked":"ForeignInfluence","floor":8},{"not_picked":["CrushJoints","JustLucky","LessonLearned"],"picked":"SKIP","floor":13},{"not_picked":["Crescendo","FollowUp"],"picked":"PathToVictory","floor":14},{"not_picked":["Ragnarok","Scrawl"],"picked":"DevaForm","floor":16},{"not_picked":["ThirdEye","JustLucky"],"picked":"EmptyFist","floor":18},{"not_picked":["SashWhip","Evaluate"],"picked":"BowlingBash","floor":19},{"not_picked":["EmptyFist","ThirdEye+1"],"picked":"FlurryOfBlows","floor":21}],"player_experience":118128,"relics_obtained":[{"floor":6,"key":"Ornamental Fan"},{"floor":8,"key":"Damaru"},{"floor":9,"key":"White Beast Statue"},{"floor":13,"key":"PreservedInsect"}],"event_choices":[{"cards_removed":["Defend_P"],"damage_healed":0,"gold_gain":0,"player_choice":"Card Removal","damage_taken":0,"max_hp_gain":0,"max_hp_loss":0,"event_name":"The Cleric","floor":2,"gold_loss":50},{"damage_healed":0,"gold_gain":0,"player_choice":"Take Wound","damage_taken":0,"relics_obtained":["Golden Idol"],"max_hp_gain":0,"max_hp_loss":0,"event_name":"Golden Idol","floor":4,"gold_loss":0,"cards_obtained":["Injury"]},{"damage_healed":0,"gold_gain":0,"player_choice":"Left Gold","damage_taken":0,"max_hp_gain":0,"max_hp_loss":0,"event_name":"World of Goop","floor":10,"gold_loss":43},{"damage_healed":51,"gold_gain":0,"player_choice":"Full Heal","damage_taken":0,"max_hp_gain":0,"max_hp_loss":0,"event_name":"Wheel of Change","floor":11,"gold_loss":0}],"is_beta":false,"boss_relics":[{"not_picked":["Sozu","Calling Bell"],"picked":"VioletLotus"}],"items_purged_floors":[],"is_endless":false,"potions_floor_spawned":[5,6,8,13,14,16,18,19,21],"killed_by":"theDuelist:KaibaA2","ascension_level":1}}