{"host":"khm4we1ijduz33xh","time":1609191903,"event":{"mods":["AchievementEnabler","BaseMod","Colored Map","Minty Spire (QoL Compilation)","Rare Cards Sparkle","StSLib","SuperFastMode"],"gold_per_floor":[119,194,194,208,227,227,253,273,273,305,46,46,46],"floor_reached":12,"playtime":507,"items_purged":[],"score":92,"play_id":"c715c862-4c6b-4e8e-a654-a4771f686274","local_time":"20201229064503","is_ascension_mode":true,"campfire_choices":[{"data":"Eruption","floor":6,"key":"SMITH"}],"circlet_count":0,"master_deck":["Strike_P","Strike_P","Strike_P","Strike_P","Defend_P","Defend_P","Defend_P+1","Defend_P+1","Eruption+1","Vigilance","SignatureMove","EmptyFist","Blasphemy","TalkToTheHand","MentalFortress","FollowUp"],"relics":["PureWater","NeowsBlessing","Dead Branch","Bottled Flame","Calipers","War Paint"],"acts_visited":["Exordium"],"potions_floor_usage":[8],"damage_taken":[{"damage":0,"enemies":"Jaw Worm","floor":1,"turns":1},{"damage":0,"enemies":"Cultist","floor":4,"turns":1},{"damage":0,"enemies":"Small Slimes","floor":5,"turns":1},{"damage":8,"enemies":"3 Sentries","floor":7,"turns":9},{"damage":0,"enemies":"Gremlin Gang","floor":8,"turns":2},{"damage":23,"enemies":"Gremlin Nob","floor":10,"turns":5},{"damage":18,"enemies":"3 Sentries","floor":12,"turns":2}],"seed_played":"-7987715225849021319","potions_obtained":[{"floor":1,"key":"Swift Potion"},{"floor":5,"key":"Weak Potion"},{"floor":7,"key":"Energy Potion"}],"is_trial":false,"path_per_floor":["M","?","?","M","M","R","E","M","T","E","$","E"],"character_chosen":"WATCHER","items_purchased":["MentalFortress","FollowUp","War Paint"],"campfire_rested":0,"item_purchase_floors":[11,11,11],"current_hp_per_floor":[72,61,49,49,49,49,41,41,41,18,18,0,0],"gold":46,"neow_bonus":"THREE_ENEMY_KILL","is_daily":false,"chose_seed":false,"campfire_upgraded":1,"win_rate":0.0,"timestamp":1609191903,"path_taken":["M","?","?","M","M","R","E","M","T","E","?","E"],"items_purchased_type":["Card","Card","Relic"],"build_version":"2020-12-22","purchased_purges":0,"victory":false,"max_hp_per_floor":[72,72,72,72,72,72,72,72,72,72,72,72,72],"card_choices":[{"not_picked":["Study","ThirdEye"],"picked":"SignatureMove","floor":1},{"not_picked":["JustLucky","Consecrate"],"picked":"EmptyFist","floor":4},{"not_picked":["PathToVictory","WheelKick","JustLucky"],"picked":"SKIP","floor":5},{"not_picked":["Blasphemy","SignatureMove","Prostrate"],"picked":"SKIP","floor":7},{"not_picked":["SignatureMove","Prostrate"],"picked":"Blasphemy","floor":7},{"not_picked":["CarveReality","Evaluate","SashWhip"],"picked":"SKIP","floor":8},{"not_picked":["Perseverance","Evaluate"],"picked":"TalkToTheHand","floor":10}],"player_experience":149787,"relics_obtained":[{"floor":7,"key":"Bottled Flame"},{"floor":10,"key":"Calipers"}],"event_choices":[{"damage_healed":0,"gold_gain":75,"player_choice":"Gather Gold","damage_taken":11,"max_hp_gain":0,"max_hp_loss":0,"event_name":"World of Goop","floor":2,"gold_loss":0},{"damage_healed":0,"gold_gain":0,"player_choice":"Success","damage_taken":12,"relics_obtained":["Dead Branch"],"max_hp_gain":0,"max_hp_loss":0,"event_name":"Scrap Ooze","floor":3,"gold_loss":0}],"is_beta":false,"boss_relics":[],"items_purged_floors":[],"is_endless":false,"potions_floor_spawned":[1,5,7],"killed_by":"3 Sentries","ascension_level":1}}