{"host":"htqwg582tjjtn9p7","time":1609186547,"event":{"mods":["2.2 Compatiblity","AchievementEnabler","Act Like it!","Aspiration","BaseMod","Better Third Choice","Colored Map","Conspire","Curses Come First","Displayed Cursed Tome","Energized Spire","Force Act Four","GifTheSpireLib","Hermit","Highlight Path","JesterMod","Mad Scientist","Minty Spire (QoL Compilation)","Pale of the Ancients","Permanent Neow","Random Character Button","Relic Stats","Replay The Spire","Robot Space Explorer","Somnambulant","Spicy Shops","Spikes Relics","StSLib","Stuff the Spire","The Blue Laboratory","The Disciple","The Dragon Tamer","The Forsaken","The Gatherer","The Judge","The Jungle","The Marked","The Runesmith","The Servant 0.9.4"],"gold_per_floor":[118,169,169,56,74,74,101,101,150,69,69,94,194,204,204,277,277,292,54,50,50,50,50,60,77,77,77,77],"floor_reached":27,"playtime":1077,"items_purged":[],"score":383,"play_id":"5f743503-708b-4b21-b0f7-967b80ccbb91","local_time":"20201228211547","is_ascension_mode":true,"campfire_choices":[{"data":"Bash","floor":6,"key":"SMITH"},{"data":"Assess","floor":8,"key":"SMITH"},{"floor":11,"key":"REST"},{"floor":15,"key":"REST"},{"data":"True Grit","floor":23,"key":"SMITH"}],"circlet_count":0,"master_deck":["AscendersBane","Strike_R","Strike_R","Strike_R","Strike_R","Strike_R","Defend_R","Defend_R","Defend_R","Defend_R","Bash+1","StuffTheSpire:Resist","Twin Strike","Ghostly Armor","Assess+1","ReplayTheSpireMod:Limb From Limb","Ghostly Armor","Feel No Pain","Evolve","Reaper","True Grit+1","True Grit","Flex","StuffTheSpire:Slingshot"],"relics":["energizedSpire:DecayingSkull","Replay:Wax Seal","SpikesRelics:DaevaFist","aspiration:ChemicalBlood","Calipers","Runic Pyramid","StuffTheSpire:ForceGauntlet","Ice Cream"],"acts_visited":["Exordium","TheCity"],"potions_floor_usage":[12,16,18,18,24,25,27],"damage_taken":[{"damage":0,"enemies":"2 Louse","floor":1,"turns":4},{"damage":1,"enemies":"Small Slimes","floor":5,"turns":2},{"damage":11,"enemies":"Replay:BlueRogue","floor":7,"turns":3},{"damage":11,"enemies":"3 Sentries","floor":12,"turns":8},{"damage":3,"enemies":"Cultist","floor":14,"turns":3},{"damage":33,"enemies":"Slime Boss","floor":16,"turns":14},{"damage":13,"enemies":"3 Byrds","floor":18,"turns":8},{"damage":39,"enemies":"2 Thieves","floor":20,"turns":5},{"damage":11,"enemies":"Chosen and Byrds","floor":24,"turns":8},{"damage":19,"enemies":"Shelled Parasite and Fungi","floor":25,"turns":6},{"damage":33,"enemies":"Book of Stabbing","floor":27,"turns":5}],"seed_played":"5010233442642222131","potions_obtained":[{"floor":1,"key":"blueLaboratory:BottleOfVodka"},{"floor":2,"key":"blueLaboratory:IronCompound"},{"floor":12,"key":"blueLaboratory:FrostheartPotion"},{"floor":16,"key":"HeartOfIron"},{"floor":24,"key":"blueLaboratory:StoneskinPotion"},{"floor":27,"key":"blueLaboratory:ExaltedPotion"}],"is_trial":false,"path_per_floor":["M","?","?","$","M","R","E","R","T","$","R","E","?","M","R","B",null,"M","$","M","?","?","R","M","M","T","E"],"character_chosen":"IRONCLAD","items_purchased":["Assess","Feel No Pain","StuffTheSpire:ForceGauntlet"],"campfire_rested":2,"item_purchase_floors":[4,10,19],"current_hp_per_floor":[68,44,49,49,48,48,37,37,37,37,61,50,50,47,71,38,70,65,65,37,53,53,53,51,32,32,0,0],"gold":77,"neow_bonus":"BOSS_RELIC","is_daily":false,"chose_seed":false,"campfire_upgraded":3,"win_rate":0.0,"timestamp":1609186547,"path_taken":["M","?","?","$","M","R","E","R","T","$","R","E","?","?","R","BOSS","M","$","M","?","?","R","M","?","T","E"],"items_purchased_type":["Card","Card","Relic"],"build_version":"2020-12-22","purchased_purges":0,"victory":false,"max_hp_per_floor":[75,75,80,80,80,80,80,80,80,80,80,80,80,80,80,80,80,80,80,80,80,80,80,80,80,80,80,80],"relic_stats":{"counters":[11,66],"obtain_stats":[{"Ice Cream":26,"Calipers":12,"StuffTheSpire:ForceGauntlet":19,"SpikesRelics:DaevaFist":7,"Replay:Wax Seal":2,"energizedSpire:DecayingSkull":0,"Burning Blood":0,"aspiration:ChemicalBlood":9,"Runic Pyramid":17},{"Ice Cream":10,"Calipers":4,"StuffTheSpire:ForceGauntlet":7,"SpikesRelics:DaevaFist":3,"Replay:Wax Seal":1,"energizedSpire:DecayingSkull":0,"Burning Blood":0,"aspiration:ChemicalBlood":3,"Runic Pyramid":6},{"Ice Cream":61,"Calipers":17,"StuffTheSpire:ForceGauntlet":42,"SpikesRelics:DaevaFist":9,"Replay:Wax Seal":4,"energizedSpire:DecayingSkull":0,"Burning Blood":0,"aspiration:ChemicalBlood":9,"Runic Pyramid":34}]},"card_choices":[{"not_picked":["Second Wind","Shockwave"],"picked":"StuffTheSpire:Resist","floor":1},{"not_picked":["Wild Strike","Havoc"],"picked":"Twin Strike","floor":2},{"not_picked":["ReplayTheSpireMod:Muscle Training","StuffTheSpire:Incineration"],"picked":"Ghostly Armor","floor":2},{"not_picked":["StuffTheSpire:Pyroclast","StuffTheSpire:RockThrow"],"picked":"ReplayTheSpireMod:Limb From Limb","floor":5},{"not_picked":["Sword Boomerang","Anger"],"picked":"Ghostly Armor","floor":7},{"not_picked":["ReplayTheSpireMod:Strike From Hell","Rage","Iron Wave"],"picked":"SKIP","floor":12},{"not_picked":["Battle Trance","Clothesline"],"picked":"Evolve","floor":14},{"not_picked":["conspire:Purge","Impervious"],"picked":"Reaper","floor":16},{"not_picked":["Life Link","Perfected Strike+1"],"picked":"True Grit","floor":18},{"not_picked":["Dropkick","Wild Strike"],"picked":"True Grit","floor":20},{"not_picked":["ReplayReversal","ReplayTheSpireMod:Strike From Hell"],"picked":"Flex","floor":24},{"not_picked":["Life Link","Rage"],"picked":"StuffTheSpire:Slingshot","floor":25}],"player_experience":1817191,"relics_obtained":[{"floor":2,"key":"Replay:Wax Seal"},{"floor":7,"key":"SpikesRelics:DaevaFist"},{"floor":9,"key":"aspiration:ChemicalBlood"},{"floor":12,"key":"Calipers"},{"floor":26,"key":"Ice Cream"}],"event_choices":[{"damage_healed":0,"gold_gain":0,"player_choice":"Donut","damage_taken":0,"max_hp_gain":5,"max_hp_loss":0,"event_name":"Big Fish","floor":3,"gold_loss":0},{"damage_healed":0,"gold_gain":100,"player_choice":"Gold","damage_taken":0,"max_hp_gain":0,"max_hp_loss":0,"event_name":"Wheel of Change","floor":13,"gold_loss":0},{"damage_healed":16,"gold_gain":0,"player_choice":"Heal","damage_taken":0,"max_hp_gain":0,"max_hp_loss":0,"event_name":"The Library","floor":21,"gold_loss":0},{"damage_healed":0,"gold_gain":0,"player_choice":"Ignored","damage_taken":0,"max_hp_gain":0,"max_hp_loss":0,"event_name":"Ghosts","floor":22,"gold_loss":0}],"is_beta":false,"boss_relics":[{"not_picked":["aspiration:FutureDiary","Astrolabe"],"picked":"Runic Pyramid"}],"items_purged_floors":[],"is_endless":false,"potions_floor_spawned":[1,12,14,20],"killed_by":"Book of Stabbing","ascension_level":15}}