{"host":"cyiefo55v5hz1ih5","time":1609177079,"event":{"mods":["2.2 Compatiblity","AchievementEnabler","Arknights The Spire","BaseMod","GifTheSpireLib","Hubris","Minty Spire (QoL Compilation)","Replay The Spire","Spicy Shops","StSLib"],"gold_per_floor":[117,136,136,146,126,126,138,156,156,184,184,184,194,226,226,331,331,351,450,365,365,70,70,89,89,113,113,113],"floor_reached":27,"playtime":2063,"items_purged":["ats:Strike V"],"score":211,"play_id":"8c4de94d-5930-4141-9686-1658a82c1594","local_time":"20201228123759","is_ascension_mode":false,"campfire_choices":[{"data":"ats:Emotion Absorption","floor":6,"key":"SMITH"},{"floor":11,"key":"REST"},{"data":"ats:Blood Oath","floor":15,"key":"SMITH"},{"floor":23,"key":"REST"},{"floor":25,"key":"RECALL"}],"circlet_count":0,"master_deck":["ats:Strike C","ats:Strike G","ats:Armor Crushing Shot","ats:Defend","ats:Defend","ats:Defend","ats:Defend","ats:Emotion Absorption+1","ats:Blood Oath+1","ats:Charging Defense","ats:Shell Defense","ats:Roar Of Ursus","ats:Leaping Hammer"],"relics":["ats:Sanity","Odd Mushroom","ats:Originium","Snack Pack","Sozu","Pen Nib","hubris:Icosahedron","Lizard Tail","Torii","ats:Rhine Circuitry"],"acts_visited":["Exordium","TheCity"],"potions_floor_usage":[10,10,14,16],"damage_taken":[{"damage":3,"enemies":"Small Slimes","floor":1,"turns":4},{"damage":7,"enemies":"Cultist","floor":2,"turns":5},{"damage":2,"enemies":"2 Louse","floor":4,"turns":3},{"damage":21,"enemies":"Exordium Wildlife","floor":7,"turns":6},{"damage":13,"enemies":"3 Louse","floor":8,"turns":5},{"damage":17,"enemies":"The Mushroom Lair","floor":10,"turns":6},{"damage":0,"enemies":"Blue Slaver","floor":13,"turns":6},{"damage":28,"enemies":"3 Sentries","floor":14,"turns":12},{"damage":59,"enemies":"The Guardian","floor":16,"turns":21},{"damage":29,"enemies":"Chosen","floor":18,"turns":10},{"damage":22,"enemies":"Spheric Guardian","floor":24,"turns":12},{"damage":124,"enemies":"Book of Stabbing","floor":27,"turns":10}],"seed_played":"935103821780887866","potions_obtained":[{"floor":1,"key":"FearPotion"},{"floor":5,"key":"PowerPotion"},{"floor":7,"key":"Elixir"},{"floor":13,"key":"LiquidBronze"}],"is_trial":false,"path_per_floor":["M","M","?","M","?","R","M","M","T","?","R","?","M","E","R","B",null,"M","?","?","?","$","R","M","R","T","E"],"character_chosen":"DOCTOR_CLASS","items_purchased":["Lizard Tail","Torii"],"campfire_rested":2,"item_purchase_floors":[22,22],"current_hp_per_floor":[69,62,62,63,63,63,51,41,41,33,54,54,68,55,55,69,72,48,48,48,48,48,69,72,72,72,0,0],"gold":113,"neow_bonus":"RANDOM_EVENT","is_daily":false,"chose_seed":false,"campfire_upgraded":2,"win_rate":0.0,"timestamp":1609177079,"path_taken":["M","M","?","?","?","R","?","M","T","?","R","?","?","E","R","BOSS","M","?","?","?","$","R","M","R","T","E"],"items_purchased_type":["Relic","Relic"],"build_version":"2020-12-22","purchased_purges":1,"victory":false,"max_hp_per_floor":[72,72,72,72,72,72,72,72,72,72,72,72,72,72,72,72,72,72,72,72,72,72,72,72,72,72,72,72],"card_choices":[{"not_picked":["ats:Hook Shot","ats:Beaten Up","ats:Ignite"],"picked":"SKIP","floor":1},{"not_picked":["ats:Apocalypse","ats:Demon Strength"],"picked":"ats:Blood Oath","floor":2},{"not_picked":["ats:Ignite","ats:Collapsing Strike","ats:Poison Spread"],"picked":"SKIP","floor":4},{"not_picked":["ats:Defend Order","ats:Overload"],"picked":"ats:Charging Defense","floor":7},{"not_picked":["ats:Hook Shot","ats:Hammer On"],"picked":"ats:Shell Defense","floor":8},{"not_picked":["ats:Apocalypse","ats:Ignite","ats:Hook Shot"],"picked":"SKIP","floor":13},{"not_picked":["ats:Directed Diagnosis","ats:Steam Pump","ats:Charging Defense"],"picked":"SKIP","floor":14},{"not_picked":["ats:Ambush","ats:Volcano"],"picked":"ats:Roar Of Ursus","floor":16},{"not_picked":["ats:Hammer On","ats:Song Of Battle","ats:Apocalypse"],"picked":"SKIP","floor":18},{"not_picked":["ats:Directed Diagnosis+1","ats:Counter Healing Mode"],"picked":"ats:Leaping Hammer","floor":24}],"player_experience":614342,"relics_obtained":[{"floor":10,"key":"Odd Mushroom"},{"floor":14,"key":"ats:Originium"},{"floor":14,"key":"Snack Pack"},{"floor":26,"key":"ats:Rhine Circuitry"}],"event_choices":[{"damage_healed":0,"gold_gain":0,"player_choice":"Cursed","damage_taken":0,"max_hp_gain":0,"max_hp_loss":0,"event_name":"Wheel of Change","floor":3,"gold_loss":0,"cards_obtained":["Decay"]},{"damage_healed":0,"gold_gain":0,"player_choice":"Bought 1 Potion","damage_taken":0,"max_hp_gain":0,"max_hp_loss":0,"event_name":"The Woman in Blue","floor":5,"gold_loss":0},{"damage_healed":0,"gold_gain":0,"player_choice":"Fought Mushrooms","damage_taken":0,"max_hp_gain":0,"max_hp_loss":0,"event_name":"Mushrooms","floor":10,"gold_loss":0},{"cards_removed":["Decay"],"damage_healed":0,"gold_gain":0,"player_choice":"Purged","damage_taken":0,"max_hp_gain":0,"max_hp_loss":0,"event_name":"Purifier","floor":12,"gold_loss":0},{"damage_healed":0,"gold_gain":99,"player_choice":"Stole From Cult","damage_taken":0,"max_hp_gain":0,"max_hp_loss":0,"event_name":"Nest","floor":19,"gold_loss":0},{"damage_healed":0,"gold_gain":0,"player_choice":"Obtained Relic","damage_taken":0,"relics_obtained":["Pen Nib"],"max_hp_gain":0,"max_hp_loss":0,"event_name":"Addict","floor":20,"gold_loss":85}],"is_beta":false,"boss_relics":[{"not_picked":["Replay:Drink Me","Fusion Hammer"],"picked":"Sozu"}],"items_purged_floors":[22],"is_endless":false,"potions_floor_spawned":[1,7,8,13,18,24],"killed_by":"Book of Stabbing","ascension_level":0}}