{"host":"ilxricga2547gmyy","time":1609117522,"event":{"mods":["AchievementEnabler","BaseMod","Minty Spire (QoL Compilation)","Quick Restart","StSLib"],"gold_per_floor":[110,110,130,130,130,155,155,182,209,134,151,181,192,209,209,209,209],"floor_reached":16,"playtime":539,"items_purged":["Writhe"],"score":180,"play_id":"f6b0f3c2-ec1b-4e5c-86b1-59b839e80681","local_time":"20201228020522","is_ascension_mode":true,"campfire_choices":[{"data":"Clash","floor":7,"key":"SMITH"},{"floor":15,"key":"REST"}],"circlet_count":0,"master_deck":["AscendersBane","Strike_R","Strike_R","Strike_R","Strike_R","Strike_R","Defend_R","Defend_R","Defend_R","Defend_R","Bash","Clash+1","Headbutt","Burning Pact","Clothesline","Wild Strike","Wild Strike","Reaper"],"relics":["Cursed Key","Regal Pillow","Girya","Kunai"],"acts_visited":["Exordium"],"potions_floor_usage":[12,16],"damage_taken":[{"damage":3,"enemies":"Small Slimes","floor":1,"turns":4},{"damage":1,"enemies":"2 Louse","floor":3,"turns":2},{"damage":18,"enemies":"Gremlin Nob","floor":6,"turns":4},{"damage":10,"enemies":"Lagavulin","floor":8,"turns":5},{"damage":4,"enemies":"Cultist","floor":11,"turns":3},{"damage":20,"enemies":"3 Sentries","floor":12,"turns":7},{"damage":8,"enemies":"Exordium Wildlife","floor":13,"turns":3},{"damage":1,"enemies":"Exordium Thugs","floor":14,"turns":3},{"damage":56,"enemies":"The Guardian","floor":16,"turns":14}],"seed_played":"7211370932800017887","potions_obtained":[{"floor":3,"key":"SneckoOil"},{"floor":12,"key":"LiquidBronze"},{"floor":14,"key":"Block Potion"}],"is_trial":false,"path_per_floor":["M","?","M","?","?","E","R","E","T","$","M","E","M","M","R","B"],"character_chosen":"IRONCLAD","items_purchased":[],"campfire_rested":1,"item_purchase_floors":[],"current_hp_per_floor":[69,69,68,73,73,55,55,45,45,45,41,21,13,12,52,0,0],"gold":209,"neow_bonus":"BOSS_RELIC","is_daily":false,"chose_seed":false,"campfire_upgraded":1,"win_rate":0.0,"timestamp":1609117522,"path_taken":["M","?","M","?","?","E","R","E","T","$","M","E","M","?","R","BOSS"],"items_purchased_type":[],"build_version":"2020-12-22","purchased_purges":1,"victory":false,"max_hp_per_floor":[80,80,80,85,85,85,85,85,85,85,85,85,85,85,85,85,85],"card_choices":[{"not_picked":["Sword Boomerang","Hemokinesis"],"picked":"Clash","floor":1},{"not_picked":["Perfected Strike","Anger"],"picked":"Headbutt","floor":3},{"not_picked":["Armaments","Flex","Blood for Blood"],"picked":"SKIP","floor":6},{"not_picked":["Thunderclap","Dark Embrace"],"picked":"Clothesline","floor":8},{"not_picked":["Dark Embrace","Bloodletting","Body Slam"],"picked":"SKIP","floor":11},{"not_picked":["Fire Breathing","Armaments"],"picked":"Wild Strike","floor":12},{"not_picked":["Uppercut","Dark Embrace"],"picked":"Wild Strike","floor":13},{"not_picked":["Warcry","Clothesline"],"picked":"Reaper","floor":14}],"player_experience":258414,"relics_obtained":[{"floor":6,"key":"Regal Pillow"},{"floor":8,"key":"Girya"},{"floor":12,"key":"Kunai"}],"event_choices":[{"damage_healed":0,"gold_gain":0,"player_choice":"Ignored","damage_taken":0,"max_hp_gain":0,"max_hp_loss":0,"event_name":"Liars Game","floor":2,"gold_loss":0},{"damage_healed":0,"gold_gain":0,"player_choice":"Donut","damage_taken":0,"max_hp_gain":5,"max_hp_loss":0,"event_name":"Big Fish","floor":4,"gold_loss":0},{"damage_healed":0,"gold_gain":0,"player_choice":"1 cards matched","damage_taken":0,"max_hp_gain":0,"max_hp_loss":0,"event_name":"Match and Keep!","floor":5,"gold_loss":0,"cards_obtained":["Burning Pact"]}],"is_beta":false,"boss_relics":[],"items_purged_floors":[10],"is_endless":false,"potions_floor_spawned":[3,12,14],"killed_by":"The Guardian","ascension_level":10}}