{"host":"q79spna8ofw6hj3r","time":1609124397,"event":{"mods":["Aspiration","Bard","BaseMod","Beaked The Cultist","Bestiary","Better Altar","Better Match","Better Note","Better Sensory Stone","Better Skull","Better Third Choice","Better Vampires","BetterRewards","Block Reminder","Challenge The Spire","Colored Map","Colored Powertips","Conspire","Custom Start","Energized Spire","Friendly Minions","Halation","Hubris","Infinite Spire","Jedi Mod","Mimic Mod","Minty Spire (QoL Compilation)","Permanent Neow","Quick Restart","Relic Filter","Relic Sorter","Replay The Spire","Shop Mod","StSLib","SuperFastMode","Synergy Search","The Cursed","The Hierophant","The Runesmith","slay the spire mod where everything is the same but ironclad has a cowboy hat","vexMod"],"gold_per_floor":[112,129,54,54,54,87,87,103,103,132,132,32,52,52,52,153,153,171,171,46,66,78,78,93,93,148,163,177,177],"floor_reached":28,"playtime":1171,"items_purged":["Defend_P","Defend_P","Strike_P"],"score":262,"play_id":"e6f1542c-579c-47eb-bb89-68c044ff4556","local_time":"20201228045957","is_ascension_mode":true,"campfire_choices":[{"data":"Eruption","floor":7,"key":"SMITH"},{"floor":11,"key":"REST"},{"data":"Vengeance","floor":15,"key":"SMITH"},{"data":"Replay:ManipulateFuture","floor":23,"key":"SMITH"},{"floor":25,"key":"REST"}],"circlet_count":0,"master_deck":["Strike_P","Strike_P","Defend_P","Defend_P","Eruption+1","Vigilance","Replay:ManipulateFuture+1","FlurryOfBlows","EmptyBody","Vengeance+1","BattleHymn","EmptyBody"],"relics":["PureWater","halation:PinkSoulGem","aspiration:Nostalgia","Runesmith:BrokenRuby","TeardropLocket","Replay:Mystery Machine","Replay:Bottled Steam","Replay:Ringing Soul","Runic Dome","infinitespire:PuzzleCube"],"acts_visited":["Exordium","TheCity"],"potions_floor_usage":[],"damage_taken":[{"damage":0,"enemies":"2 Louse","floor":1,"turns":1},{"damage":8,"enemies":"Small Slimes","floor":2,"turns":5},{"damage":32,"enemies":"Gremlin Nob","floor":6,"turns":3},{"damage":0,"enemies":"Jaw Worm","floor":8,"turns":3},{"damage":21,"enemies":"3 Sentries","floor":10,"turns":12},{"damage":0,"enemies":"3 Louse","floor":13,"turns":2},{"damage":23,"enemies":"Slime Boss","floor":16,"turns":10},{"damage":6,"enemies":"Chosen","floor":18,"turns":4},{"damage":17,"enemies":"2 Thieves","floor":21,"turns":2},{"damage":17,"enemies":"Snake Plant","floor":22,"turns":3},{"damage":23,"enemies":"Centurion and Healer","floor":24,"turns":5},{"damage":0,"enemies":"3 Cultists","floor":27,"turns":4},{"damage":41,"enemies":"conspire:MimicChest","floor":28,"turns":6}],"seed_played":"-6084523471100394692","potions_obtained":[{"floor":8,"key":"FearPotion"},{"floor":16,"key":"jedi:mysterypotion"},{"floor":21,"key":"Strength Potion"},{"floor":24,"key":"BottledMiracle"}],"is_trial":false,"path_per_floor":["M","M","$","?","?","E","R","M","T","E","R","$","M","?","R","B",null,"M","?","$","M","M","R","M","R","T","M","?"],"character_chosen":"WATCHER","items_purchased":[],"campfire_rested":2,"item_purchase_floors":[],"current_hp_per_floor":[72,64,64,57,39,7,7,7,7,9,31,31,34,34,34,11,78,75,67,67,50,36,36,13,38,38,38,0,0],"gold":177,"neow_bonus":"NOSTALGIA","is_daily":false,"chose_seed":false,"campfire_upgraded":3,"win_rate":0.0,"timestamp":1609124397,"path_taken":["M","M","$","?","?","E","R","M","T","E","R","?","M","?","R","BOSS","M","?","$","M","M","R","?","R","T","?","?"],"items_purchased_type":[],"build_version":"2020-12-22","purchased_purges":3,"victory":false,"max_hp_per_floor":[72,72,72,72,72,72,72,72,72,75,75,75,78,78,78,78,78,81,81,81,81,84,84,84,84,84,84,84,84],"card_choices":[{"not_picked":["Replay:AtTheReady","ClearTheMind"],"picked":"Replay:ManipulateFuture","floor":1},{"not_picked":["FearNoEvil","Replay:ManipulateFuture","ThirdEye"],"picked":"SKIP","floor":2},{"not_picked":["InnerPeace","ThirdEye","FollowUp"],"picked":"SKIP","floor":6},{"not_picked":["ThirdEye","EmptyBody"],"picked":"FlurryOfBlows","floor":8},{"not_picked":["Crescendo","BowlingBash"],"picked":"EmptyBody","floor":10},{"not_picked":["Crescendo","SpiritShield"],"picked":"Vengeance","floor":13},{"not_picked":["DeceiveReality","Sanctity"],"picked":"BattleHymn","floor":18},{"not_picked":["FlyingSleeves","Replay:AtTheReady","Crescendo+1"],"picked":"SKIP","floor":21},{"not_picked":["SashWhip","ClearTheMind+1"],"picked":"EmptyBody","floor":22},{"not_picked":["FollowUp","Replay:AtTheReady","FlyingSleeves+1"],"picked":"SKIP","floor":24},{"not_picked":["FollowUp+1","jedi:nirvanicrebirth","WreathOfFlame"],"picked":"SKIP","floor":27}],"player_experience":211560,"relics_obtained":[{"floor":6,"key":"Replay:Mystery Machine"},{"floor":9,"key":"Replay:Bottled Steam"},{"floor":10,"key":"Replay:Ringing Soul"},{"floor":26,"key":"infinitespire:PuzzleCube"}],"event_choices":[{"cards_removed":["Strike_P"],"damage_healed":0,"gold_gain":0,"player_choice":"Card Removal","damage_taken":7,"max_hp_gain":0,"max_hp_loss":0,"event_name":"Golden Wing","floor":4,"gold_loss":0},{"damage_healed":0,"gold_gain":0,"player_choice":"Relic ","damage_taken":18,"max_hp_gain":0,"max_hp_loss":0,"event_name":"betterThird:BetterScrap","floor":5,"gold_loss":0,"cards_obtained":["Tactician"]},{"damage_healed":0,"gold_gain":0,"player_choice":"Damaged","damage_taken":8,"max_hp_gain":0,"max_hp_loss":0,"event_name":"Wheel of Change","floor":19,"gold_loss":0}],"is_beta":false,"boss_relics":[{"not_picked":["energizedSpire:OgreHead","Honey Jar"],"picked":"Runic Dome"}],"items_purged_floors":[3,12,20],"is_endless":false,"potions_floor_spawned":[8,16,21,24,27],"killed_by":"conspire:MimicChest","ascension_level":3}}