{"host":"i5n40fjkmb02ym6x","time":1609176934,"event":{"mods":["AchievementEnabler","BaseMod","Colored Map","Colored Powertips","Googly Eyes","Infinite Spire","Minty Spire (QoL Compilation)","StSLib","The Hierophant"],"gold_per_floor":[118,118,138,151,151,151,151],"floor_reached":6,"playtime":250,"items_purged":[],"score":36,"play_id":"5828f05e-3d94-4e66-90e4-2478d4e3185a","local_time":"20201229013534","is_ascension_mode":false,"campfire_choices":[],"circlet_count":0,"master_deck":["hierophant:Strike_Hierophant","hierophant:Strike_Hierophant","hierophant:Strike_Hierophant","hierophant:Strike_Hierophant","hierophant:Punish","hierophant:Defend_Hierophant","hierophant:Defend_Hierophant","hierophant:Defend_Hierophant","hierophant:Defend_Hierophant","hierophant:ChurchCoffers","hierophant:DisplayOfPower","hierophant:ArchangelShield","hierophant:Glossolalia"],"relics":["hierophant:PropheticMaskRelic","Ancient Tea Set"],"acts_visited":["Exordium"],"potions_floor_usage":[6],"damage_taken":[{"damage":0,"enemies":"Small Slimes","floor":1,"turns":4},{"damage":2,"enemies":"Cultist","floor":3,"turns":5},{"damage":0,"enemies":"2 Louse","floor":4,"turns":3},{"damage":22,"enemies":"3 Sentries","floor":6,"turns":3}],"seed_played":"-4239586608650906466","potions_obtained":[{"floor":3,"key":"SneckoOil"}],"is_trial":false,"path_per_floor":["M","?","M","M","?","E"],"character_chosen":"HIEROPHANT","items_purchased":[],"campfire_rested":0,"item_purchase_floors":[],"current_hp_per_floor":[75,75,73,73,73,51,51],"gold":151,"neow_bonus":"RANDOM_COMMON_RELIC","is_daily":false,"chose_seed":false,"campfire_upgraded":0,"win_rate":0.0,"timestamp":1609176934,"path_taken":["M","?","?","M","?","E"],"items_purchased_type":[],"build_version":"2020-12-22","purchased_purges":0,"victory":false,"max_hp_per_floor":[75,75,75,75,75,75,75],"card_choices":[{"not_picked":["hierophant:SealAway","hierophant:Purify","hierophant:Blessing"],"picked":"SKIP","floor":1},{"not_picked":["hierophant:Charity","hierophant:FaithHealing"],"picked":"hierophant:ArchangelShield","floor":3},{"not_picked":["hierophant:HammerAndAnvil","hierophant:ArchangelShield"],"picked":"hierophant:Glossolalia","floor":4}],"player_experience":47586,"relics_obtained":[],"event_choices":[{"damage_healed":0,"gold_gain":0,"player_choice":"1 cards matched","damage_taken":0,"max_hp_gain":0,"max_hp_loss":0,"event_name":"Match and Keep!","floor":2,"gold_loss":0,"cards_obtained":["hierophant:DisplayOfPower"]},{"damage_healed":0,"gold_gain":0,"player_choice":"Ignored","damage_taken":0,"max_hp_gain":0,"max_hp_loss":0,"event_name":"Golden Wing","floor":5,"gold_loss":0}],"is_beta":false,"boss_relics":[],"items_purged_floors":[],"is_endless":false,"potions_floor_spawned":[3],"killed_by":"3 Sentries","ascension_level":0}}