{"host":"f1miojwxaupu79sp","time":1609135538,"event":{"mods":["BaseMod","Better Vampires","Minty Spire (QoL Compilation)","Shop Mod"],"gold_per_floor":[110,110,210,135,153,153,170,170,193,22,22,35,35,53,53,53,53],"floor_reached":16,"playtime":3097,"items_purged":["Strike_G"],"score":153,"play_id":"6b9d4380-1da0-48de-8674-c914e5931c33","local_time":"20201228010538","is_ascension_mode":true,"campfire_choices":[{"data":"Malaise","floor":6,"key":"SMITH"},{"floor":11,"key":"DIG"},{"floor":13,"key":"REST"},{"floor":15,"key":"DIG"}],"circlet_count":0,"master_deck":["AscendersBane","Strike_G","Strike_G","Strike_G","Strike_G","Defend_G","Defend_G","Defend_G","Defend_G","Defend_G","Survivor","Neutralize","Malaise+1","Poisoned Stab","Cloak And Dagger","Slice"],"relics":["Ring of the Snake","Shovel","GremlinMask","Bag of Preparation","Membership Card","Regal Pillow","Molten Egg 2"],"acts_visited":["Exordium"],"potions_floor_usage":[16,16],"damage_taken":[{"damage":6,"enemies":"Jaw Worm","floor":1,"turns":9},{"damage":11,"enemies":"2 Louse","floor":5,"turns":4},{"damage":2,"enemies":"Cultist","floor":7,"turns":6},{"damage":13,"enemies":"3 Louse","floor":12,"turns":4},{"damage":12,"enemies":"Red Slaver","floor":14,"turns":7},{"damage":22,"enemies":"Slime Boss","floor":16,"turns":6}],"seed_played":"-2134623274723528570","potions_obtained":[{"floor":1,"key":"GamblersBrew"},{"floor":5,"key":"DuplicationPotion"}],"is_trial":false,"path_per_floor":["M","?","?","$","M","R","M","?","T","$","R","M","R","M","R","B"],"character_chosen":"THE_SILENT","items_purchased":["Membership Card","Cloak And Dagger"],"campfire_rested":1,"item_purchase_floors":[10,10],"current_hp_per_floor":[53,41,41,41,30,30,28,28,28,28,28,15,49,37,37,15,15],"gold":53,"neow_bonus":"ONE_RANDOM_RARE_CARD","is_daily":false,"chose_seed":false,"campfire_upgraded":1,"win_rate":0.0,"timestamp":1609135538,"path_taken":["M","?","?","$","M","R","?","?","T","$","R","M","R","?","R","BOSS"],"items_purchased_type":["Relic","Card"],"build_version":"2020-12-22","purchased_purges":1,"victory":false,"max_hp_per_floor":[66,66,66,66,66,66,66,66,66,66,66,66,66,66,66,66,66],"card_choices":[{"not_picked":["Setup","Sucker Punch"],"picked":"Poisoned Stab","floor":1},{"not_picked":["Underhanded Strike","PiercingWail","Outmaneuver"],"picked":"SKIP","floor":5},{"not_picked":["Prepared","Endless Agony","Terror"],"picked":"SKIP","floor":7},{"not_picked":["Sucker Punch","Cloak And Dagger","Dagger Spray"],"picked":"SKIP","floor":12},{"not_picked":["Dodge and Roll","Backflip"],"picked":"Slice","floor":14}],"player_experience":879227,"relics_obtained":[{"floor":9,"key":"Bag of Preparation"},{"floor":11,"key":"Regal Pillow"},{"floor":15,"key":"Molten Egg 2"}],"event_choices":[{"damage_healed":0,"gold_gain":0,"player_choice":"Success","damage_taken":12,"relics_obtained":["Shovel"],"max_hp_gain":0,"max_hp_loss":0,"event_name":"Scrap Ooze","floor":2,"gold_loss":0},{"damage_healed":0,"gold_gain":100,"player_choice":"Gold","damage_taken":0,"max_hp_gain":0,"max_hp_loss":0,"event_name":"Wheel of Change","floor":3,"gold_loss":0},{"damage_healed":0,"gold_gain":0,"player_choice":"Trade","damage_taken":0,"relics_obtained":["GremlinMask"],"max_hp_gain":0,"max_hp_loss":0,"event_name":"FaceTrader","floor":8,"gold_loss":0}],"is_beta":false,"boss_relics":[],"items_purged_floors":[4],"is_endless":false,"potions_floor_spawned":[1,5,7],"killed_by":"Slime Boss","ascension_level":14}}