{"host":"ba8fi0vd2808q8ml","time":1609167150,"event":{"mods":["2.2 Compatiblity","AchievementEnabler","BaseMod","Hermit","Lobotomy","LobotomyExtend","Marisa£¨Ùöéë¡¡Øª×âÞÞ£©","Minty Spire (QoL Compilation)","StSLib","SuperFastMode","Td1madao Mod","The Bug Knight","The Cursed"],"gold_per_floor":[212,212,222,233,253,253,284,300,353,353,373,391,194,209,209,306,306,320,419,439,439,452,452,483,483,483],"floor_reached":25,"playtime":1408,"items_purged":[],"score":252,"play_id":"943ba8fc-13a4-4a21-8388-0f1963936580","local_time":"20201228235230","is_ascension_mode":false,"campfire_choices":[{"data":"hermit:CalledShot","floor":6,"key":"SMITH"},{"data":"hermit:HighNoon","floor":10,"key":"SMITH"},{"floor":15,"key":"REST"},{"floor":23,"key":"REST"}],"circlet_count":0,"master_deck":["hermit:Strike_Hermit","hermit:Strike_Hermit","hermit:Strike_Hermit","hermit:Defend_Hermit","hermit:Defend_Hermit","hermit:Defend_Hermit","hermit:Defend_Hermit","hermit:Snapshot","hermit:Covet","hermit:NoHoldsBarred","hermit:Vantage","hermit:CalledShot+1","hermit:HighNoon+1","hermit:CalledShot","hermit:Combo","hermit:TrackingShot","hermit:CalledShot","hermit:ItchyTrigger","hermit:Magnum","hermit:Headshot","hermit:Headshot","hermit:Dissolve"],"relics":["hermit:ClaspedLocket","Potion Belt","Omamori","LetterFromLob","HandDrill","WarpedTongs","Pear"],"acts_visited":["Exordium","TheCity"],"potions_floor_usage":[7,16,20],"damage_taken":[{"damage":0,"enemies":"Small Slimes","floor":1,"turns":3},{"damage":1,"enemies":"Cultist","floor":3,"turns":3},{"damage":1,"enemies":"Jaw Worm","floor":4,"turns":3},{"damage":3,"enemies":"Red Slaver","floor":5,"turns":5},{"damage":0,"enemies":"HollowMod:MossKnight","floor":7,"turns":7},{"damage":3,"enemies":"3 Louse","floor":8,"turns":2},{"damage":3,"enemies":"Looter","floor":11,"turns":3},{"damage":9,"enemies":"Exordium Wildlife","floor":12,"turns":4},{"damage":11,"enemies":"2 Fungi Beasts","floor":14,"turns":4},{"damage":61,"enemies":"Hexaghost","floor":16,"turns":9},{"damage":14,"enemies":"Chosen","floor":18,"turns":6},{"damage":25,"enemies":"3 Byrds","floor":20,"turns":4},{"damage":25,"enemies":"Snake Plant","floor":22,"turns":3},{"damage":24,"enemies":"HollowMod:Nosk","floor":24,"turns":8},{"damage":22,"enemies":"Cultist and Chosen","floor":25,"turns":6}],"seed_played":"6707574221433538841","potions_obtained":[{"floor":1,"key":"Dexterity Potion"},{"floor":4,"key":"SkillPotion"},{"floor":8,"key":"Explosive Potion"},{"floor":11,"key":"hermit:Eclipse"},{"floor":20,"key":"Strength Potion"},{"floor":24,"key":"FearPotion"}],"is_trial":false,"path_per_floor":["M","?","M","M","M","R","E","M","T","R","M","M","$","M","R","B",null,"M","?","M","?","M","R","E","M"],"character_chosen":"HERMIT","items_purchased":["HandDrill","hermit:CalledShot"],"campfire_rested":2,"item_purchase_floors":[13,13],"current_hp_per_floor":[75,75,74,73,70,70,70,67,67,67,64,55,55,44,66,5,75,61,61,36,36,11,33,19,0,0],"gold":483,"neow_bonus":"HUNDRED_GOLD","is_daily":false,"chose_seed":false,"campfire_upgraded":2,"win_rate":0.0,"timestamp":1609167150,"path_taken":["M","?","?","M","M","R","E","M","T","R","M","M","$","M","R","BOSS","M","?","M","?","M","R","E","?"],"items_purchased_type":["Relic","Card"],"build_version":"2020-12-22","purchased_purges":0,"victory":false,"max_hp_per_floor":[75,75,75,75,75,75,75,75,75,75,75,75,75,75,75,75,75,75,75,75,75,75,75,85,85,85],"card_choices":[{"not_picked":["hermit:Brawl","hermit:Desperado","hermit:Horror"],"picked":"SKIP","floor":1},{"not_picked":["hermit:Grudge","hermit:CursedWeapon"],"picked":"hermit:Vantage","floor":3},{"not_picked":["hermit:BodyArmor","hermit:BigShot"],"picked":"hermit:CalledShot","floor":4},{"not_picked":["hermit:LuckOfTheDraw","hermit:Feint","hermit:WideOpen"],"picked":"SKIP","floor":5},{"not_picked":["hermit:BodyArmor","hermit:HighCaliber"],"picked":"hermit:HighNoon","floor":7},{"not_picked":["hermit:Malice","hermit:HighCaliber"],"picked":"hermit:CalledShot","floor":8},{"not_picked":["hermit:Manifest","hermit:CalledShot"],"picked":"hermit:Combo","floor":11},{"not_picked":["hermit:DeadMansHand","hermit:BodyArmor"],"picked":"hermit:TrackingShot","floor":12},{"not_picked":["hermit:GoldenBullet","hermit:Virtue"],"picked":"hermit:ItchyTrigger","floor":14},{"not_picked":["hermit:OverwhelmingPower","hermit:DeadOrAlive"],"picked":"hermit:Magnum","floor":16},{"not_picked":["hermit:FlashPowder","hermit:HoleUp"],"picked":"hermit:Headshot","floor":18},{"not_picked":["hermit:Misfire","hermit:LowProfile","hermit:LuckOfTheDraw"],"picked":"SKIP","floor":20},{"not_picked":["hermit:LowProfile","hermit:GhostlyPresence"],"picked":"hermit:Headshot","floor":22},{"not_picked":["hermit:Vantage+1","hermit:Shortfuse"],"picked":"hermit:Dissolve","floor":24}],"player_experience":64402,"relics_obtained":[{"floor":7,"key":"Potion Belt"},{"floor":9,"key":"Omamori"},{"floor":12,"key":"LetterFromLob"},{"floor":24,"key":"Pear"}],"event_choices":[{"damage_healed":0,"gold_gain":0,"cards_transformed":["hermit:Strike_Hermit"],"player_choice":"Transformed","damage_taken":0,"max_hp_gain":0,"max_hp_loss":0,"event_name":"Transmorgrifier","floor":2,"gold_loss":0,"cards_obtained":["hermit:NoHoldsBarred"]},{"damage_healed":0,"gold_gain":99,"player_choice":"Stole From Cult","damage_taken":0,"max_hp_gain":0,"max_hp_loss":0,"event_name":"Nest","floor":19,"gold_loss":0},{"damage_healed":0,"gold_gain":0,"player_choice":"Rummage","damage_taken":0,"relics_obtained":["WarpedTongs"],"max_hp_gain":0,"max_hp_loss":0,"event_name":"Accursed Blacksmith","floor":21,"gold_loss":0,"cards_obtained":["Pain"]}],"is_beta":false,"boss_relics":[{"not_picked":["Sozu","Cursed Key"],"picked":"hermit:ClaspedLocket"}],"items_purged_floors":[],"is_endless":false,"potions_floor_spawned":[1,4,8,11,20,24],"killed_by":"Cultist and Chosen","ascension_level":0}}