{"host":"ql9d3hodw6ja2r3y","time":1609120663,"event":{"mods":["2.2 Compatiblity","A Magickal Journey","AchievementEnabler","Act Like it!","AlwaysNeverKeys","Aspiration","BaseMod","Beaked The Cultist","Better Altar","Better Match","Better Note","Better Sensory Stone","Better Skull","Better Third Choice","Better Vampires","BetterRewards","CCEM","Challenge The Spire","Colored Map","Colored Powertips","Conspire","Curses Come First","Displayed Cursed Tome","Downfall","Friendly Minions","GifTheSpireLib","Halation","Hermit","Highlight Path","Hubris","Infinite Spire","Jedi Mod","Marked Mod","Mimic Mod","Minty Spire (QoL Compilation)","Potion Indicator Mod","Quick Restart","Random Character Button","Rare Cards Sparkle","RatMod","Relic Sorter","Relic Stats","Replay The Spire","Shade Mod","Somnambulant","Spicy Shops","Spikes Relics","StSLib","Stuff the Spire","The Blue Laboratory","The Bug Knight","The Construct","The Disciple","The Forsaken","The Marked","The Runesmith","The Showman","The Spell Scribe","Trackpad","vexMod"],"gold_per_floor":[110,110,124,135,135,135,162,175,175,175,175,350,360,378,378,378,378],"floor_reached":16,"playtime":989,"items_purged":[],"score":102,"play_id":"51854a64-7191-44c3-a7fb-a6b54c9787a4","local_time":"20201228025743","is_ascension_mode":false,"campfire_choices":[{"data":"Flex","floor":6,"key":"SMITH"},{"floor":11,"key":"REST"},{"floor":15,"key":"REST"}],"circlet_count":0,"master_deck":["Strike_R","Strike_R","Strike_R","Strike_R","Strike_R","Defend_R","Defend_R","Defend_R","Defend_R","Bash","Metallicize","Flex+1","hubris:CleavingFinish","Clash","conspire:ExplosiveBarrier","theForsaken:PlagueCurse","Doubt","Thunderclap","StuffTheSpire:Incineration"],"relics":["Burning Blood","GremlinMask","Bird Faced Urn","rat:ZhonyasHourglass","theForsaken:PlagueMask"],"acts_visited":["Exordium"],"potions_floor_usage":[8,13,16],"damage_taken":[{"damage":5,"enemies":"conspire:RoseBush","floor":1,"turns":4},{"damage":3,"enemies":"Cultist","floor":3,"turns":4},{"damage":0,"enemies":"Small Slimes","floor":4,"turns":4},{"damage":17,"enemies":"Replay:BlueRogue","floor":7,"turns":7},{"damage":13,"enemies":"2 Fungi Beasts","floor":8,"turns":4},{"damage":9,"enemies":"Looter","floor":13,"turns":5},{"damage":21,"enemies":"Large Slime","floor":14,"turns":9},{"damage":82,"enemies":"The Guardian","floor":16,"turns":12}],"seed_played":"3760533404050348996","potions_obtained":[{"floor":3,"key":"blueLaboratory:Moonshine"},{"floor":8,"key":"blueLaboratory:BottleOfVodka"},{"floor":13,"key":"Reflective Coating"}],"is_trial":false,"path_per_floor":["M","?","M","M","?","R","E","M","T","?","R","?","M","M","R","B"],"character_chosen":"IRONCLAD","items_purchased":[],"campfire_rested":2,"item_purchase_floors":[],"current_hp_per_floor":[80,80,80,80,80,80,69,64,64,64,80,80,79,65,80,0,0],"gold":378,"neow_bonus":"","is_daily":false,"chose_seed":false,"campfire_upgraded":1,"win_rate":0.0,"timestamp":1609120663,"path_taken":["M","?","?","M","?","R","E","?","T","?","R","?","M","M","R","BOSS"],"items_purchased_type":[],"build_version":"2020-12-22","purchased_purges":0,"victory":false,"max_hp_per_floor":[80,80,80,80,80,80,80,80,80,80,80,80,80,80,80,80,80],"relic_stats":{"counters":[8,49],"Bird Faced Urn":[7],"obtain_stats":[{"Bird Faced Urn":7,"GremlinMask":2,"rat:ZhonyasHourglass":9,"theForsaken:PlagueMask":10,"Burning Blood":0},{"Bird Faced Urn":4,"GremlinMask":1,"rat:ZhonyasHourglass":5,"theForsaken:PlagueMask":5,"Burning Blood":0},{"Bird Faced Urn":19,"GremlinMask":4,"rat:ZhonyasHourglass":23,"theForsaken:PlagueMask":23,"Burning Blood":0}],"Burning Blood":32},"card_choices":[{"not_picked":["Warcry","Iron Wave"],"picked":"Metallicize","floor":1},{"not_picked":["StuffTheSpire:Pyroclast","Abandon"],"picked":"Flex","floor":3},{"not_picked":["jedi:fear","Body Slam"],"picked":"hubris:CleavingFinish","floor":4},{"not_picked":["StuffTheSpire:Resist","Clothesline"],"picked":"Clash","floor":7},{"not_picked":["Thunderclap","jedi:suffering"],"picked":"conspire:ExplosiveBarrier","floor":8},{"not_picked":["Rampage","Uppercut"],"picked":"Thunderclap","floor":13},{"not_picked":["Replay:Undeath\u0027s Touch","ReplayTheSpireMod:Corrosion Curse"],"picked":"StuffTheSpire:Incineration","floor":14}],"player_experience":0,"relics_obtained":[{"floor":7,"key":"Bird Faced Urn"},{"floor":9,"key":"rat:ZhonyasHourglass"}],"event_choices":[{"damage_healed":0,"gold_gain":0,"player_choice":"Trade","damage_taken":0,"relics_obtained":["GremlinMask"],"max_hp_gain":0,"max_hp_loss":0,"event_name":"FaceTrader","floor":2,"gold_loss":0},{"cards_removed":["Flex"],"damage_healed":0,"gold_gain":0,"player_choice":"Give","damage_taken":0,"max_hp_gain":0,"max_hp_loss":0,"event_name":"betterNote:BetterNote","floor":5,"gold_loss":0,"cards_obtained":["None"]},{"damage_healed":0,"gold_gain":0,"player_choice":"Obtain Plague Curse","damage_taken":0,"max_hp_gain":0,"max_hp_loss":0,"event_name":"Plague Doctor","floor":10,"gold_loss":0,"cards_obtained":["theForsaken:PlagueCurse"]},{"damage_healed":0,"gold_gain":175,"player_choice":"AGREE","damage_taken":175,"max_hp_gain":0,"max_hp_loss":0,"event_name":"betterThird:BetterSerpent","floor":12,"gold_loss":0}],"is_beta":false,"boss_relics":[],"items_purged_floors":[],"is_endless":false,"potions_floor_spawned":[3,8,13],"killed_by":"The Guardian","ascension_level":0}}