{"host":"hgkb2zpbo2dcws21","time":1609159047,"event":{"mods":["AchievementEnabler","BaseMod","Colored Map","Colored Powertips","Custom Start","DeckTracker","KOR Keyword Fix","Minty Spire (QoL Compilation)","Relic Stats","StSLib","SuperFastMode"],"gold_per_floor":[109,109,132,132,151,151,191,216,216,260,109,34,78,78,78,78,78],"floor_reached":16,"playtime":295,"items_purged":["Strike_P"],"score":212,"play_id":"d9f5a84e-0425-40b1-9c6f-13345e8d231f","local_time":"20201228213727","is_ascension_mode":true,"campfire_choices":[{"data":"Eruption","floor":6,"key":"SMITH"},{"floor":15,"key":"REST"}],"circlet_count":0,"master_deck":["AscendersBane","Strike_P","Strike_P","Defend_P","Defend_P","Defend_P","Eruption+1","Vigilance","Vengeance","Alpha","EmptyMind","ForeignInfluence","InnerPeace","Prostrate"],"relics":["PureWater","NeowsBlessing","Golden Idol","Meat on the Bone","Mercury Hourglass","Eternal Feather","Shuriken"],"acts_visited":["Exordium"],"potions_floor_usage":[10,16],"damage_taken":[{"damage":0,"enemies":"2 Louse","floor":1,"turns":2},{"damage":0,"enemies":"Cultist","floor":3,"turns":1},{"damage":0,"enemies":"Jaw Worm","floor":5,"turns":1},{"damage":17,"enemies":"3 Sentries","floor":7,"turns":4},{"damage":10,"enemies":"Looter","floor":8,"turns":4},{"damage":17,"enemies":"Lagavulin","floor":10,"turns":6},{"damage":27,"enemies":"3 Sentries","floor":13,"turns":5},{"damage":38,"enemies":"The Guardian","floor":16,"turns":5}],"seed_played":"-768858956507439228","potions_obtained":[{"floor":1,"key":"Energy Potion"},{"floor":3,"key":"Swift Potion"},{"floor":10,"key":"DuplicationPotion"}],"is_trial":false,"path_per_floor":["M","?","M","?","M","R","E","M","T","E","$","?","E","$","R","B"],"character_chosen":"WATCHER","items_purchased":["InnerPeace"],"campfire_rested":1,"item_purchase_floors":[11],"current_hp_per_floor":[61,61,61,61,61,61,44,34,34,29,29,29,14,14,38,0,0],"gold":78,"neow_bonus":"THREE_ENEMY_KILL","is_daily":false,"chose_seed":false,"campfire_upgraded":1,"win_rate":0.0,"timestamp":1609159047,"path_taken":["M","?","M","?","?","R","E","?","T","E","?","?","E","$","R","BOSS"],"items_purchased_type":["Card"],"build_version":"2020-12-22","purchased_purges":1,"victory":false,"max_hp_per_floor":[68,62,62,62,62,62,62,62,62,62,62,62,62,62,62,62,62],"relic_stats":{"counters":[8,28],"Golden Idol":40,"Shuriken":[0],"Eternal Feather":6,"obtain_stats":[{"NeowsBlessing":0,"Golden Idol":2,"Shuriken":13,"Eternal Feather":10,"PureWater":0,"Meat on the Bone":7,"Mercury Hourglass":9},{"NeowsBlessing":0,"Golden Idol":1,"Shuriken":7,"Eternal Feather":6,"PureWater":0,"Meat on the Bone":4,"Mercury Hourglass":5},{"NeowsBlessing":0,"Golden Idol":2,"Shuriken":23,"Eternal Feather":18,"PureWater":0,"Meat on the Bone":8,"Mercury Hourglass":12}],"Meat on the Bone":24,"Mercury Hourglass":[63]},"card_choices":[{"not_picked":["Fasting2","Swivel","CutThroughFate"],"picked":"SKIP","floor":1},{"not_picked":["Wireheading","BowlingBash"],"picked":"Vengeance","floor":3},{"not_picked":["EmptyBody","FlyingSleeves","Crescendo"],"picked":"SKIP","floor":5},{"not_picked":["CutThroughFate","Crescendo"],"picked":"EmptyMind","floor":7},{"not_picked":["Vengeance","BattleHymn"],"picked":"ForeignInfluence","floor":8},{"not_picked":["BattleHymn","ReachHeaven","Nirvana"],"picked":"SKIP","floor":10},{"not_picked":["FlyingSleeves","WreathOfFlame"],"picked":"Prostrate","floor":13}],"player_experience":1113894,"relics_obtained":[{"floor":7,"key":"Meat on the Bone"},{"floor":9,"key":"Mercury Hourglass"},{"floor":10,"key":"Eternal Feather"},{"floor":13,"key":"Shuriken"}],"event_choices":[{"damage_healed":0,"gold_gain":0,"player_choice":"Lose Max HP","damage_taken":0,"relics_obtained":["Golden Idol"],"max_hp_gain":0,"max_hp_loss":6,"event_name":"Golden Idol","floor":2,"gold_loss":0},{"damage_healed":0,"gold_gain":0,"cards_transformed":["Strike_P"],"player_choice":"Transformed","damage_taken":0,"max_hp_gain":0,"max_hp_loss":0,"event_name":"Transmorgrifier","floor":4,"gold_loss":0,"cards_obtained":["Alpha"]},{"cards_removed":["Defend_P"],"damage_healed":0,"gold_gain":0,"player_choice":"Card Removal","damage_taken":0,"max_hp_gain":0,"max_hp_loss":0,"event_name":"The Cleric","floor":12,"gold_loss":75}],"is_beta":false,"boss_relics":[],"items_purged_floors":[11],"is_endless":false,"potions_floor_spawned":[1,3,10,13],"killed_by":"The Guardian","ascension_level":16}}