{"host":"7z347kdhnquy3q4q","time":1609157225,"event":{"mods":["Act Like it!","Aspiration","BaseMod","Downfall","Hubris","Infinite Spire","Minty Spire (QoL Compilation)","MostiFishMod","Permanent Neow","Potionbrewer","Replay The Spire","Robot Space Explorer","Spicy Shops","StSLib","Wandering Minibosses","vexMod"],"gold_per_floor":[99,110,125,23,23,8,34,34,68,68,84,110,110,127,144,218,218,195,195,205,222,222,222,246,256,341,341,266,277,277,296,311,386,386,386,405,336,389,51,51,51,65,104,15,32,65,65,65,77,77],"floor_reached":51,"playtime":3089,"items_purged":["Injury","RobotSpaceExplorer:Strike"],"score":1291,"play_id":"8f2d24ce-af38-4a7e-a9de-c0f3f0d61fed","local_time":"20201228060705","is_ascension_mode":true,"campfire_choices":[{"data":"RobotSpaceExplorer:Pulsar","floor":8.0,"key":"SMITH"},{"floor":23.0,"key":"REST"},{"floor":28.0,"key":"REST"},{"data":"RobotSpaceExplorer:Scan","floor":30.0,"key":"SMITH"},{"data":"MostiFishMod:FantasySummer","floor":35.0,"key":"SMITH"},{"data":"RobotSpaceExplorer:TrailblazerForm","floor":40.0,"key":"SMITH"},{"floor":47.0,"key":"REST"}],"circlet_count":0,"master_deck":["AscendersBane","RobotSpaceExplorer:Strike","RobotSpaceExplorer:Strike","RobotSpaceExplorer:Defend","RobotSpaceExplorer:Defend","RobotSpaceExplorer:Defend","RobotSpaceExplorer:Scan+1","RobotSpaceExplorer:MiniLasers","RobotSpaceExplorer:Discharger","RobotSpaceExplorer:MetalStrike","RobotSpaceExplorer:ShovelStrike","expansioncontent:PrepareCrush","RobotSpaceExplorer:Pulsar+1","RobotSpaceExplorer:LaserBurst+1","RobotSpaceExplorer:ScrapMissile+1","RobotSpaceExplorer:LaserBurst+1","RobotSpaceExplorer:MiniDrones+1","RobotSpaceExplorer:PowerGlove","Replay:Fractal Strike+1","RobotSpaceExplorer:ScrapShield","RobotSpaceExplorer:IronShell","RobotSpaceExplorer:Probe+1","RobotSpaceExplorer:ScrapMissile+1","RobotSpaceExplorer:Autoloader","MostiFishMod:Neptune+1","MostiFishMod:TheEndOfMoonlight+1","MostiFishMod:SparklingWater","MostiFishMod:FantasySummer+1","MostiFishMod:NightSea","RobotSpaceExplorer:JunkDive","RobotSpaceExplorer:MiniBoosters+1","RobotSpaceExplorer:MiniDrones+1","expansioncontent:DashGenerateEvil+1","ReplayTheSpireMod:IOU","RobotSpaceExplorer:TrailblazerForm+1","RobotSpaceExplorer:MiniDrones+1","RobotSpaceExplorer:MiniBoosters+1","RobotSpaceExplorer:Pulsar+1"],"relics":["RobotSpaceExplorer:RoboCore","DaveBox","Brimstone","Potion Belt","Pet Ghost","Replay:Baseball","Orichalcum","Smiling Mask","Molten Egg 2","aspiration:Lifesprig","RhineFirstAidKit","downfall:HeartBlessingGreen","Nilry\u0027s Codex","Nunchaku","wanderingMiniBosses:Inkheart","downfall:HeartBlessingBlue","MoonlightInvasionPlan","Kunai","Ice Cream","PreservedInsect","Replay:Wax Seal","Bird Faced Urn","Torii","infinitespire:Lucky Rock"],"acts_visited":["Exordium","TheCity","TheBeyond"],"potions_floor_usage":[],"damage_taken":[{"damage":1.0,"enemies":"Cultist","floor":2.0,"turns":3.0},{"damage":0.0,"enemies":"2 Louse","floor":3.0,"turns":2.0},{"damage":0.0,"enemies":"downfall:FleeingMerchant","floor":4.0,"turns":7.0},{"damage":0.0,"enemies":"downfall:FleeingMerchant","floor":6.0,"turns":4.0},{"damage":1.0,"enemies":"Replay:BlueRogue","floor":9.0,"turns":4.0},{"damage":0.0,"enemies":"Small Slimes","floor":11.0,"turns":2.0},{"damage":15.0,"enemies":"Lagavulin","floor":12.0,"turns":5.0},{"damage":0.0,"enemies":"3 Louse","floor":14.0,"turns":2.0},{"damage":0.0,"enemies":"Large Slime","floor":15.0,"turns":2.0},{"damage":14.0,"enemies":"downfall:Silent","floor":16.0,"turns":4.0},{"damage":0.0,"enemies":"3 Byrds","floor":20.0,"turns":3.0},{"damage":0.0,"enemies":"Chosen","floor":21.0,"turns":3.0},{"damage":0.0,"enemies":"3 Cultists","floor":25.0,"turns":5.0},{"damage":0.0,"enemies":"Snake Plant","floor":29.0,"turns":2.0},{"damage":0.0,"enemies":"Snecko","floor":31.0,"turns":2.0},{"damage":0.0,"enemies":"Centurion and Healer","floor":32.0,"turns":4.0},{"damage":33.0,"enemies":"downfall:Watcher","floor":33.0,"turns":5.0},{"damage":0.0,"enemies":"Orb Walker","floor":36.0,"turns":2.0},{"damage":0.0,"enemies":"downfall:FleeingMerchant","floor":37.0,"turns":2.0},{"damage":0.0,"enemies":"2 Orb Walkers","floor":38.0,"turns":3.0},{"damage":0.0,"enemies":"3 Darklings","floor":42.0,"turns":3.0},{"damage":5.0,"enemies":"Jaw Worm Horde","floor":44.0,"turns":3.0},{"damage":0.0,"enemies":"Spire Growth","floor":45.0,"turns":2.0},{"damage":5.0,"enemies":"Nemesis","floor":46.0,"turns":5.0},{"damage":11,"enemies":"Writhing Mass","floor":49,"turns":4},{"damage":5,"enemies":"downfall:Ironclad","floor":50,"turns":5}],"seed_played":"-1348834833040578641","potions_obtained":[{"floor":2.0,"key":"Languid Potion"},{"floor":3.0,"key":"SpeedPotion"},{"floor":14.0,"key":"EntropicBrew"},{"floor":15.0,"key":"ColorlessPotion"},{"floor":20.0,"key":"Guardian:BlockOnCardUsePotion"},{"floor":25.0,"key":"Swift Potion"},{"floor":31.0,"key":"Block Potion"},{"floor":32.0,"key":"Elixir"},{"floor":38.0,"key":"Fire Potion"},{"floor":42.0,"key":"Fire Potion"},{"floor":45.0,"key":"AttackPotion"}],"is_trial":false,"path_per_floor":["R","M","M","$","?","$","T","R","E","?","M","E","?","M","M","B",null,"R","?","M","M","?","R","T","M","?","T","R","M","R","M","M","B",null,"R","M","$","?","$","R","T","M","?","M","M","E","R","?","M","B",null],"character_chosen":"RobotSpaceExplorer","items_purchased":["expansioncontent:PrepareCrush","Kunai","RobotSpaceExplorer:MiniBoosters+1","PreservedInsect","expansioncontent:DashGenerateEvil+1","Replay:Wax Seal","RobotSpaceExplorer:TrailblazerForm"],"campfire_rested":3,"item_purchase_floors":[4,37,37,39,39,39,39],"current_hp_per_floor":[68,67,67,67,67,67,67,67,66,66,66,51,51,51,51,37,66,66,49,49,49,33,55,55,55,47,47,82,82,82,82,82,49,76,76,76,76,76,76,76,76,80,59,60,64,65,85,85,82,85],"gold":77,"neow_bonus":"RANDOM_COMMON_RELIC","is_daily":false,"chose_seed":false,"campfire_upgraded":4,"win_rate":0.0,"timestamp":1609157225,"path_taken":["R","M","M","$","?","$","T","R","E","?","M","E","?","M","M","BOSS","R","?","M","M","?","R","T","M","?","?","R","M","R","M","M","BOSS","R","M","$","?","$","R","T","M","?","M","?","E","R","?","M","BOSS"],"items_purchased_type":["Card","Relic","Card","Relic","Card","Relic","Card"],"build_version":"2020-12-22","purchased_purges":2,"victory":true,"max_hp_per_floor":[75,75,75,75,75,75,75,75,75,75,75,75,75,75,75,75,75,75,75,75,75,75,75,75,75,75,75,85,85,85,85,85,85,85,85,85,85,85,85,85,85,85,85,85,85,85,85,85,85,85],"card_choices":[{"not_picked":["RobotSpaceExplorer:GlueShot","RobotSpaceExplorer:DualCore"],"picked":"RobotSpaceExplorer:MetalStrike","floor":2.0},{"not_picked":["RobotSpaceExplorer:ImprovisedAttack","RobotSpaceExplorer:Counterblock"],"picked":"RobotSpaceExplorer:ShovelStrike","floor":3.0},{"not_picked":["RobotSpaceExplorer:DualCore","RobotSpaceExplorer:ShovelStrike","RobotSpaceExplorer:GlueShot"],"picked":"SKIP","floor":4.0},{"not_picked":["RobotSpaceExplorer:MetalStrike","RobotSpaceExplorer:SurgingShield"],"picked":"RobotSpaceExplorer:Pulsar","floor":6.0},{"not_picked":["RobotSpaceExplorer:SurgingStrike","RobotSpaceExplorer:SlimeMissile","RobotSpaceExplorer:ShovelStrike"],"picked":"SKIP","floor":9.0},{"not_picked":["RobotSpaceExplorer:PowerCollector","RobotSpaceExplorer:ShockKick+1"],"picked":"RobotSpaceExplorer:LaserBurst+1","floor":11.0},{"not_picked":["RobotSpaceExplorer:MakeshiftVolley+1","RobotSpaceExplorer:StarDust"],"picked":"RobotSpaceExplorer:ScrapMissile+1","floor":12.0},{"not_picked":["RobotSpaceExplorer:ScrapMissile+1","RobotSpaceExplorer:ShockKick+1"],"picked":"RobotSpaceExplorer:MiniDrones+1","floor":14.0},{"not_picked":["RobotSpaceExplorer:Blitz+1","RobotSpaceExplorer:Reload"],"picked":"RobotSpaceExplorer:PowerGlove","floor":15.0},{"not_picked":["RobotSpaceExplorer:BlastShield","RobotSpaceExplorer:Exploration"],"picked":"RobotSpaceExplorer:Wormhole","floor":16.0},{"not_picked":["infinitespire:Starlight","hubris:Rewind"],"picked":"Replay:Fractal Strike","floor":19.0},{"not_picked":["RobotSpaceExplorer:Jetpack+1","RobotSpaceExplorer:Counterblock"],"picked":"RobotSpaceExplorer:ScrapShield","floor":20.0},{"not_picked":["RobotSpaceExplorer:ShovelStrike+1","RobotSpaceExplorer:ScrapShield"],"picked":"RobotSpaceExplorer:IronShell","floor":21.0},{"not_picked":["RobotSpaceExplorer:Pulsar","RobotSpaceExplorer:FranticSearch+1","RobotSpaceExplorer:Jetpack"],"picked":"SKIP","floor":25.0},{"not_picked":["RobotSpaceExplorer:ShockKick+1","RobotSpaceExplorer:MakeshiftVolley+1"],"picked":"RobotSpaceExplorer:Probe+1","floor":29.0},{"not_picked":["RobotSpaceExplorer:PowerGlove","RobotSpaceExplorer:GlueSpray"],"picked":"RobotSpaceExplorer:ScrapMissile+1","floor":31.0},{"not_picked":["RobotSpaceExplorer:FranticSearch+1","RobotSpaceExplorer:SurgingStrike+1","RobotSpaceExplorer:ImprovisedAttack+1"],"picked":"SKIP","floor":32.0},{"not_picked":["RobotSpaceExplorer:Blaster+1","RobotSpaceExplorer:DroneSwarm"],"picked":"RobotSpaceExplorer:Autoloader","floor":33.0},{"not_picked":["RobotSpaceExplorer:ImprovisedAttack+1","RobotSpaceExplorer:Jetpack","RobotSpaceExplorer:TurboDodge"],"picked":"SKIP","floor":36.0},{"not_picked":["RobotSpaceExplorer:FrostMissile+1","RobotSpaceExplorer:Discharger"],"picked":"RobotSpaceExplorer:JunkDive","floor":37.0},{"not_picked":["RobotSpaceExplorer:GlueShot+1","RobotSpaceExplorer:PowerCollector"],"picked":"RobotSpaceExplorer:MiniDrones+1","floor":38.0},{"not_picked":["RobotSpaceExplorer:SurgingStrike+1","RobotSpaceExplorer:ScrapMissile+1"],"picked":"RobotSpaceExplorer:MiniDrones+1","floor":42.0},{"not_picked":["RobotSpaceExplorer:ExhaustFan","RobotSpaceExplorer:Probe+1"],"picked":"RobotSpaceExplorer:MiniBoosters+1","floor":43.0},{"not_picked":["RobotSpaceExplorer:GlueShot","RobotSpaceExplorer:FranticSearch","RobotSpaceExplorer:Discharger"],"picked":"SKIP","floor":44.0},{"not_picked":["RobotSpaceExplorer:SlimeMissile+1","RobotSpaceExplorer:FranticSearch+1","RobotSpaceExplorer:SwiftStep"],"picked":"SKIP","floor":45.0},{"not_picked":["RobotSpaceExplorer:Smokescreen+1","RobotSpaceExplorer:SurgingStrike+1"],"picked":"RobotSpaceExplorer:Pulsar+1","floor":46.0},{"not_picked":["RobotSpaceExplorer:MiniBoosters","RobotSpaceExplorer:Counterblock","RobotSpaceExplorer:ShovelStrike+1"],"picked":"SKIP","floor":49}],"player_experience":1921692,"relics_obtained":[{"floor":2.0,"key":"Pet Ghost"},{"floor":5.0,"key":"Replay:Baseball"},{"floor":7.0,"key":"Orichalcum"},{"floor":9.0,"key":"Smiling Mask"},{"floor":12.0,"key":"aspiration:Lifesprig"},{"floor":22.0,"key":"Nilry\u0027s Codex"},{"floor":24.0,"key":"Nunchaku"},{"floor":25.0,"key":"wanderingMiniBosses:Inkheart"},{"floor":38.0,"key":"Ice Cream"},{"floor":41.0,"key":"Bird Faced Urn"},{"floor":43.0,"key":"Torii"},{"floor":46.0,"key":"infinitespire:Lucky Rock"}],"event_choices":[{"damage_healed":0.0,"max_hp_gain":0.0,"max_hp_loss":0.0,"gold_gain":0.0,"event_name":"Mysterious Sphere","player_choice":"Fight","floor":38.0,"gold_loss":0.0,"damage_taken":0.0},{"cards_removed":["RobotSpaceExplorer:Strike"],"damage_healed":0.0,"max_hp_gain":0.0,"max_hp_loss":0.0,"gold_gain":0.0,"event_name":"Falling","player_choice":"Removed Attack","floor":48.0,"gold_loss":0.0,"damage_taken":0.0}],"is_beta":false,"boss_relics":[{"not_picked":["xbg","NightmareShop"],"picked":"RhineFirstAidKit"},{"not_picked":["MostiFishMod:Hod","aspiration:WatcherSkillbook"],"picked":"MoonlightInvasionPlan"}],"items_purged_floors":[37,37],"is_endless":false,"potions_floor_spawned":[2,3,14,15,20,25,31,32,38,42,45],"ascension_level":13}}