{"host":"tr12w2fixbnujl15","time":1609199943,"event":{"mods":["2.2 Compatiblity","BaseMod","Better Skull","BetterRewards","Colored Powertips","Hubris","Infinite Spire","Jorbs\u0027s Wanderer Trilogy","Melee Mod","Minty Spire (QoL Compilation)","Quick Restart","Railgun Mod","Replay The Spire","StSLib","SuperFastMode","The Animator","The Dragon Tamer","The Marked","WarShipGirlsR/????R mod"],"gold_per_floor":[116,291,291,311,311,336,363,363,363,389,138,138,167,186,186,186,186],"floor_reached":16,"playtime":552,"items_purged":[],"score":123,"play_id":"a4ee7daf-6e83-4a6b-819d-cd3b1ea2395d","local_time":"20201228185903","is_ascension_mode":false,"campfire_choices":[{"floor":12,"key":"REST"},{"floor":15,"key":"REST"}],"circlet_count":0,"master_deck":["animator:Strike_Konosuba","animator:Defend_Konosuba","animator:Strike","animator:Strike","animator:Strike","animator:Defend+1","animator:Defend","animator:Defend","animator:Kazuma","animator:Aqua","animator:DolaCouronne","animator:Jibril","animator:Rena","animator:Shinoa+1","animator:MamiTomoe","animator:Mitsurugi","animator:Verdia"],"relics":["animator:LivingPicture","animator:TheMissingPiece","animator:PurgingStone","NeowsBlessing","GremlinMask","hubris:64BitClover","infinitespire:Beetle Shell","Gremlin Horn","infinitespire:Satchel","Gremlin Food"],"acts_visited":["Exordium"],"potions_floor_usage":[13,16],"damage_taken":[{"damage":0,"enemies":"Small Slimes","floor":1,"turns":1},{"damage":0,"enemies":"Jaw Worm","floor":4,"turns":1},{"damage":0,"enemies":"3 Sentries","floor":6,"turns":2},{"damage":11,"enemies":"Cultist","floor":13,"turns":6},{"damage":23,"enemies":"Large Slime","floor":14,"turns":9},{"damage":63,"enemies":"Slime Boss","floor":16,"turns":9}],"seed_played":"3490624398728115591","potions_obtained":[{"floor":6,"key":"Weak Potion"},{"floor":14,"key":"SkillPotion"}],"is_trial":false,"path_per_floor":["M","?","?","M","?","E","T","?","T","T","$","R","M","M","R","B"],"character_chosen":"THE_ANIMATOR","items_purchased":["Gremlin Food","animator:Shinoa","animator:MamiTomoe"],"campfire_rested":2,"item_purchase_floors":[11,11,11],"current_hp_per_floor":[66,66,66,66,66,66,66,66,66,66,66,66,55,35,55,0,0],"gold":186,"neow_bonus":"THREE_ENEMY_KILL","is_daily":false,"chose_seed":false,"campfire_upgraded":0,"win_rate":0.0,"timestamp":1609199943,"path_taken":["M","?","?","?","?","E","?","?","T","?","$","R","M","M","R","BOSS"],"items_purchased_type":["Relic","Card","Card"],"build_version":"2020-12-22","purchased_purges":0,"victory":false,"max_hp_per_floor":[66,66,66,66,66,66,66,66,66,66,66,66,66,67,67,67,67],"card_choices":[{"not_picked":["animator:Evileye","animator:Genos"],"picked":"animator:DolaCouronne","floor":1},{"not_picked":["animator:Verdia","animator:Mitsurugi"],"picked":"animator:Jibril","floor":4},{"not_picked":["animator:Vanir","animator:Demiurge"],"picked":"animator:Rena","floor":6},{"not_picked":["animator:Verdia","animator:Kazuma"],"picked":"animator:Mitsurugi","floor":13},{"not_picked":["animator:OrikoMikuni","animator:DolaRiku"],"picked":"animator:Verdia","floor":14}],"player_experience":3698,"relics_obtained":[{"floor":6,"key":"hubris:64BitClover"},{"floor":7,"key":"infinitespire:Beetle Shell"},{"floor":9,"key":"Gremlin Horn"},{"floor":10,"key":"infinitespire:Satchel"}],"event_choices":[{"damage_healed":0,"gold_gain":175,"player_choice":"AGREE","damage_taken":0,"max_hp_gain":0,"max_hp_loss":0,"event_name":"Liars Game","floor":2,"gold_loss":0,"cards_obtained":["Doubt"]},{"damage_healed":0,"gold_gain":0,"player_choice":"Trade","damage_taken":0,"relics_obtained":["GremlinMask"],"max_hp_gain":0,"max_hp_loss":0,"event_name":"FaceTrader","floor":3,"gold_loss":0},{"cards_removed":["Doubt"],"damage_healed":0,"gold_gain":0,"player_choice":"Forget","damage_taken":0,"max_hp_gain":0,"max_hp_loss":0,"event_name":"Living Wall","floor":5,"gold_loss":0}],"is_beta":false,"boss_relics":[],"items_purged_floors":[],"is_endless":false,"potions_floor_spawned":[6,14],"killed_by":"Slime Boss","ascension_level":0}}