{"host":"x6tlfgqpy55vgxdn","time":1609158114,"event":{"mods":["AchievementEnabler","BaseMod","DeckTracker","Minty Spire (QoL Compilation)","Permanent Neow","StSLib","SuperFastMode"],"gold_per_floor":[109,109,11,25,25,25,58,58,58,58,89,106,106,121,121,221,221,234,249,249,52,52,87,87,113,113,113,129,129,145,145,145],"floor_reached":31,"playtime":665,"items_purged":["Strike_B","Pain"],"score":422,"play_id":"09e7bde5-6dca-42ed-b24a-442c4596ed7a","local_time":"20201228212154","is_ascension_mode":true,"campfire_choices":[{"data":"Beam Cell","floor":6.0,"key":"SMITH"},{"data":"Sunder","floor":8.0,"key":"SMITH"},{"data":"Streamline","floor":13.0,"key":"SMITH"},{"floor":15.0,"key":"REST"},{"floor":24.0,"key":"REST"},{"data":"Enlightenment","floor":29,"key":"SMITH"}],"circlet_count":0,"master_deck":["AscendersBane","Strike_B","Strike_B","Defend_B","Defend_B","Defend_B","Zap","Dualcast","Conserve Battery","Streamline+1","Beam Cell+1","Sunder+1","Self Repair+1","Meteor Strike","Enlightenment+1","Cold Snap","Regret","Go for the Eyes+1","Self Repair+1"],"relics":["Cursed Key","Incense Burner","Frozen Egg 2","Lizard Tail","Sozu","Dream Catcher","Bronze Scales","Kunai","Enchiridion"],"acts_visited":["Exordium","TheCity"],"potions_floor_usage":[],"damage_taken":[{"damage":4.0,"enemies":"Small Slimes","floor":1.0,"turns":5.0},{"damage":1.0,"enemies":"Cultist","floor":4.0,"turns":3.0},{"damage":23.0,"enemies":"3 Sentries","floor":7.0,"turns":8.0},{"damage":24.0,"enemies":"Lagavulin","floor":11.0,"turns":5.0},{"damage":3.0,"enemies":"Jaw Worm","floor":12.0,"turns":2.0},{"damage":6.0,"enemies":"3 Louse","floor":14.0,"turns":4.0},{"damage":22.0,"enemies":"The Guardian","floor":16.0,"turns":10.0},{"damage":13.0,"enemies":"2 Thieves","floor":18.0,"turns":4.0},{"damage":22.0,"enemies":"Shell Parasite","floor":19.0,"turns":3.0},{"damage":26.0,"enemies":"Gremlin Leader","floor":23.0,"turns":7.0},{"damage":26.0,"enemies":"Book of Stabbing","floor":25.0,"turns":4.0},{"damage":21,"enemies":"Centurion and Healer","floor":28,"turns":5},{"damage":25,"enemies":"Snake Plant","floor":30,"turns":3},{"damage":11,"enemies":"Slavers","floor":31,"turns":3}],"seed_played":"-6216264396982482537","potions_obtained":[{"floor":7.0,"key":"Dexterity Potion"},{"floor":11.0,"key":"Dexterity Potion"},{"floor":14.0,"key":"PotionOfCapacity"}],"is_trial":false,"path_per_floor":["M","?","$","M","$","R","E","R","T","?","E","M","R","M","R","B",null,"M","M","?","$","?","E","R","E","T","?","M","R","M","E"],"character_chosen":"DEFECT","items_purchased":["Streamline","Enlightenment"],"campfire_rested":2,"item_purchase_floors":[3,21],"current_hp_per_floor":[64,64,64,63,63,63,40,40,40,40,16,13,13,7,29,17,61,58,46,32,32,32,16,40,24,24,8,45,45,30,19,19],"gold":145,"neow_bonus":"BOSS_RELIC","is_daily":false,"chose_seed":false,"campfire_upgraded":4,"win_rate":0.0,"timestamp":1609158114,"path_taken":["M","?","?","M","?","R","E","R","T","?","E","M","R","M","R","BOSS","M","M","?","$","?","E","R","E","T","?","M","R","?","E"],"items_purchased_type":["Card","Card"],"build_version":"2020-12-22","purchased_purges":2,"victory":false,"max_hp_per_floor":[75,75,75,75,75,75,75,75,75,75,75,75,75,75,75,75,75,75,75,80,80,80,80,80,80,80,80,80,80,80,80,80],"card_choices":[{"not_picked":["Compile Driver","Leap"],"picked":"Conserve Battery","floor":1.0},{"not_picked":["Steam Power","Streamline"],"picked":"Beam Cell","floor":4.0},{"not_picked":["Fission","Gash"],"picked":"Sunder","floor":7.0},{"not_picked":["Beam Cell","Rip and Tear","Steam"],"picked":"SKIP","floor":11.0},{"not_picked":["Auto Shields","Turbo","Beam Cell"],"picked":"SKIP","floor":12.0},{"not_picked":["Redo","Conserve Battery"],"picked":"Self Repair+1","floor":14.0},{"not_picked":["Creative AI+1","Machine Learning+1"],"picked":"Meteor Strike","floor":16.0},{"not_picked":["Go for the Eyes","Cold Snap+1","Reprogram"],"picked":"SKIP","floor":18.0},{"not_picked":["White Noise+1","Hello World+1","Gash"],"picked":"SKIP","floor":19.0},{"not_picked":["Gash","Redo","Ball Lightning+1"],"picked":"SKIP","floor":23.0},{"not_picked":["Rebound","Aggregate"],"picked":"Cold Snap","floor":24.0},{"not_picked":["BootSequence","Barrage","Beam Cell"],"picked":"SKIP","floor":25.0},{"not_picked":["Sweeping Beam","Lockon"],"picked":"Go for the Eyes+1","floor":28},{"not_picked":["Sweeping Beam","Rip and Tear"],"picked":"Self Repair+1","floor":30}],"player_experience":212828,"relics_obtained":[{"floor":7.0,"key":"Incense Burner"},{"floor":9.0,"key":"Frozen Egg 2"},{"floor":11.0,"key":"Lizard Tail"},{"floor":23.0,"key":"Dream Catcher"},{"floor":25.0,"key":"Bronze Scales"},{"floor":26.0,"key":"Kunai"},{"floor":27.0,"key":"Enchiridion"}],"event_choices":[{"cards_removed":["Defend_B"],"damage_healed":0.0,"max_hp_gain":0.0,"max_hp_loss":0.0,"gold_gain":0.0,"event_name":"Bonfire Elementals","player_choice":"Offered Basic","floor":2.0,"gold_loss":0.0,"damage_taken":0.0},{"damage_healed":0.0,"max_hp_gain":0.0,"max_hp_loss":0.0,"gold_gain":0.0,"event_name":"Liars Game","player_choice":"Ignored","floor":10.0,"gold_loss":0.0,"damage_taken":0.0},{"damage_healed":0.0,"max_hp_gain":5.0,"max_hp_loss":0.0,"gold_gain":0.0,"event_name":"Forgotten Altar","player_choice":"Shed Blood","floor":20.0,"gold_loss":0.0,"damage_taken":19.0},{"cards_removed":["Strike_B"],"damage_healed":0.0,"max_hp_gain":0.0,"max_hp_loss":0.0,"gold_gain":0.0,"event_name":"Back to Basics","player_choice":"Elegance","floor":22.0,"gold_loss":0.0,"damage_taken":0.0},{"damage_healed":0.0,"max_hp_gain":0.0,"max_hp_loss":0.0,"gold_gain":0.0,"event_name":"Cursed Tome","player_choice":"Obtained Book","floor":27.0,"gold_loss":0.0,"damage_taken":16.0}],"is_beta":false,"boss_relics":[{"not_picked":["Tiny House","Calling Bell"],"picked":"Sozu"}],"items_purged_floors":[3,21],"is_endless":false,"potions_floor_spawned":[7,11,14,19,30],"killed_by":"Slavers","ascension_level":10}}