{"host":"3zqlgdr138v4qupe","time":1609158318,"event":{"mods":["BaseMod","Hermit","Minty Spire (QoL Compilation)","StSLib","The Cursed"],"gold_per_floor":[117,117,60,80,58,84,84,115,115,115,148,163,228,255,255,427,427,446,481,514,514,545,545,545,545],"floor_reached":24,"playtime":1772,"items_purged":[],"score":235,"play_id":"19114625-0dbc-4a99-9db2-1c145ca3a8a9","local_time":"20201228212518","is_ascension_mode":false,"campfire_choices":[{"data":"hermit:Showdown","floor":7,"key":"SMITH"},{"data":"hermit:DeadOrAlive","floor":10,"key":"SMITH"},{"floor":15,"key":"REST"},{"data":"hermit:Dive","floor":23,"key":"SMITH"}],"circlet_count":0,"master_deck":["hermit:Strike_Hermit","hermit:Strike_Hermit","hermit:Strike_Hermit","hermit:Strike_Hermit","hermit:Defend_Hermit","hermit:Defend_Hermit","hermit:Defend_Hermit","hermit:Snapshot","hermit:Covet","hermit:Shortfuse","hermit:Virtue","hermit:Showdown+1","hermit:Manifest","hermit:DeadOrAlive+1","hermit:Misfire","hermit:GoldenBullet","hermit:Dive+1","hermit:Roulette","hermit:RoundhouseKick","hermit:Deadeye","hermit:Horror","hermit:Gestalt+1","hermit:FlashPowder+1"],"relics":["hermit:ClaspedLocket","NeowsBlessing","Question Card","Boot","Pantograph","Toy Ornithopter"],"acts_visited":["Exordium","TheCity"],"potions_floor_usage":[16,16,16,22,22],"damage_taken":[{"damage":0,"enemies":"Jaw Worm","floor":1,"turns":1},{"damage":0,"enemies":"2 Louse","floor":4,"turns":1},{"damage":0,"enemies":"3 Sentries","floor":6,"turns":1},{"damage":0,"enemies":"Cultist","floor":8,"turns":3},{"damage":10,"enemies":"Lots of Slimes","floor":11,"turns":3},{"damage":10,"enemies":"Looter","floor":12,"turns":2},{"damage":18,"enemies":"Lagavulin","floor":13,"turns":6},{"damage":18,"enemies":"Gremlin Gang","floor":14,"turns":4},{"damage":41,"enemies":"The Guardian","floor":16,"turns":11},{"damage":20,"enemies":"Shell Parasite","floor":18,"turns":7},{"damage":10,"enemies":"Chosen","floor":19,"turns":4},{"damage":23,"enemies":"Snake Plant","floor":20,"turns":5},{"damage":10,"enemies":"Centurion and Healer","floor":22,"turns":6},{"damage":36,"enemies":"Gremlin Leader","floor":24,"turns":7}],"seed_played":"-6399763689582692357","potions_obtained":[{"floor":1,"key":"ColorlessPotion"},{"floor":6,"key":"ColorlessPotion"},{"floor":12,"key":"AttackPotion"},{"floor":16,"key":"Swift Potion"},{"floor":20,"key":"Regen Potion"}],"is_trial":false,"path_per_floor":["M","?","?","M","$","E","R","M","T","R","M","M","E","M","R","B",null,"M","M","M","?","M","R","E"],"character_chosen":"HERMIT","items_purchased":["hermit:Manifest"],"campfire_rested":1,"item_purchase_floors":[5],"current_hp_per_floor":[75,75,75,75,75,75,75,75,75,75,65,55,37,19,41,34,75,55,45,22,22,36,36,0,0],"gold":545,"neow_bonus":"THREE_ENEMY_KILL","is_daily":false,"chose_seed":false,"campfire_upgraded":3,"win_rate":0.0,"timestamp":1609158318,"path_taken":["M","?","?","M","$","E","R","?","T","R","M","M","E","M","R","BOSS","M","?","M","?","?","R","E"],"items_purchased_type":["Card"],"build_version":"2020-12-22","purchased_purges":0,"victory":false,"max_hp_per_floor":[75,75,75,75,75,75,75,75,75,75,75,75,75,75,75,75,75,75,75,75,75,75,75,75,75],"card_choices":[{"not_picked":["hermit:ShadowCloak","hermit:CalledShot"],"picked":"hermit:Shortfuse","floor":1},{"not_picked":["hermit:Snipe","hermit:Spite","hermit:Vantage"],"picked":"hermit:Showdown","floor":4},{"not_picked":["hermit:Roughhouse","hermit:Dive","hermit:SprayPray"],"picked":"hermit:DeadOrAlive","floor":6},{"not_picked":["hermit:Desperado","hermit:WideOpen","hermit:Showdown","hermit:Ricochet"],"picked":"SKIP","floor":8},{"not_picked":["hermit:LowProfile","hermit:Roulette","hermit:LuckOfTheDraw"],"picked":"hermit:Misfire","floor":11},{"not_picked":["hermit:FinalCanter","hermit:PistolWhip","hermit:Snipe"],"picked":"hermit:GoldenBullet","floor":12},{"not_picked":["hermit:Midnight","hermit:Spite","hermit:Reprieve"],"picked":"hermit:Dive","floor":13},{"not_picked":["hermit:HighCaliber","hermit:Desperado","hermit:FromBeyond"],"picked":"hermit:Roulette","floor":14},{"not_picked":["hermit:FatalDesire","hermit:FinalCanter","hermit:Adapt"],"picked":"hermit:RoundhouseKick","floor":16},{"not_picked":["hermit:Quickdraw","hermit:Dive","hermit:Misfire+1"],"picked":"hermit:Deadeye","floor":18},{"not_picked":["hermit:Roulette","hermit:Coalescence+1","hermit:Spite+1"],"picked":"hermit:Horror","floor":19},{"not_picked":["hermit:BodyArmor+1","hermit:Misfire","hermit:CursedWeapon"],"picked":"hermit:Gestalt","floor":20},{"not_picked":["hermit:LowProfile","hermit:Dive","hermit:Roughhouse"],"picked":"hermit:FlashPowder+1","floor":22}],"player_experience":0,"relics_obtained":[{"floor":6,"key":"Boot"},{"floor":9,"key":"Pantograph"},{"floor":13,"key":"Toy Ornithopter"}],"event_choices":[{"damage_healed":0,"gold_gain":0,"cards_transformed":["hermit:Defend_Hermit"],"player_choice":"Change","damage_taken":0,"max_hp_gain":0,"max_hp_loss":0,"event_name":"Living Wall","floor":2,"gold_loss":0,"cards_obtained":["hermit:Virtue"]},{"damage_healed":0,"gold_gain":0,"player_choice":"Paid Gold","damage_taken":0,"relics_obtained":["Question Card"],"max_hp_gain":0,"max_hp_loss":0,"event_name":"WeMeetAgain","floor":3,"gold_loss":57},{"damage_healed":0,"gold_gain":0,"player_choice":"Upgraded","damage_taken":0,"max_hp_gain":0,"max_hp_loss":0,"event_name":"Upgrade Shrine","floor":21,"gold_loss":0,"cards_upgraded":["hermit:Gestalt"]}],"is_beta":false,"boss_relics":[{"not_picked":["Ectoplasm","Philosopher\u0027s Stone"],"picked":"hermit:ClaspedLocket"}],"items_purged_floors":[],"is_endless":false,"potions_floor_spawned":[1,6,12,13,16,20],"killed_by":"Gremlin Leader","ascension_level":0}}