{"host":"r7lw16gtaifltel5","time":1609115162,"event":{"mods":["BaseMod","Hermit","Lobotomy","Minty Spire (QoL Compilation)","Prisma Mod","Shade Mod","StSLib","The Bug Knight","The Cursed","The Gatherer","The Hierophant","The Jungle","The Runesmith"],"gold_per_floor":[109,129,141,141,141,184,184],"floor_reached":6,"playtime":577,"items_purged":[],"score":46,"play_id":"074ebf9a-5973-46c7-a561-e1083de187cc","local_time":"20201228092602","is_ascension_mode":false,"campfire_choices":[],"circlet_count":0,"master_deck":["HollowMod:NailStrikeStart","HollowMod:NailStrikeStart","HollowMod:NailStrikeStart","HollowMod:NailStrikeStart","HollowMod:QuickDashStart","HollowMod:QuickDashStart","HollowMod:QuickDashStart","HollowMod:QuickDashStart","HollowMod:FocusHealStart","HollowMod:PogoStrike","ShyLook","CrumblingArmor","HollowMod:SoulSplash","Murderer","HollowMod:DoubleDash","RedShoes","HollowMod:DashSlash"],"relics":["HollowMod:VesselMask","CogitoBucket","Golden Idol","HollowMod:LumaflyLanternRelic"],"acts_visited":["Exordium"],"potions_floor_usage":[],"damage_taken":[{"damage":0.0,"enemies":"Small Slimes","floor":1.0,"turns":5.0},{"damage":6.0,"enemies":"Cultist","floor":2.0,"turns":3.0},{"damage":1.0,"enemies":"Jaw Worm","floor":3.0,"turns":3.0},{"damage":52,"enemies":"Lagavulin","floor":6,"turns":6}],"seed_played":"-2207402454713181288","potions_obtained":[{"floor":3.0,"key":"Swift Potion"},{"floor":6,"key":"SteroidPotion"}],"is_trial":false,"path_per_floor":["M","M","M","?","?","E"],"character_chosen":"THE_BUGKNIGHT","items_purchased":[],"campfire_rested":0,"item_purchase_floors":[],"current_hp_per_floor":[75,75,74,56,56,10,10],"gold":184,"neow_bonus":"","is_daily":false,"chose_seed":false,"campfire_upgraded":0,"win_rate":0.0,"timestamp":1609115162,"path_taken":["M","M","M","?","?","E"],"items_purchased_type":[],"build_version":"2020-12-22","purchased_purges":0,"victory":false,"max_hp_per_floor":[75,75,75,75,75,75,75],"card_choices":[{"not_picked":["SpiderBud","FairyFestival"],"picked":"ShyLook","floor":1.0},{"not_picked":["HollowMod:HeavyBlow","HollowMod:LifebloodCocoon","HollowMod:InfectedCysts"],"picked":"SKIP","floor":1.0},{"not_picked":["BeautyBeast","Wellcheers"],"picked":"CrumblingArmor","floor":2.0},{"not_picked":["HollowMod:ShadowDash","HollowMod:CoiledNail"],"picked":"HollowMod:SoulSplash","floor":2.0},{"not_picked":["Scorched","MeatLantern"],"picked":"Murderer","floor":3.0},{"not_picked":["HollowMod:ShapeofUnn","HollowMod:SiblingsSouls"],"picked":"HollowMod:DoubleDash","floor":3.0},{"not_picked":["MeatLantern","Wellcheers"],"picked":"RedShoes","floor":6},{"not_picked":["HollowMod:FallenFury","HollowMod:BlackTendrils"],"picked":"HollowMod:DashSlash","floor":6}],"player_experience":15202,"relics_obtained":[{"floor":6,"key":"HollowMod:LumaflyLanternRelic"}],"event_choices":[{"damage_healed":0.0,"max_hp_gain":0.0,"max_hp_loss":0.0,"gold_gain":0.0,"event_name":"Golden Idol","player_choice":"Take Damage","floor":4.0,"gold_loss":0.0,"damage_taken":18.0,"relics_obtained":["Golden Idol"]},{"damage_healed":0,"gold_gain":0,"player_choice":"Leave","damage_taken":0,"max_hp_gain":0,"max_hp_loss":0,"event_name":"FaceTrader","floor":5,"gold_loss":0}],"is_beta":false,"boss_relics":[],"items_purged_floors":[],"is_endless":false,"potions_floor_spawned":[3,6],"killed_by":"Lagavulin","ascension_level":0}}