{"host":"1c52r9kaxdyo25eq","time":1609164499,"event":{"mods":["AchievementEnabler","BaseMod","Minty Spire (QoL Compilation)","Rare Cards Sparkle","SuperFastMode","everything is the same but u backflip on backflip"],"gold_per_floor":[116,41,61,111,11,39,53,53,106,106,106,116,136,149,149,228,228,245,259,54,54,73,73,85,85,108,108,108,108,125,142,142,214,214,227,227,242,117,117,142,142,172,172,182,182,202,202,218,218,218,218],"floor_reached":50,"playtime":1142,"items_purged":["Strike_G","Defend_G","Strike_G"],"score":1108,"play_id":"1db71c7b-b3dc-4c9f-acc4-60d59ded3604","local_time":"20201228230819","is_ascension_mode":true,"campfire_choices":[{"data":"Deadly Poison","floor":8.0,"key":"SMITH"},{"data":"Poisoned Stab","floor":11.0,"key":"SMITH"},{"data":"Catalyst","floor":15.0,"key":"SMITH"},{"floor":27.0,"key":"REST"},{"data":"Acrobatics","floor":29.0,"key":"SMITH"},{"data":"Tactician","floor":32.0,"key":"SMITH"},{"floor":41.0,"key":"REST"},{"data":"Backflip","floor":47.0,"key":"SMITH"},{"floor":49,"key":"RECALL"}],"circlet_count":0,"master_deck":["AscendersBane","Strike_G","Strike_G","Strike_G","Defend_G","Defend_G","Defend_G","Survivor","Neutralize","Deadly Poison+1","Poisoned Stab+1","Acrobatics+1","Footwork","Catalyst+1","Prepared","Grand Finale","Backflip+1","Tactician+1","Catalyst+1","Reflex+1","Prepared+1","Acrobatics+1"],"relics":["Ring of the Snake","NeowsBlessing","Vajra","Bronze Scales","Runic Pyramid","TheAbacus","Happy Flower","SlaversCollar","Juzu Bracelet","MealTicket"],"acts_visited":["Exordium","TheCity","TheBeyond"],"potions_floor_usage":[50],"damage_taken":[{"damage":0.0,"enemies":"Cultist","floor":1.0,"turns":1.0},{"damage":0.0,"enemies":"2 Louse","floor":3.0,"turns":1.0},{"damage":0.0,"enemies":"Gremlin Nob","floor":6.0,"turns":1.0},{"damage":0.0,"enemies":"Jaw Worm","floor":7.0,"turns":4.0},{"damage":2.0,"enemies":"Lots of Slimes","floor":12.0,"turns":2.0},{"damage":4.0,"enemies":"Red Slaver","floor":13.0,"turns":3.0},{"damage":4.0,"enemies":"3 Louse","floor":14.0,"turns":4.0},{"damage":17.0,"enemies":"The Guardian","floor":16.0,"turns":5.0},{"damage":17.0,"enemies":"Spheric Guardian","floor":18.0,"turns":4.0},{"damage":26.0,"enemies":"3 Byrds","floor":19.0,"turns":4.0},{"damage":37.0,"enemies":"Snecko","floor":22.0,"turns":3.0},{"damage":16.0,"enemies":"Sentry and Sphere","floor":24.0,"turns":6.0},{"damage":16.0,"enemies":"Chosen and Byrds","floor":30.0,"turns":3.0},{"damage":0.0,"enemies":"3 Cultists","floor":31.0,"turns":2.0},{"damage":4.0,"enemies":"Champ","floor":33.0,"turns":5.0},{"damage":2.0,"enemies":"Orb Walker","floor":35.0,"turns":3.0},{"damage":20.0,"enemies":"3 Shapes","floor":37.0,"turns":5.0},{"damage":6.0,"enemies":"Reptomancer","floor":40.0,"turns":4.0},{"damage":12.0,"enemies":"Nemesis","floor":42.0,"turns":5.0},{"damage":5.0,"enemies":"Spire Growth","floor":44.0,"turns":3.0},{"damage":10.0,"enemies":"Sphere and 2 Shapes","floor":46.0,"turns":5.0},{"damage":3.0,"enemies":"3 Darklings","floor":48.0,"turns":2.0},{"damage":22,"enemies":"Time Eater","floor":50,"turns":3}],"seed_played":"-3552496093486398676","potions_obtained":[{"floor":1.0,"key":"PowerPotion"},{"floor":12.0,"key":"FairyPotion"},{"floor":14.0,"key":"DuplicationPotion"},{"floor":19.0,"key":"LiquidBronze"},{"floor":22.0,"key":"Fruit Juice"},{"floor":31.0,"key":"Block Potion"},{"floor":42.0,"key":"FearPotion"},{"floor":48.0,"key":"Poison Potion"}],"is_trial":false,"path_per_floor":["M","$","M","?","$","E","M","R","T","?","R","M","M","M","R","B",null,"M","M","$","?","M","?","M","$","T","R","$","R","M","M","R","B",null,"M","?","M","$","?","E","R","E","T","M","?","M","R","M","R","B"],"character_chosen":"THE_SILENT","items_purchased":["Tactician","TheAbacus"],"campfire_rested":2,"item_purchase_floors":[20,20],"current_hp_per_floor":[59,59,59,53,53,53,53,53,53,53,53,51,47,43,43,26,56,39,13,13,13,19,32,16,16,16,35,35,35,24,24,24,20,58,56,56,36,36,36,30,51,39,39,34,34,24,24,21,21,0,0],"gold":218,"neow_bonus":"THREE_ENEMY_KILL","is_daily":false,"chose_seed":false,"campfire_upgraded":6,"win_rate":0.0,"timestamp":1609164499,"path_taken":["M","?","M","?","$","E","?","R","T","?","R","M","M","?","R","BOSS","M","M","$","?","M","?","M","?","T","R","$","R","?","M","R","BOSS","M","?","M","$","?","E","R","E","T","M","?","M","R","M","R","BOSS"],"items_purchased_type":["Card","Relic"],"build_version":"2020-12-22","purchased_purges":3,"victory":false,"max_hp_per_floor":[66,66,66,66,66,66,66,66,66,66,66,66,66,66,66,66,66,66,66,66,66,66,66,66,66,66,66,66,66,71,71,71,71,71,71,71,71,71,71,71,71,71,71,71,71,71,71,71,71,71,71],"card_choices":[{"not_picked":["Riddle With Holes","Flechettes"],"picked":"Deadly Poison","floor":1.0},{"not_picked":["Masterful Stab","Distraction"],"picked":"Poisoned Stab","floor":3.0},{"not_picked":["Blur","Slice"],"picked":"Acrobatics","floor":6.0},{"not_picked":["Expertise","Flechettes"],"picked":"Footwork","floor":7.0},{"not_picked":["PiercingWail","Quick Slash"],"picked":"Catalyst","floor":12.0},{"not_picked":["Slice","Cloak And Dagger","Flying Knee"],"picked":"SKIP","floor":13.0},{"not_picked":["Acrobatics","Deflect"],"picked":"Prepared","floor":14.0},{"not_picked":["Burst","Glass Knife"],"picked":"Grand Finale","floor":16.0},{"not_picked":["Cloak And Dagger","Flechettes","Underhanded Strike"],"picked":"SKIP","floor":18.0},{"not_picked":["Dagger Spray","Acrobatics"],"picked":"Backflip","floor":19.0},{"not_picked":["Deflect","Flechettes","Outmaneuver"],"picked":"SKIP","floor":22.0},{"not_picked":["Deadly Poison","Masterful Stab","Concentrate"],"picked":"SKIP","floor":24.0},{"not_picked":["Calculated Gamble","All Out Attack","Well Laid Plans"],"picked":"SKIP","floor":30.0},{"not_picked":["Calculated Gamble","All Out Attack","Well Laid Plans"],"picked":"SKIP","floor":30.0},{"not_picked":["Terror","Dash"],"picked":"Catalyst+1","floor":31.0},{"not_picked":["Tactician","Backstab"],"picked":"Reflex+1","floor":35.0},{"not_picked":["PiercingWail","Flechettes","Quick Slash"],"picked":"SKIP","floor":37.0},{"not_picked":["Concentrate+1","Crippling Poison"],"picked":"Prepared+1","floor":40.0},{"not_picked":["Heel Hook","Outmaneuver+1","Poisoned Stab"],"picked":"SKIP","floor":42.0},{"not_picked":["Slice+1","Heel Hook","Setup"],"picked":"SKIP","floor":44.0},{"not_picked":["Backflip","Underhanded Strike","Deflect+1"],"picked":"SKIP","floor":46.0},{"not_picked":["Poisoned Stab+1","Doppelganger","Predator"],"picked":"SKIP","floor":48.0}],"player_experience":523800,"relics_obtained":[{"floor":6.0,"key":"Vajra"},{"floor":9.0,"key":"Bronze Scales"},{"floor":26.0,"key":"Happy Flower"},{"floor":40.0,"key":"Juzu Bracelet"},{"floor":42.0,"key":"MealTicket"}],"event_choices":[{"damage_healed":0.0,"max_hp_gain":0.0,"max_hp_loss":0.0,"gold_gain":50.0,"event_name":"FaceTrader","player_choice":"Touch","floor":4.0,"gold_loss":0.0,"damage_taken":6.0},{"cards_removed":["Defend_G"],"damage_healed":0.0,"max_hp_gain":0.0,"max_hp_loss":0.0,"gold_gain":0.0,"event_name":"Purifier","player_choice":"Purged","floor":10.0,"gold_loss":0.0,"damage_taken":0.0},{"damage_healed":13.0,"max_hp_gain":0.0,"max_hp_loss":0.0,"gold_gain":0.0,"event_name":"The Library","player_choice":"Heal","floor":23.0,"gold_loss":0.0,"damage_taken":0.0},{"damage_healed":0.0,"max_hp_gain":0.0,"max_hp_loss":0.0,"gold_gain":0.0,"event_name":"Mysterious Sphere","player_choice":"Ignored","floor":36.0,"gold_loss":0.0,"damage_taken":0.0},{"damage_healed":0.0,"max_hp_gain":0.0,"max_hp_loss":0.0,"gold_gain":0.0,"event_name":"Tomb of Lord Red Mask","player_choice":"Ignored","floor":39.0,"gold_loss":0.0,"damage_taken":0.0},{"damage_healed":0.0,"max_hp_gain":0.0,"max_hp_loss":0.0,"gold_gain":0.0,"event_name":"Duplicator","player_choice":"Copied","floor":45.0,"gold_loss":0.0,"damage_taken":0.0,"cards_obtained":["Acrobatics"]}],"is_beta":false,"boss_relics":[{"not_picked":["WristBlade","SacredBark"],"picked":"Runic Pyramid"},{"not_picked":["Black Star","Busted Crown"],"picked":"SlaversCollar"}],"items_purged_floors":[2,5,38],"is_endless":false,"potions_floor_spawned":[1,12,14,19,22,31,42,48],"killed_by":"Time Eater","ascension_level":20}}