{"host":"9d83omykrosjn1d3","time":1609157268,"event":{"mods":["AchievementEnabler","BaseMod","BetterRewards","Card Forge","Downfall","Hubris","Minty Spire (QoL Compilation)","Permanent Neow","Shop Mod","StSLib","SuperFastMode","The Construct"],"gold_per_floor":[111,125,139,149,166,166,198,208,220,259,286,298,310,348,360,476,488,518,546,558,570,597,640,652,697,709,755,783,808,820,859,871,980,992,1018,1046,1058,1092,1117,1129,1177,1202,1241,1272,1284,1296,1347,1670,1691,1703,1715,1727,1974,2000,2000],"floor_reached":56,"playtime":4585,"items_purged":["construct:ClockworkEgg+4","Defend_B"],"score":2448,"play_id":"b80d9eb9-d02a-4b27-ab83-8b994f75e635","local_time":"20201228210748","is_ascension_mode":true,"campfire_choices":[{"data":"construct:ClockworkEgg+3","floor":6.0,"key":"SMITH"},{"data":"construct:Hazardproof+1","floor":15.0,"key":"SMITH"},{"floor":24,"key":"RECALL"},{"floor":30,"key":"REST"},{"floor":32,"key":"REST"},{"floor":40,"key":"REST"},{"floor":49,"key":"REST"},{"floor":52,"key":"REST"}],"circlet_count":0,"master_deck":["Zap+1","Dualcast+1","construct:Hazardproof+2","Self Repair+1","Heatsinks+1","Glacier+1","Creative AI+1","Recycle+1","Defragment+1","Biased Cognition+1","Blizzard+1","Echo Form+1","Defragment+1","hubris:DoWhile+1","Defragment+1","Adrenaline+1"],"relics":["FrozenCore","Hammer of Thor","Seething Fire","Anvil of the Gods","ClockworkSouvenir","MerchantsRug","hubris:64BitClover","hubris:BallOfYels","construct:ClockworkPhoenix","StoneCalendar","Ancient Tea Set","Bag of Marbles","Mummified Hand","Blood Vial","Ginger","Nunchaku","HornCleat","hubris:PeanutButter","Singing Bowl","Question Card","Bottled Tornado","hubris:SlimyHat","Centennial Puzzle","Strawberry","hubris:SphereOfDissonance","The Courier","construct:ClawGrip","Lantern","Symbiotic Virus","Eternal Feather","Bag of Preparation","Bottled Lightning","Cables","TheAbacus","hubris:FunFungus","DataDisk","MealTicket","Vajra","hubris:TenFootPole","Boot","Happy Flower","Akabeko","Toy Ornithopter","hubris:CrystalStatue","hubris:ToyBattleship","Potion Belt","Dream Catcher","hubris:BottledRain","Gremlin Horn","StrikeDummy","Ice Cream","War Paint","Regal Pillow","Smiling Mask","Juzu Bracelet","Guardian:PocketSentry","Oddly Smooth Stone","Whetstone","Pear","hubris:GlazedTorus","Orichalcum","Lizard Tail","White Beast Statue","Anchor","CeramicFish","Omamori","Bronze Scales","hubris:SoftwareUpdate","Kunai","hubris:CuriousFeather","Art of War","Shuriken","Mercury Hourglass","Ornamental Fan","hubris:DeckOfHolding","Sundial","Pantograph","Letter Opener","construct:RocketBooster","hubris:Metronome","hubris:MysteriousPyramids","Meat on the Bone","Gambling Chip","TungstenRod","InkBottle","hubris:TinFlute","hubris:Icosahedron","construct:FoamFinger","hubris:RGBLights","hubris:DisguiseKit","Emotion Chip","Incense Burner","hubris:DuctTape","hubris:Zylophone","Thread and Needle","Calipers","Bird Faced Urn","construct:BoolHorns","FossilizedHelix","hubris:Potato","Du-Vu Doll","Torii","Mango"],"acts_visited":[],"potions_floor_usage":[],"damage_taken":[{"damage":7.0,"enemies":"Jaw Worm","floor":1.0,"turns":4.0},{"damage":0.0,"enemies":"2 Louse","floor":2.0,"turns":3.0},{"damage":0.0,"enemies":"Cultist","floor":3.0,"turns":3.0},{"damage":3.0,"enemies":"Lots of Slimes","floor":4.0,"turns":4.0},{"damage":0.0,"enemies":"Looter","floor":5.0,"turns":3.0},{"damage":0.0,"enemies":"3 Sentries","floor":7.0,"turns":7.0},{"damage":7.0,"enemies":"Exordium Wildlife","floor":8.0,"turns":2.0},{"damage":18.0,"enemies":"Gremlin Nob","floor":10.0,"turns":7.0},{"damage":0.0,"enemies":"2 Fungi Beasts","floor":11.0,"turns":2.0},{"damage":0.0,"enemies":"Lagavulin","floor":14.0,"turns":6.0},{"damage":0.0,"enemies":"Hexaghost","floor":16.0,"turns":8.0},{"damage":4.0,"enemies":"2 Thieves","floor":18.0,"turns":3.0},{"damage":0.0,"enemies":"Shell Parasite","floor":19.0,"turns":3.0},{"damage":0,"enemies":"Centurion and Healer","floor":22,"turns":3},{"damage":0,"enemies":"Book of Stabbing","floor":23,"turns":5},{"damage":0,"enemies":"Slavers","floor":25,"turns":3},{"damage":0,"enemies":"Book of Stabbing","floor":27,"turns":7},{"damage":0,"enemies":"Snake Plant","floor":28,"turns":3},{"damage":0,"enemies":"Shelled Parasite and Fungi","floor":29,"turns":2},{"damage":0,"enemies":"Gremlin Leader","floor":31,"turns":2},{"damage":0,"enemies":"Automaton","floor":33,"turns":4},{"damage":0,"enemies":"3 Shapes","floor":35,"turns":3},{"damage":0,"enemies":"3 Darklings","floor":36,"turns":2},{"damage":0,"enemies":"Spire Growth","floor":38,"turns":3},{"damage":0,"enemies":"Sphere and 2 Shapes","floor":39,"turns":3},{"damage":0,"enemies":"Nemesis","floor":41,"turns":3},{"damage":0,"enemies":"Writhing Mass","floor":42,"turns":2},{"damage":0,"enemies":"Jaw Worm Horde","floor":44,"turns":1},{"damage":0,"enemies":"Giant Head","floor":47,"turns":1},{"damage":0,"enemies":"Sphere and 2 Shapes","floor":48,"turns":3},{"damage":0,"enemies":"Awakened One","floor":50,"turns":3},{"damage":0,"enemies":"Shield and Spear","floor":54,"turns":1},{"damage":0,"enemies":"The Heart","floor":55,"turns":3}],"seed_played":"7985225110457024117","potions_obtained":[{"floor":3.0,"key":"AttackPotion"},{"floor":4.0,"key":"Swift Potion"},{"floor":5.0,"key":"FearPotion"},{"floor":29,"key":"Weak Potion"},{"floor":35,"key":"champ:CounterPotion"}],"is_trial":false,"path_per_floor":["M","M","M","M","M","R","E","M","T","E","M","?","?","E","R","B",null,"M","M","?","$","M","E","R","E","T","E","M","M","R","E","R","B",null,"M","M","?","M","M","R","E","M","T","M","T","?","E","M","R","B",null,"R","$","E","B",null],"character_chosen":"DEFECT","items_purchased":["ClockworkSouvenir","MerchantsRug","hubris:BallOfYels","Bag of Preparation","Bottled Lightning","Cables","TheAbacus","hubris:FunFungus","DataDisk","Calipers"],"campfire_rested":5,"item_purchase_floors":[0,0,0,21,21,21,21,21,21,53],"current_hp_per_floor":[26,26,36,43,53,53,65,70,70,66,77,52,55,74,74,88,89,91,93,93,6,20,34,40,53,53,80,95,101,103,103,105,117,117,119,121,121,121,123,125,125,127,127,129,129,129,131,133,135,135,135,137,137,153,153],"gold":2000,"neow_bonus":"","is_daily":false,"chose_seed":false,"campfire_upgraded":2,"win_rate":0.0,"timestamp":1609157268,"path_taken":["M","M","M","M","M","R","E","M","T","E","M","?","?","E","R","BOSS","M","M","?","?","M","E","R","E","T","E","M","M","R","E","R","BOSS","M","M","?","M","M","R","E","M","T","M","?","?","E","M","R","BOSS","R","$","E","BOSS"],"items_purchased_type":["Relic","Relic","Relic","Relic","Relic","Relic","Relic","Relic","Relic","Relic"],"build_version":"2020-12-22","purchased_purges":2,"victory":true,"max_hp_per_floor":[75,75,75,75,75,75,75,75,75,77,77,77,80,87,87,89,89,91,93,93,93,95,97,97,97,97,99,101,101,103,103,105,117,117,119,121,121,121,123,125,125,127,127,129,129,129,131,133,135,135,135,137,137,153,153],"card_choices":[{"not_picked":["Streamline+1","Doom and Gloom+1"],"picked":"Defragment+1","floor":1.0},{"not_picked":["Steam+1","Stack+1","Redo+1"],"picked":"SKIP","floor":2.0},{"not_picked":["Coolheaded+1","Leap+1"],"picked":"Biased Cognition+1","floor":3.0},{"not_picked":["Steam+1","Static Discharge+1","Turbo+1"],"picked":"SKIP","floor":4.0},{"not_picked":["Streamline+1","Beam Cell+1","BootSequence+1"],"picked":"SKIP","floor":5.0},{"not_picked":["Beam Cell+1","Stack+1","Go for the Eyes+1"],"picked":"SKIP","floor":7.0},{"not_picked":["BootSequence+1","Barrage+1","Cold Snap+1"],"picked":"SKIP","floor":8.0},{"not_picked":["Self Repair+1","Meteor Strike+1","Melter+1"],"picked":"Singing Bowl","floor":10.0},{"not_picked":["Redo+1","Consume+1","Recycle+1","Ball Lightning+1"],"picked":"SKIP","floor":11.0},{"not_picked":["Electrodynamics+1","Stack+1","Cold Snap+1"],"picked":"Blizzard+1","floor":14.0},{"not_picked":["Core Surge+1","Thunder Strike+1","All For One+1","Reboot+1"],"picked":"Singing Bowl","floor":16.0},{"not_picked":["Sunder+1","Aggregate+1","Lockon+1","Steam+1"],"picked":"Singing Bowl","floor":18.0},{"not_picked":["Rip and Tear+1","Go for the Eyes+1","Redo+1","Cold Snap+1"],"picked":"Singing Bowl","floor":19.0},{"not_picked":["Streamline+1","Redo+1","Steam+1","Loop+1"],"picked":"Singing Bowl","floor":22},{"not_picked":["Static Discharge+1","Aggregate+1","Coolheaded+1","Sweeping Beam+1"],"picked":"Singing Bowl","floor":23},{"not_picked":["Static Discharge+1","Cold Snap+1","Compile Driver+1"],"picked":"Echo Form+1","floor":25},{"not_picked":["Scrape+1","Conserve Battery+1","Sunder+1","Reinforced Body+1"],"picked":"Singing Bowl","floor":27},{"not_picked":["Leap+1","Go for the Eyes+1","Redo+1","Conserve Battery+1"],"picked":"Singing Bowl","floor":28},{"not_picked":["Compile Driver+1","Reinforced Body+1","Steam Power+1"],"picked":"Defragment+1","floor":29},{"not_picked":["Compile Driver+1","Cold Snap+1","Turbo+1","Consume+1"],"picked":"Singing Bowl","floor":30},{"not_picked":["Barrage+1","Conserve Battery+1","Loop+1"],"picked":"hubris:DoWhile+1","floor":31},{"not_picked":["Compile Driver+1","Tempest+1","Turbo+1","Rip and Tear+1"],"picked":"Singing Bowl","floor":32},{"not_picked":["Rainbow+1","hubris:Prefetch+1","hubris:SpecializedCircuitry+1","Creative AI+1"],"picked":"Singing Bowl","floor":33},{"not_picked":["Barrage+1","Hologram+1","Compile Driver+1","Streamline+1"],"picked":"Singing Bowl","floor":35},{"not_picked":["Go for the Eyes+1","Sweeping Beam+1","Redo+1","Hologram+1"],"picked":"Singing Bowl","floor":36},{"not_picked":["Reinforced Body+1","Turbo+1","Rip and Tear+1"],"picked":"Double Energy+1","floor":38},{"not_picked":["Streamline+1","Conserve Battery+1","hubris:PowerSurge+1","Beam Cell+1"],"picked":"Singing Bowl","floor":39},{"not_picked":["Sweeping Beam+1","hubris:Prefetch+1","Ball Lightning+1","Compile Driver+1"],"picked":"Singing Bowl","floor":40},{"not_picked":["Hologram+1","Auto Shields+1","Conserve Battery+1"],"picked":"Defragment+1","floor":41},{"not_picked":["Steam+1","Rebound+1","Compile Driver+1","Tempest+1"],"picked":"Singing Bowl","floor":42},{"not_picked":["Conserve Battery+1","Steam+1","Compile Driver+1","Lockon+1"],"picked":"Singing Bowl","floor":44},{"not_picked":["Heatsinks+1","Scrape+1","Meteor Strike+1","Hologram+1"],"picked":"Singing Bowl","floor":47},{"not_picked":["Steam+1","Rebound+1","Leap+1","Gash+1","Dagger Throw"],"picked":"Singing Bowl","floor":48},{"not_picked":["Steam+1","Gash+1","Sunder+1","hubris:SpecializedCircuitry+1","Flying Knee"],"picked":"Singing Bowl","floor":49},{"not_picked":["Compile Driver+1","Reinforced Body+1","hubris:Ukulele+1","Rebound+1","Deadly Poison"],"picked":"Singing Bowl","floor":52},{"not_picked":["Scrape","Chaos","Leap","Tempest+1","Setup"],"picked":"Singing Bowl","floor":54}],"player_experience":695474,"relics_obtained":[{"floor":1.0,"key":"StoneCalendar"},{"floor":2.0,"key":"Ancient Tea Set"},{"floor":3.0,"key":"Bag of Marbles"},{"floor":4.0,"key":"Mummified Hand"},{"floor":5.0,"key":"Blood Vial"},{"floor":7.0,"key":"WingedGreaves"},{"floor":7.0,"key":"Ginger"},{"floor":7.0,"key":"Matryoshka"},{"floor":8.0,"key":"Nunchaku"},{"floor":8.0,"key":"MawBank"},{"floor":9.0,"key":"HornCleat"},{"floor":10.0,"key":"hubris:PeanutButter"},{"floor":10.0,"key":"Singing Bowl"},{"floor":10.0,"key":"Question Card"},{"floor":11.0,"key":"Bottled Tornado"},{"floor":14.0,"key":"Centennial Puzzle"},{"floor":14.0,"key":"Strawberry"},{"floor":14.0,"key":"hubris:SphereOfDissonance"},{"floor":16.0,"key":"The Courier"},{"floor":18.0,"key":"Lantern"},{"floor":18.0,"key":"Symbiotic Virus"},{"floor":19.0,"key":"Eternal Feather"},{"floor":22,"key":"MealTicket"},{"floor":22,"key":"Vajra"},{"floor":23,"key":"hubris:TenFootPole"},{"floor":23,"key":"Boot"},{"floor":23,"key":"Happy Flower"},{"floor":25,"key":"Akabeko"},{"floor":25,"key":"Toy Ornithopter"},{"floor":25,"key":"hubris:CrystalStatue"},{"floor":26,"key":"hubris:ToyBattleship"},{"floor":26,"key":"Potion Belt"},{"floor":27,"key":"Dream Catcher"},{"floor":27,"key":"hubris:BottledRain"},{"floor":27,"key":"Gremlin Horn"},{"floor":28,"key":"StrikeDummy"},{"floor":28,"key":"Ice Cream"},{"floor":29,"key":"War Paint"},{"floor":29,"key":"Regal Pillow"},{"floor":31,"key":"Smiling Mask"},{"floor":31,"key":"Juzu Bracelet"},{"floor":31,"key":"Guardian:PocketSentry"},{"floor":33,"key":"Oddly Smooth Stone"},{"floor":33,"key":"Whetstone"},{"floor":33,"key":"Pear"},{"floor":35,"key":"hubris:GlazedTorus"},{"floor":35,"key":"Orichalcum"},{"floor":36,"key":"Lizard Tail"},{"floor":36,"key":"White Beast Statue"},{"floor":38,"key":"Anchor"},{"floor":38,"key":"CeramicFish"},{"floor":39,"key":"Omamori"},{"floor":39,"key":"Bronze Scales"},{"floor":39,"key":"hubris:SoftwareUpdate"},{"floor":39,"key":"Kunai"},{"floor":39,"key":"hubris:CuriousFeather"},{"floor":39,"key":"Art of War"},{"floor":41,"key":"Shuriken"},{"floor":41,"key":"Mercury Hourglass"},{"floor":41,"key":"Ornamental Fan"},{"floor":41,"key":"hubris:DeckOfHolding"},{"floor":41,"key":"Sundial"},{"floor":41,"key":"Pantograph"},{"floor":41,"key":"Letter Opener"},{"floor":42,"key":"construct:RocketBooster"},{"floor":42,"key":"hubris:Metronome"},{"floor":42,"key":"hubris:MysteriousPyramids"},{"floor":42,"key":"Meat on the Bone"},{"floor":42,"key":"Gambling Chip"},{"floor":42,"key":"TungstenRod"},{"floor":43,"key":"InkBottle"},{"floor":45,"key":"hubris:TinFlute"},{"floor":47,"key":"construct:FoamFinger"},{"floor":47,"key":"hubris:RGBLights"},{"floor":47,"key":"hubris:DisguiseKit"},{"floor":47,"key":"Emotion Chip"},{"floor":47,"key":"Incense Burner"},{"floor":47,"key":"hubris:DuctTape"},{"floor":47,"key":"hubris:Zylophone"},{"floor":48,"key":"Thread and Needle"},{"floor":48,"key":"Old Coin"},{"floor":54,"key":"Bird Faced Urn"},{"floor":54,"key":"construct:BoolHorns"},{"floor":54,"key":"FossilizedHelix"},{"floor":54,"key":"hubris:Potato"},{"floor":54,"key":"Du-Vu Doll"},{"floor":54,"key":"Torii"},{"floor":54,"key":"Mango"}],"event_choices":[{"damage_healed":0.0,"max_hp_gain":0.0,"max_hp_loss":0.0,"gold_gain":0.0,"event_name":"Scrap Ooze","player_choice":"Success","floor":12.0,"gold_loss":0.0,"damage_taken":25.0,"relics_obtained":["hubris:SlimyHat"]},{"cards_removed":["Strike_B"],"damage_healed":0.0,"max_hp_gain":0.0,"max_hp_loss":0.0,"gold_gain":0.0,"event_name":"Bonfire Elementals","player_choice":"Offered Basic","floor":20.0,"gold_loss":0.0,"damage_taken":0.0}],"is_beta":false,"boss_relics":[{"not_picked":["Pandora\u0027s Box","hubris:BlackHole"],"picked":"construct:ClawGrip"},{"not_picked":["Tiny House","Empty Cage"],"picked":"FrozenCore"}],"items_purged_floors":[0,21],"is_endless":false,"potions_floor_spawned":[3,4,5,16,19,22,29,35,38,44],"ascension_level":8}}