{"host":"k7udt7atmcuzf6l0","time":1609159708,"event":{"mods":["AchievementEnabler","BaseMod","Colored Map","Colored Powertips","Highlight Path","Minty Spire (QoL Compilation)","Quick Restart","Rare Cards Sparkle","StSLib"],"gold_per_floor":[113,32,32,32,7,38,38,38,38,38,113,142,157,177,177,281,281,292,50,50,50,50,50,50,50,127,127,147,66,66,85,85,181,181,197,197,247,247,92,107,107,133,184,200,200,6,51,71,71,71],"floor_reached":51,"playtime":1492,"items_purged":["Defend_R"],"score":725,"play_id":"8899bd5e-029a-4324-9473-02f03cac51b4","local_time":"20201228204828","is_ascension_mode":false,"campfire_choices":[{"data":"Flex","floor":7.0,"key":"SMITH"},{"data":"Armaments","floor":10.0,"key":"SMITH"},{"data":"Rage","floor":15.0,"key":"SMITH"},{"data":"Limit Break","floor":23.0,"key":"SMITH"},{"data":"Pommel Strike","floor":25.0,"key":"SMITH"},{"data":"Spot Weakness","floor":27.0,"key":"SMITH"},{"floor":32.0,"key":"REST"},{"data":"Body Slam","floor":41.0,"key":"SMITH"},{"floor":45,"key":"REST"},{"data":"Reaper","floor":49,"key":"SMITH"}],"circlet_count":0,"master_deck":["Strike_R","Strike_R","Strike_R","Strike_R","Strike_R","Defend_R","Defend_R","Defend_R","Bash","Flex+1","Rage+1","Armaments+1","Battle Trance","Pommel Strike+1","Limit Break+1","Spot Weakness+1","Necronomicurse","Flex+1","Metallicize+1","Berserk+1","CurseOfTheBell","Body Slam+1","Reaper+1","Hemokinesis+1","Hemokinesis+1","Clash+1","Disarm+1","Inflame+1","Warcry+1","Iron Wave+1"],"relics":["Burning Blood","NeowsBlessing","Juzu Bracelet","Self Forming Clay","Frozen Egg 2","White Beast Statue","Odd Mushroom","Mark of Pain","Question Card","Necronomicon","Kunai","Gambling Chip","Calling Bell","Bag of Preparation","Sundial","Lizard Tail","Peace Pipe","Anchor","Orichalcum","Nunchaku","TungstenRod"],"acts_visited":["Exordium","TheCity","TheBeyond"],"potions_floor_usage":[44,44,47,47,48,50],"damage_taken":[{"damage":0.0,"enemies":"Jaw Worm","floor":1.0,"turns":1.0},{"damage":0.0,"enemies":"Lagavulin","floor":6.0,"turns":1.0},{"damage":0.0,"enemies":"Gremlin Nob","floor":12.0,"turns":1.0},{"damage":1.0,"enemies":"2 Louse","floor":13.0,"turns":3.0},{"damage":14.0,"enemies":"The Mushroom Lair","floor":14.0,"turns":5.0},{"damage":45.0,"enemies":"Hexaghost","floor":16.0,"turns":9.0},{"damage":0.0,"enemies":"Spheric Guardian","floor":18.0,"turns":3.0},{"damage":0.0,"enemies":"Shell Parasite","floor":22.0,"turns":1.0},{"damage":13.0,"enemies":"3 Cultists","floor":28.0,"turns":6.0},{"damage":40.0,"enemies":"Snake Plant","floor":31.0,"turns":6.0},{"damage":22.0,"enemies":"Automaton","floor":33.0,"turns":6.0},{"damage":9.0,"enemies":"3 Shapes","floor":35.0,"turns":4.0},{"damage":27.0,"enemies":"Mind Bloom Boss Battle","floor":37.0,"turns":7.0},{"damage":2.0,"enemies":"Orb Walker","floor":40.0,"turns":2.0},{"damage":46.0,"enemies":"Nemesis","floor":42.0,"turns":5.0},{"damage":51,"enemies":"Maw","floor":44,"turns":8},{"damage":43,"enemies":"2 Orb Walkers","floor":47,"turns":4},{"damage":2,"enemies":"4 Shapes","floor":48,"turns":2},{"damage":40,"enemies":"Donu and Deca","floor":50,"turns":6}],"seed_played":"5560754098557531497","potions_obtained":[{"floor":1.0,"key":"Ancient Potion"},{"floor":4.0,"key":"GamblersBrew"},{"floor":4.0,"key":"Swift Potion"},{"floor":4.0,"key":"DistilledChaos"},{"floor":12.0,"key":"HeartOfIron"},{"floor":13.0,"key":"SmokeBomb"},{"floor":14.0,"key":"Energy Potion"},{"floor":16.0,"key":"Fire Potion"},{"floor":18.0,"key":"Weak Potion"},{"floor":28.0,"key":"FairyPotion"},{"floor":31.0,"key":"Ancient Potion"},{"floor":33.0,"key":"SkillPotion"},{"floor":35.0,"key":"PowerPotion"},{"floor":37.0,"key":"BloodPotion"},{"floor":40.0,"key":"Block Potion"},{"floor":42.0,"key":"EssenceOfSteel"},{"floor":44,"key":"Fire Potion"},{"floor":47,"key":"Explosive Potion"},{"floor":48,"key":"PowerPotion"}],"is_trial":false,"path_per_floor":["M","$","?","?","$","E","R","?","T","R","?","E","M","?","R","B",null,"M","$","?","?","M","R","?","R","T","R","M","?","$","M","R","B",null,"M","?","?","?","$","M","R","E","T","M","R","$","?","M","R","B",null],"character_chosen":"IRONCLAD","items_purchased":["Rage","Armaments","Question Card","Anchor","Inflame+1","BloodPotion"],"campfire_rested":2,"item_purchase_floors":[2,5,19,39,46,46],"current_hp_per_floor":[80,80,73,73,73,79,79,84,84,84,73,79,84,76,76,37,85,85,85,69,53,59,59,59,59,59,59,52,52,52,18,45,29,90,87,87,88,88,88,90,90,50,50,59,86,86,71,90,90,90],"gold":71,"neow_bonus":"THREE_ENEMY_KILL","is_daily":false,"chose_seed":false,"campfire_upgraded":8,"win_rate":0.0,"timestamp":1609159708,"path_taken":["M","$","?","?","$","E","R","?","T","R","?","E","M","?","R","BOSS","M","$","?","?","M","R","?","R","T","R","M","?","?","M","R","BOSS","M","?","?","?","$","M","R","E","T","M","R","$","?","M","R","BOSS"],"items_purchased_type":["Card","Card","Relic","Relic","Card","Potion"],"build_version":"2020-12-22","purchased_purges":1,"victory":true,"max_hp_per_floor":[80,80,80,80,80,80,80,85,85,85,85,85,85,85,85,85,85,85,85,85,90,90,90,90,90,90,90,90,90,90,90,90,90,90,90,90,90,90,90,90,90,90,90,90,90,90,90,90,90,90],"card_choices":[{"not_picked":["Blood for Blood","Armaments"],"picked":"Flex","floor":1.0},{"not_picked":["Iron Wave","Perfected Strike"],"picked":"Battle Trance","floor":6.0},{"not_picked":["Second Wind","Rage"],"picked":"Battle Trance","floor":12.0},{"not_picked":["Warcry","Thunderclap"],"picked":"Pommel Strike","floor":13.0},{"not_picked":["Barricade+1","Juggernaut+1"],"picked":"Limit Break","floor":16.0},{"not_picked":["Shrug It Off","Reckless Charge+1"],"picked":"Spot Weakness","floor":18.0},{"not_picked":["Twin Strike","Heavy Blade","Clash"],"picked":"Flex+1","floor":28.0},{"not_picked":["Power Through","True Grit","Battle Trance"],"picked":"Metallicize+1","floor":31.0},{"not_picked":["Impervious","Juggernaut+1","Double Tap"],"picked":"Berserk+1","floor":33.0},{"not_picked":["Carnage","Twin Strike","Pommel Strike"],"picked":"Body Slam","floor":35.0},{"not_picked":["Second Wind+1","Ghostly Armor+1","Power Through"],"picked":"Hemokinesis+1","floor":37.0},{"not_picked":["Iron Wave","Anger","Clash"],"picked":"Hemokinesis+1","floor":40.0},{"not_picked":["Power Through","Pommel Strike","Fiend Fire"],"picked":"Clash+1","floor":42.0},{"not_picked":["Iron Wave","Armaments+1","Clothesline"],"picked":"Disarm+1","floor":44},{"not_picked":["Flex","Metallicize+1","Burning Pact+1"],"picked":"Warcry+1","floor":47},{"not_picked":["Anger","Shrug It Off","Thunderclap"],"picked":"Iron Wave+1","floor":48}],"player_experience":1419,"relics_obtained":[{"floor":6.0,"key":"Self Forming Clay"},{"floor":9.0,"key":"Frozen Egg 2"},{"floor":12.0,"key":"White Beast Statue"},{"floor":14.0,"key":"Odd Mushroom"},{"floor":20.0,"key":"Necronomicon"},{"floor":26.0,"key":"Kunai"},{"floor":34.0,"key":"Bag of Preparation"},{"floor":34.0,"key":"Sundial"},{"floor":34.0,"key":"Lizard Tail"},{"floor":37.0,"key":"Peace Pipe"},{"floor":42.0,"key":"Orichalcum"},{"floor":43.0,"key":"Nunchaku"},{"floor":47,"key":"TungstenRod"}],"event_choices":[{"damage_healed":0.0,"max_hp_gain":0.0,"max_hp_loss":0.0,"gold_gain":0.0,"event_name":"Scrap Ooze","player_choice":"Success","floor":3.0,"gold_loss":0.0,"damage_taken":7.0,"relics_obtained":["Juzu Bracelet"]},{"damage_healed":0.0,"max_hp_gain":0.0,"max_hp_loss":0.0,"gold_gain":0.0,"event_name":"Lab","player_choice":"Got Potions","floor":4.0,"gold_loss":0.0,"damage_taken":0.0},{"damage_healed":0.0,"max_hp_gain":5.0,"max_hp_loss":0.0,"gold_gain":0.0,"event_name":"Big Fish","player_choice":"Donut","floor":8.0,"gold_loss":0.0,"damage_taken":0.0},{"damage_healed":0.0,"max_hp_gain":0.0,"max_hp_loss":0.0,"gold_gain":75.0,"event_name":"World of Goop","player_choice":"Gather Gold","floor":11.0,"gold_loss":0.0,"damage_taken":11.0},{"damage_healed":0.0,"max_hp_gain":0.0,"max_hp_loss":0.0,"gold_gain":0.0,"event_name":"Mushrooms","player_choice":"Fought Mushrooms","floor":14.0,"gold_loss":0.0,"damage_taken":0.0},{"damage_healed":0.0,"max_hp_gain":0.0,"max_hp_loss":0.0,"gold_gain":0.0,"event_name":"Cursed Tome","player_choice":"Obtained Book","floor":20.0,"gold_loss":0.0,"damage_taken":16.0},{"damage_healed":0.0,"max_hp_gain":5.0,"max_hp_loss":0.0,"gold_gain":0.0,"event_name":"Forgotten Altar","player_choice":"Shed Blood","floor":21.0,"gold_loss":0.0,"damage_taken":21.0},{"cards_removed":["Battle Trance"],"damage_healed":0.0,"max_hp_gain":0.0,"max_hp_loss":0.0,"gold_gain":0.0,"event_name":"Purifier","player_choice":"Purged","floor":24.0,"gold_loss":0.0,"damage_taken":0.0},{"damage_healed":0.0,"max_hp_gain":0.0,"max_hp_loss":0.0,"gold_gain":0.0,"event_name":"WeMeetAgain","player_choice":"Paid Gold","floor":29.0,"gold_loss":81.0,"damage_taken":0.0,"relics_obtained":["Gambling Chip"]},{"damage_healed":0.0,"max_hp_gain":0.0,"max_hp_loss":0.0,"gold_gain":0.0,"event_name":"Match and Keep!","player_choice":"1 cards matched","floor":36.0,"gold_loss":0.0,"damage_taken":0.0,"cards_obtained":["Reaper"]},{"damage_healed":0.0,"max_hp_gain":0.0,"max_hp_loss":0.0,"gold_gain":0.0,"event_name":"MindBloom","player_choice":"Fight","floor":37.0,"gold_loss":0.0,"damage_taken":0.0},{"damage_healed":0.0,"max_hp_gain":0.0,"max_hp_loss":0.0,"gold_gain":0.0,"event_name":"SecretPortal","player_choice":"Ignored","floor":38.0,"gold_loss":0.0,"damage_taken":0.0},{"damage_healed":0,"gold_gain":0,"player_choice":"Fight","damage_taken":0,"max_hp_gain":0,"max_hp_loss":0,"event_name":"Mysterious Sphere","floor":47,"gold_loss":0}],"is_beta":false,"boss_relics":[{"not_picked":["Snecko Eye","Runic Cube"],"picked":"Mark of Pain"},{"not_picked":["SlaversCollar","Velvet Choker"],"picked":"Calling Bell"}],"items_purged_floors":[46],"is_endless":false,"potions_floor_spawned":[1,12,13,14,16,18,22,28,31,33,35,37,40,42,44,47,48],"ascension_level":0}}