{"host":"fbjkyf8096sobcph","time":1609199432,"event":{"mods":["2.2 Compatiblity","AchievementEnabler","Aspiration","BaseMod","Better Altar","Better Match","Better Note","Better Sensory Stone","Better Skull","Better Third Choice","BetterRewards","CCEM","Clawfect","Colored Map","Conspire","Downfall","GifTheSpireLib","Halation","Highlight Path","Hubris","Infinite Spire","Mimic Mod","Minty Spire (QoL Compilation)","Permanent Neow","Replay The Spire","Shop Mod","Spicy Shops","StSLib","Stuff the Spire","Unceasing Turn Reminder","Waifu the Spire","everything is the same but u backflip on backflip","slay the spire mod where everything is the same but ironclad has a cowboy hat"],"gold_per_floor":[349,359,359,359,284,304,304,323,350,365,414,414,442,367,377,477,493,8,18,114,114,114,126,126,126,143,176,176,176,196,196,251,251,291,291],"floor_reached":34,"playtime":2276,"items_purged":["hubris:Despair"],"score":277,"play_id":"128502d1-4df1-4ba8-b896-a39cb24f557f","local_time":"20201229005032","is_ascension_mode":false,"campfire_choices":[{"floor":1,"key":"RECALL"},{"data":"sneckomod:UnknownClassHEXA_GHOST_PURPLE","floor":5,"key":"SMITH"},{"data":"sneckomod:UnknownClassSLIMEBOUND","floor":14,"key":"SMITH"},{"data":"Mayhem","floor":22,"key":"SMITH"},{"data":"sneckomod:UnknownColorless","floor":29,"key":"SMITH"},{"data":"Replay:SS_fish_3","floor":33,"key":"SMITH"}],"circlet_count":0,"master_deck":["sneckomod:Strike","sneckomod:Strike","sneckomod:Strike","sneckomod:Defend","sneckomod:Defend","sneckomod:Defend","sneckomod:TailWhip","sneckomod:SnekBite","sneckomod:Unknown","sneckomod:Unknown","sneckomod:UnknownClassHEXA_GHOST_PURPLE+1","sneckomod:SoulCleanse","sneckomod:UnknownClassSLIMEBOUND+1","sneckomod:UnknownExhaust","sneckomod:SlitherStrike","sneckomod:Unknown1Cost","sneckomod:QuickMove","sneckomod:UnknownClassGREEN","sneckomod:UnknownCommonSkill","Mayhem+1","Replay:SS_fish_3+1","sneckomod:MasterEye","sneckomod:ImprovisedAttack","sneckomod:Unknown0Cost","sneckomod:UnknownStrength","sneckomod:UnknownColorless+1","sneckomod:UnknownCommonSkill","sneckomod:WideSting+1","sneckomod:DiceCrush+1","sneckomod:UnknownVulnerable","sneckomod:SoulDraw"],"relics":["sneckomod:SneckoSoul","downfall:HeartBlessingRed","Gremlin Food","infinitespire:CursedDice","downfall:HeartBlessingBlue","downfall:GremlinSack","Quantum Egg","Tiny Chest","Busted Crown","Question Card","hubris:MysteriousPyramids","downfall:KnowingSkull"],"acts_visited":["Exordium","TheCity"],"potions_floor_usage":[20,20,20],"damage_taken":[{"damage":3,"enemies":"Jaw Worm","floor":2,"turns":3},{"damage":0,"enemies":"Small Slimes","floor":6,"turns":2},{"damage":4,"enemies":"Cultist","floor":8,"turns":4},{"damage":3,"enemies":"2 Fungi Beasts","floor":10,"turns":4},{"damage":40,"enemies":"Gremlin Nob","floor":13,"turns":5},{"damage":0,"enemies":"Lots of Slimes","floor":15,"turns":1},{"damage":27,"enemies":"Lots of Slimes","floor":16,"turns":4},{"damage":10,"enemies":"Blue Slaver","floor":17,"turns":3},{"damage":0,"enemies":"downfall:FleeingMerchant","floor":18,"turns":4},{"damage":13,"enemies":"Red Slaver","floor":19,"turns":2},{"damage":15,"enemies":"downfall:Silent","floor":20,"turns":4},{"damage":12,"enemies":"Chosen","floor":23,"turns":5},{"damage":46,"enemies":"3 Byrds","floor":26,"turns":5},{"damage":9,"enemies":"Centurion and Healer","floor":27,"turns":5},{"damage":14,"enemies":"Centurion and Healer","floor":30,"turns":4},{"damage":13,"enemies":"Shelled Parasite and Fungi","floor":32,"turns":3},{"damage":40,"enemies":"Snecko","floor":34,"turns":3}],"seed_played":"6093755243695632099","potions_obtained":[{"floor":2,"key":"Guardian:BlockOnCardUsePotion"},{"floor":13,"key":"Explosive Potion"},{"floor":16,"key":"AttackPotion"},{"floor":17,"key":"DistilledChaos"},{"floor":32,"key":"Block Potion"}],"is_trial":false,"path_per_floor":["R","M","PTL","PTL","R","M","?","M","T","M","T","?","E","R","M","?","M","$","M","B",null,"R","M","?","?","M","MIM","T","R","M","?","M","R","M"],"character_chosen":"THE_SNECKO","items_purchased":["Quantum Egg","Tiny Chest"],"campfire_rested":0,"item_purchase_floors":[18,18],"current_hp_per_floor":[81,79,79,79,79,79,80,77,77,74,74,74,37,47,47,26,16,21,9,36,100,100,89,89,111,73,72,72,72,59,52,39,39,0,0],"gold":291,"neow_bonus":"TWO_FIFTY_GOLD","is_daily":false,"chose_seed":false,"campfire_upgraded":5,"win_rate":0.0,"timestamp":1609199432,"path_taken":["R","M","PTL","PTL","R","M","?","M","?","M","T","?","E","R","M","?","?","$","M","BOSS","R","M","?","?","?","?","T","R","M","?","M","R","M"],"items_purchased_type":["Relic","Relic"],"build_version":"2020-12-22","purchased_purges":1,"victory":false,"max_hp_per_floor":[81,82,82,82,82,82,83,84,84,84,84,84,85,95,95,97,97,98,99,100,100,100,101,101,111,111,111,111,111,112,112,112,112,112,112],"card_choices":[{"not_picked":["sneckomod:UnknownStrike","sneckomod:UnknownCommonAttack"],"picked":"sneckomod:UnknownClassHEXA_GHOST_PURPLE","floor":2},{"not_picked":["sneckomod:PureSnecko","sneckomod:SoulRoll"],"picked":"sneckomod:SoulCleanse","floor":6},{"not_picked":["sneckomod:UnknownCommonSkill","sneckomod:IronFang"],"picked":"sneckomod:UnknownExhaust","floor":8},{"not_picked":["sneckomod:UnknownWeak","sneckomod:UnknownUncommonSkill"],"picked":"sneckomod:SlitherStrike","floor":10},{"not_picked":["sneckomod:DiceBlock","sneckomod:WideSting"],"picked":"sneckomod:Unknown1Cost","floor":13},{"not_picked":["sneckomod:DiceBlock","sneckomod:UnknownWeak"],"picked":"sneckomod:QuickMove","floor":15},{"not_picked":["sneckomod:DiceBlock","sneckomod:Rotation"],"picked":"sneckomod:MasterEye","floor":16},{"not_picked":["sneckomod:UnknownClassPURPLE","sneckomod:UnknownClassBLUE"],"picked":"sneckomod:ImprovisedAttack","floor":17},{"not_picked":["sneckomod:UnknownClassTHE_CHAMP_GRAY","sneckomod:SoulDraw"],"picked":"sneckomod:Unknown0Cost","floor":18},{"not_picked":["sneckomod:WideSting","sneckomod:SnekBeam"],"picked":"sneckomod:UnknownStrength","floor":19},{"not_picked":["sneckomod:UnknownRareSkill","sneckomod:Restock"],"picked":"sneckomod:UnknownColorless","floor":20},{"not_picked":[],"picked":"sneckomod:UnknownCommonSkill","floor":23},{"not_picked":[],"picked":"sneckomod:WideSting+1","floor":26},{"not_picked":[],"picked":"sneckomod:DiceCrush+1","floor":27},{"not_picked":["sneckomod:Nope"],"picked":"sneckomod:UnknownVulnerable","floor":30},{"not_picked":["sneckomod:IronFang"],"picked":"sneckomod:SoulDraw","floor":32}],"player_experience":246191,"relics_obtained":[{"floor":9,"key":"Gremlin Food"},{"floor":13,"key":"infinitespire:CursedDice"},{"floor":16,"key":"downfall:GremlinSack"},{"floor":27,"key":"Question Card"},{"floor":28,"key":"hubris:MysteriousPyramids"}],"event_choices":[{"cards_removed":["sneckomod:Defend"],"damage_healed":0,"gold_gain":0,"player_choice":"Give","damage_taken":0,"max_hp_gain":0,"max_hp_loss":0,"event_name":"betterNote:BetterNote","floor":24,"gold_loss":0,"cards_obtained":["champ:Defend"]},{"cards_removed":["sneckomod:Restock"],"damage_healed":12,"gold_gain":0,"player_choice":"Offered Rare","damage_taken":0,"max_hp_gain":10,"max_hp_loss":0,"event_name":"Bonfire Elementals","floor":25,"gold_loss":0}],"is_beta":false,"boss_relics":[{"not_picked":["Kintsugi","CCEMRelics:TransientCore"],"picked":"Busted Crown"}],"items_purged_floors":[18],"is_endless":false,"potions_floor_spawned":[2,13,16,17,19,32],"killed_by":"Snecko","ascension_level":0}}