{"host":"sav7uxregyirlf69","time":1609166751,"event":{"mods":["AchievementEnabler","BaseMod","Colored Map","DeckTracker","Keyboard Shortcuts","Minty Spire (QoL Compilation)","READ ME - Guardian Mod","StSLib","SuperFastMode"],"gold_per_floor":[114,124,124,74,89,89,53,53,53,53,53,68,87,104,104,201,201,213,225,225,248,248,248],"floor_reached":22,"playtime":296,"items_purged":[],"score":226,"play_id":"4928e31f-1d68-4fe0-8592-51f8d0a07032","local_time":"20201228234551","is_ascension_mode":false,"campfire_choices":[{"data":"Inflame","floor":6,"key":"SMITH"},{"data":"Sword Boomerang","floor":8,"key":"SMITH"},{"data":"Evolve","floor":11,"key":"SMITH"},{"data":"Rage","floor":15,"key":"SMITH"}],"circlet_count":0,"master_deck":["Strike_R","Defend_R","Defend_R","Defend_R","Bash","Rage+1","Sword Boomerang+1","Inflame+1","Evolve+1","Pommel Strike","Flex","Offering","Whirlwind","Feed","Pummel"],"relics":["Burning Blood"],"acts_visited":["Exordium","TheCity"],"potions_floor_usage":[12,13,16,22],"damage_taken":[{"damage":5.0,"enemies":"2 Louse","floor":1.0,"turns":3.0},{"damage":5.0,"enemies":"Jaw Worm","floor":2.0,"turns":2.0},{"damage":6,"enemies":"Cultist","floor":5,"turns":3},{"damage":0,"enemies":"Exordium Wildlife","floor":12,"turns":2},{"damage":14,"enemies":"Gremlin Gang","floor":13,"turns":4},{"damage":6,"enemies":"Blue Slaver","floor":14,"turns":2},{"damage":0,"enemies":"Slime Boss","floor":16,"turns":3},{"damage":36,"enemies":"2 Thieves","floor":18,"turns":4},{"damage":27,"enemies":"3 Byrds","floor":19,"turns":6},{"damage":37,"enemies":"Snecko","floor":22,"turns":6}],"seed_played":"5616169084659998205","potions_obtained":[{"floor":1.0,"key":"SteroidPotion"},{"floor":2.0,"key":"Fire Potion"},{"floor":13,"key":"Strength Potion"},{"floor":18,"key":"Dexterity Potion"}],"is_trial":false,"path_per_floor":["M","M","?","?","M","R","$","R","T","T","R","M","M","M","R","B",null,"M","M","?","T","M"],"character_chosen":"IRONCLAD","items_purchased":["Evolve"],"campfire_rested":0,"item_purchase_floors":[7],"current_hp_per_floor":[72,72,72,72,72,72,72,72,72,72,72,72,64,64,64,70,72,42,21,21,21,0,0],"gold":248,"neow_bonus":"REMOVE_TWO","is_daily":false,"chose_seed":false,"campfire_upgraded":4,"win_rate":0.0,"timestamp":1609166751,"path_taken":["M","M","?","?","?","R","?","R","T","?","R","M","M","M","R","BOSS","M","?","?","?","M"],"items_purchased_type":["Card"],"build_version":"2020-12-22","purchased_purges":0,"victory":false,"max_hp_per_floor":[72,72,72,72,72,72,72,72,72,72,72,72,72,72,72,72,72,72,72,72,72,72,72],"card_choices":[{"not_picked":["Cleave","Twin Strike"],"picked":"Rage","floor":1.0},{"not_picked":["Twin Strike","Metallicize"],"picked":"Sword Boomerang","floor":2.0},{"not_picked":["Pommel Strike","Sword Boomerang"],"picked":"Inflame","floor":5},{"not_picked":["Clash","Armaments"],"picked":"Pommel Strike","floor":12},{"not_picked":["Barricade","Sever Soul"],"picked":"Flex","floor":13},{"not_picked":["Warcry","Hemokinesis","Armaments"],"picked":"SKIP","floor":14},{"not_picked":["Bludgeon","Feed"],"picked":"Offering","floor":16},{"not_picked":["Flame Barrier","Flex+1","Anger"],"picked":"SKIP","floor":18},{"not_picked":["Clothesline","Carnage"],"picked":"Whirlwind","floor":19}],"player_experience":1035657,"relics_obtained":[],"event_choices":[{"damage_healed":0,"gold_gain":0,"player_choice":"Fled","damage_taken":0,"max_hp_gain":0,"max_hp_loss":0,"event_name":"Scrap Ooze","floor":3,"gold_loss":0},{"cards_removed":["Strike_R"],"damage_healed":0,"gold_gain":0,"player_choice":"Card Removal","damage_taken":0,"max_hp_gain":0,"max_hp_loss":0,"event_name":"The Cleric","floor":4,"gold_loss":50},{"damage_healed":0,"gold_gain":0,"cards_transformed":["Strike_R","Strike_R"],"player_choice":"Became Test Subject","damage_taken":0,"max_hp_gain":0,"max_hp_loss":0,"event_name":"Drug Dealer","floor":20,"gold_loss":0,"cards_obtained":["Feed","Pummel"]}],"is_beta":false,"boss_relics":[{"not_picked":["Runic Cube","Fusion Hammer","SlaversCollar"]}],"items_purged_floors":[],"is_endless":false,"potions_floor_spawned":[1,2,13,18],"killed_by":"Snecko","ascension_level":0}}