{"host":"i0avyit1s6jb1siw","time":1609190065,"event":{"mods":["BaseMod","DeckTracker","Dota2Spire","Highlight Path","Minty Spire (QoL Compilation)","Quick Restart","Replay The Spire","StSLib","SuperFastMode"],"gold_per_floor":[118,118,134,134,59,90,90,104,104,104,135,60,125,135,135,135,135],"floor_reached":16,"playtime":279,"items_purged":["Strike_G"],"score":266,"play_id":"9d4af802-cb62-4622-889a-9f950da1da9b","local_time":"20201228221425","is_ascension_mode":true,"campfire_choices":[{"data":"Blade Dance","floor":7,"key":"SMITH"},{"data":"1","floor":15,"key":"LIFT"}],"circlet_count":0,"master_deck":["AscendersBane","Strike_G","Defend_G","Defend_G","Defend_G","Defend_G","Defend_G","Survivor","Neutralize","Blade Dance+1","Endless Agony","Bullet Time+1","Cloak And Dagger","Predator"],"relics":["Ring of the Snake","NeowsBlessing","Matryoshka","Dota2Spire:BattleFury","Singing Bowl","Girya","Lee\u0027s Waffle","Ancient Tea Set"],"acts_visited":["Exordium"],"potions_floor_usage":[16,16],"damage_taken":[{"damage":0,"enemies":"Small Slimes","floor":1,"turns":1},{"damage":0,"enemies":"2 Louse","floor":3,"turns":1},{"damage":0,"enemies":"Gremlin Nob","floor":6,"turns":1},{"damage":4,"enemies":"Jaw Worm","floor":8,"turns":5},{"damage":51,"enemies":"Lagavulin","floor":11,"turns":11},{"damage":65,"enemies":"Gremlin Nob","floor":13,"turns":5},{"damage":0,"enemies":"3 Louse","floor":14,"turns":3},{"damage":18,"enemies":"The Guardian","floor":16,"turns":9}],"seed_played":"-5248422138031087853","potions_obtained":[{"floor":11,"key":"Milkshake"},{"floor":13,"key":"Explosive Potion"},{"floor":14,"key":"Dota2Spire:Clarity"}],"is_trial":false,"path_per_floor":["M","?","M","?","?","E","R","M","T","?","E","$","?","M","R","B"],"character_chosen":"THE_SILENT","items_purchased":[],"campfire_rested":0,"item_purchase_floors":[],"current_hp_per_floor":[59,64,64,64,64,64,64,60,60,53,4,80,15,17,17,0,0],"gold":135,"neow_bonus":"THREE_ENEMY_KILL","is_daily":false,"chose_seed":false,"campfire_upgraded":1,"win_rate":0.0,"timestamp":1609190065,"path_taken":["M","?","M","?","?","E","R","M","T","?","E","?","?","M","R","BOSS"],"items_purchased_type":[],"build_version":"2020-12-22","purchased_purges":1,"victory":false,"max_hp_per_floor":[66,71,71,71,71,71,71,71,71,71,73,80,80,82,82,82,82],"card_choices":[{"not_picked":["Backflip","Poisoned Stab"],"picked":"Blade Dance","floor":1},{"not_picked":["Slice","Dagger Spray"],"picked":"Endless Agony","floor":3},{"not_picked":["Sucker Punch","Sneak Up","ReplayTheSpireMod:Necrosis"],"picked":"SKIP","floor":6},{"not_picked":["Expertise","Sucker Punch"],"picked":"Cloak And Dagger","floor":8},{"not_picked":["Bane","Masterful Stab","Underhanded Strike"],"picked":"Singing Bowl","floor":11},{"not_picked":["Dagger Spray","Quick Slash"],"picked":"Predator","floor":13},{"not_picked":["Corpse Explosion","Dagger Spray","Setup"],"picked":"Singing Bowl","floor":14}],"player_experience":2128210,"relics_obtained":[{"floor":6,"key":"Matryoshka"},{"floor":9,"key":"Dota2Spire:BattleFury"},{"floor":9,"key":"Singing Bowl"},{"floor":11,"key":"Girya"},{"floor":13,"key":"Ancient Tea Set"}],"event_choices":[{"damage_healed":0,"gold_gain":0,"player_choice":"Donut","damage_taken":0,"max_hp_gain":5,"max_hp_loss":0,"event_name":"Big Fish","floor":2,"gold_loss":0},{"cards_removed":["Strike_G"],"damage_healed":0,"gold_gain":0,"player_choice":"Card Removal","damage_taken":0,"max_hp_gain":0,"max_hp_loss":0,"event_name":"The Cleric","floor":5,"gold_loss":75},{"cards_removed":["Strike_G"],"damage_healed":0,"gold_gain":0,"player_choice":"Card Removal","damage_taken":7,"max_hp_gain":0,"max_hp_loss":0,"event_name":"Golden Wing","floor":10,"gold_loss":0},{"damage_healed":0,"gold_gain":0,"player_choice":"Searched \u00271\u0027 times","damage_taken":0,"max_hp_gain":0,"max_hp_loss":0,"event_name":"Dead Adventurer","floor":13,"gold_loss":0}],"is_beta":false,"boss_relics":[],"items_purged_floors":[12],"is_endless":false,"potions_floor_spawned":[11,13,14],"killed_by":"The Guardian","ascension_level":20}}