{"host":"8jwif9mna8ud19ho","time":1609128403,"event":{"mods":["BaseMod","Better Vampires","Lobotomy","Marisa£¨ìFÓê¡¡Ä§ÀíÉ³£©","Minty Spire (QoL Compilation)","Reimu£¨²©ÀöÁéÃÎ£©","RumiaBox-Â¶Ã×æ«µÄÉñÃØºÐ×Ó","StSLib","¡¾ÒÅÎï¿¨ÅÆ¡¿REMEMod"],"gold_per_floor":[115,115,134,134,145,178,190,235,300,346,374,397,409,440,452,535,547,572,584,584],"floor_reached":19,"playtime":855,"items_purged":[],"score":378,"play_id":"2293c78d-ff71-4e96-81da-a635e953a54f","local_time":"20201228120643","is_ascension_mode":true,"campfire_choices":[{"data":"Sword Boomerang","floor":7.0,"key":"SMITH"},{"data":"GoldRush","floor":15.0,"key":"SMITH"}],"circlet_count":0,"master_deck":["AscendersBane","Strike_R","Strike_R","Strike_R","Strike_R","Strike_R","Defend_R","Defend_R","Defend_R","Defend_R","Bash","GoldRush+1","REME_Cut","Sword Boomerang+1","MHz","Power Through","Shockwave","WallGazer","Evolve","OSAHOGD","FairyFestival","MeatLantern","Dual Wield","PunishingBird"],"relics":["Burning Blood","REME_ComplimentaryCards","CogitoBucket","GodSword3","MawBank","Omamori","Pen Nib","SSSystem","ChangeAnything","SoulBox"],"acts_visited":["Exordium","TheCity"],"potions_floor_usage":[],"damage_taken":[{"damage":0.0,"enemies":"Small Slimes","floor":1.0,"turns":3.0},{"damage":7.0,"enemies":"Jaw Worm","floor":3.0,"turns":3.0},{"damage":0.0,"enemies":"Cultist","floor":5.0,"turns":2.0},{"damage":10.0,"enemies":"3 Sentries","floor":6.0,"turns":3.0},{"damage":20.0,"enemies":"Lagavulin","floor":8.0,"turns":5.0},{"damage":29.0,"enemies":"Gremlin Nob","floor":10.0,"turns":4.0},{"damage":6.0,"enemies":"Large Slime","floor":11.0,"turns":3.0},{"damage":6.0,"enemies":"Blue Slaver","floor":12.0,"turns":3.0},{"damage":3.0,"enemies":"3 Louse","floor":14.0,"turns":2.0},{"damage":5,"enemies":"Hexaghost","floor":16,"turns":5},{"damage":2,"enemies":"3 Byrds","floor":18,"turns":4},{"damage":71,"enemies":"Spheric Guardian","floor":19,"turns":4}],"seed_played":"8907456469928450561","potions_obtained":[{"floor":3.0,"key":"REME_GoldPotion"},{"floor":5.0,"key":"GrandPatriotsElixir:ReiMu"},{"floor":6.0,"key":"ZuzhouPotion:ReiMu"}],"is_trial":false,"path_per_floor":["M","?","M","?","M","E","R","E","T","E","M","M","T","M","R","B",null,"M","M"],"character_chosen":"IRONCLAD","items_purchased":[],"campfire_rested":0,"item_purchase_floors":[],"current_hp_per_floor":[74,48,47,47,53,49,49,35,35,12,12,12,12,15,15,19,61,67,0,0],"gold":584,"neow_bonus":"","is_daily":false,"chose_seed":false,"campfire_upgraded":2,"win_rate":0.0,"timestamp":1609128403,"path_taken":["M","?","M","?","M","E","R","E","T","E","M","M","?","M","R","BOSS","M","?"],"items_purchased_type":[],"build_version":"2020-12-22","purchased_purges":0,"victory":false,"max_hp_per_floor":[75,75,75,75,75,75,75,75,75,75,75,75,75,75,75,75,75,75,75,75],"card_choices":[{"not_picked":["Battle Trance","Warcry"],"picked":"REME_Cut","floor":1.0},{"not_picked":["Heavy Blade","Clash"],"picked":"Sword Boomerang","floor":3.0},{"not_picked":["ShyLook","PunishingBird"],"picked":"MHz","floor":5.0},{"not_picked":["Havoc","Rage"],"picked":"Power Through","floor":5.0},{"not_picked":["Havoc","REME_Cut","Bloodletting"],"picked":"SKIP","floor":6.0},{"not_picked":["Body Slam","Burning Pact"],"picked":"Shockwave","floor":8.0},{"not_picked":["ShyLook","WhitesApple"],"picked":"WallGazer","floor":10.0},{"not_picked":["Flex","Thunderclap"],"picked":"Evolve","floor":10.0},{"not_picked":["Laetitia","LittleHelper"],"picked":"OSAHOGD","floor":11.0},{"not_picked":["Headbutt","Shockwave","Reckless Charge"],"picked":"SKIP","floor":11.0},{"not_picked":["FieryBird","SpiderBud"],"picked":"FairyFestival","floor":12.0},{"not_picked":["Searing Blow","Cleave","Pommel Strike"],"picked":"SKIP","floor":12.0},{"not_picked":["NothingThere","Bloodbath"],"picked":"MeatLantern","floor":14.0},{"not_picked":["Flame Barrier","Warcry","Dual Wield"],"picked":"SKIP","floor":14.0},{"not_picked":["Flame Barrier","Warcry"],"picked":"Dual Wield","floor":14.0},{"not_picked":["Freischutz","ShyLook"],"picked":"PunishingBird","floor":18},{"not_picked":["Pommel Strike","Havoc","Power Through"],"picked":"SKIP","floor":18}],"player_experience":1095354,"relics_obtained":[{"floor":6.0,"key":"MawBank"},{"floor":8.0,"key":"Omamori"},{"floor":9.0,"key":"Pen Nib"},{"floor":10.0,"key":"SSSystem"}],"event_choices":[{"damage_healed":0.0,"max_hp_gain":0.0,"max_hp_loss":0.0,"gold_gain":0.0,"event_name":"Scrap Ooze","player_choice":"Success","floor":2.0,"gold_loss":0.0,"damage_taken":26.0,"relics_obtained":["GodSword3"]},{"damage_healed":0.0,"max_hp_gain":0.0,"max_hp_loss":0.0,"gold_gain":0.0,"event_name":"Liars Game","player_choice":"Ignored","floor":4.0,"gold_loss":0.0,"damage_taken":0.0}],"is_beta":false,"boss_relics":[{"not_picked":["Runic Pyramid","Black Blood"],"picked":"SoulBox"}],"items_purged_floors":[],"is_endless":false,"potions_floor_spawned":[3,5,6,8,12,16],"killed_by":"Spheric Guardian","ascension_level":20}}