{"host":"y76clbnovzmw9ubx","time":1609193146,"event":{"mods":["AchievementEnabler","BaseMod","Minty Spire (QoL Compilation)","Permanent Neow","Relic Stats"],"gold_per_floor":[116,131,148,168,178,178,208,208,208,223,249,77,112,132,132,132,132],"floor_reached":16,"playtime":1057,"items_purged":["Strike_G"],"score":248,"play_id":"1c7ddfcc-a4d8-4dd2-a4ac-5843c88a6d51","local_time":"20201228170546","is_ascension_mode":true,"campfire_choices":[{"data":"Footwork","floor":6,"key":"SMITH"},{"data":"Well Laid Plans","floor":8,"key":"SMITH"},{"floor":15,"key":"REST"}],"circlet_count":0,"master_deck":["AscendersBane","Strike_G","Strike_G","Strike_G","Strike_G","Defend_G","Defend_G","Defend_G","Defend_G","Defend_G","Survivor","Neutralize","Masterful Stab","Dagger Spray","Leg Sweep","Footwork+1","Slice","Well Laid Plans+1","Calculated Gamble","Leg Sweep","Infinite Blades","PiercingWail","Slice","Dodge and Roll"],"relics":["Ring of the Snake","Nunchaku","Happy Flower","Calipers","StoneCalendar","Girya"],"acts_visited":["Exordium"],"potions_floor_usage":[7,7,13,13],"damage_taken":[{"damage":3,"enemies":"Small Slimes","floor":1,"turns":6},{"damage":0,"enemies":"2 Louse","floor":2,"turns":2},{"damage":0,"enemies":"Jaw Worm","floor":3,"turns":3},{"damage":1,"enemies":"Blue Slaver","floor":4,"turns":5},{"damage":3,"enemies":"Lots of Slimes","floor":5,"turns":4},{"damage":20,"enemies":"Gremlin Nob","floor":7,"turns":6},{"damage":0,"enemies":"Red Slaver","floor":10,"turns":4},{"damage":3,"enemies":"Lagavulin","floor":11,"turns":10},{"damage":11,"enemies":"Gremlin Nob","floor":13,"turns":4},{"damage":17,"enemies":"Gremlin Gang","floor":14,"turns":5},{"damage":23,"enemies":"Hexaghost","floor":16,"turns":16}],"seed_played":"-7051161750197979410","potions_obtained":[{"floor":1,"key":"Energy Potion"},{"floor":4,"key":"Block Potion"},{"floor":7,"key":"Poison Potion"},{"floor":11,"key":"PowerPotion"},{"floor":13,"key":"Ancient Potion"}],"is_trial":false,"path_per_floor":["M","M","M","M","M","R","E","R","T","M","E","$","E","M","R","B"],"character_chosen":"THE_SILENT","items_purchased":["Infinite Blades","PiercingWail"],"campfire_rested":1,"item_purchase_floors":[12,12],"current_hp_per_floor":[56,56,56,55,52,52,32,32,32,32,29,29,18,1,20,0,0],"gold":132,"neow_bonus":"RANDOM_COMMON_RELIC","is_daily":false,"chose_seed":false,"campfire_upgraded":2,"win_rate":0.0,"timestamp":1609193146,"path_taken":["M","M","M","M","M","R","E","R","T","M","E","$","E","M","R","BOSS"],"items_purchased_type":["Card","Card"],"build_version":"2020-12-22","purchased_purges":1,"victory":false,"max_hp_per_floor":[66,66,66,66,66,66,66,66,66,66,66,66,66,66,66,66,66],"relic_stats":{"Nunchaku":[14],"Happy Flower":[13],"counters":[11,65],"StoneCalendar":[50],"obtain_stats":[{"Girya":13,"Nunchaku":0,"Calipers":9,"Happy Flower":7,"StoneCalendar":11,"Ring of the Snake":0},{"Girya":9,"Nunchaku":0,"Calipers":6,"Happy Flower":6,"StoneCalendar":8,"Ring of the Snake":0},{"Girya":44,"Nunchaku":0,"Calipers":26,"Happy Flower":26,"StoneCalendar":40,"Ring of the Snake":0}],"Ring of the Snake":[22]},"card_choices":[{"not_picked":["Sucker Punch","Choke"],"picked":"Masterful Stab","floor":1},{"not_picked":["Quick Slash","Dodge and Roll"],"picked":"Dagger Spray","floor":2},{"not_picked":["Concentrate","PiercingWail"],"picked":"Leg Sweep","floor":3},{"not_picked":["Bane","Catalyst"],"picked":"Footwork","floor":4},{"not_picked":["Acrobatics","Flying Knee"],"picked":"Slice","floor":5},{"not_picked":["Calculated Gamble","Escape Plan"],"picked":"Well Laid Plans","floor":7},{"not_picked":["Poisoned Stab","Catalyst"],"picked":"Calculated Gamble","floor":10},{"not_picked":["Deadly Poison","Outmaneuver"],"picked":"Leg Sweep","floor":11},{"not_picked":["Reflex","Dagger Spray"],"picked":"Slice","floor":13},{"not_picked":["Escape Plan","Backflip"],"picked":"Dodge and Roll","floor":14}],"player_experience":3009241,"relics_obtained":[{"floor":7,"key":"Happy Flower"},{"floor":9,"key":"Calipers"},{"floor":11,"key":"StoneCalendar"},{"floor":13,"key":"Girya"}],"event_choices":[],"is_beta":false,"boss_relics":[],"items_purged_floors":[12],"is_endless":false,"potions_floor_spawned":[1,4,7,11,13],"killed_by":"Hexaghost","ascension_level":20}}