{"host":"zhec3g4cvsmevugl","time":1609143249,"event":{"mods":["BaseMod","BetterRewards","Curses Come First","Minty Spire (QoL Compilation)","Relic Stats","Slay-I","StSLib"],"gold_per_floor":[112,19,29,29,45,45,70,70,70,70,95,110,124,124,124,250,250,263,263,114,114,128,128,153,166,166,186,186,9,9,9,9,130,130,145,145,145,161,179,179,179],"floor_reached":40,"playtime":2206,"items_purged":[],"score":681,"play_id":"92a14e12-79da-4917-96a2-170c8ffbae11","local_time":"20201228161409","is_ascension_mode":true,"campfire_choices":[{"floor":6,"key":"REST"},{"floor":8,"key":"REST"},{"data":"Corpse Explosion","floor":10,"key":"SMITH"},{"data":"Dramatic Entrance","floor":15,"key":"SMITH"},{"data":"After Image","floor":23,"key":"SMITH"},{"data":"Envenom","floor":28,"key":"SMITH"},{"data":"Metamorphosis","floor":32,"key":"SMITH"}],"circlet_count":0,"master_deck":["Strike_G","Strike_G","Strike_G","Strike_G","Strike_G","Defend_G","Defend_G","Defend_G","Defend_G","Defend_G","Survivor","Neutralize","Blade Dance","Dramatic Entrance+1","Masterful Stab","Dagger Throw","Corpse Explosion+1","Masterful Stab","PiercingWail","Slice","Blade Dance","Injury","Envenom+1","CurseOfTheBell","Blade Dance","Poisoned Stab","After Image+1","Dagger Spray+1","Backflip","PiercingWail+1","Phantasmal Killer","Dash","Blur+1","Quick Slash","Blur","Metamorphosis+1","Shame","Adrenaline","Acrobatics","Slice+1","Violence","The Bomb","Chrysalis","Slice+1","Bane+1","Parasite","Outmaneuver","Outmaneuver"],"relics":["Ring of the Snake","Tiny Chest","Ornamental Fan","Prayer Wheel","Shuriken","Pen Nib","Golden Idol","Calling Bell","Art of War","Question Card","Mango","Torii","Meat on the Bone","Bronze Scales","Black Star","Eternal Feather"],"acts_visited":["Exordium","TheCity","TheBeyond"],"potions_floor_usage":[24,25,33,33,39],"damage_taken":[{"damage":0,"enemies":"Cultist","floor":1,"turns":4},{"damage":0,"enemies":"Small Slimes","floor":3,"turns":3},{"damage":0,"enemies":"2 Louse","floor":5,"turns":1},{"damage":24,"enemies":"Lagavulin","floor":7,"turns":8},{"damage":4,"enemies":"3 Sentries","floor":11,"turns":2},{"damage":2,"enemies":"Looter","floor":12,"turns":2},{"damage":0,"enemies":"Large Slime","floor":13,"turns":1},{"damage":0,"enemies":"Slime Boss","floor":16,"turns":7},{"damage":12,"enemies":"Shell Parasite","floor":18,"turns":3},{"damage":0,"enemies":"3 Byrds","floor":22,"turns":3},{"damage":0,"enemies":"Centurion and Healer","floor":24,"turns":4},{"damage":0,"enemies":"Sentry and Sphere","floor":25,"turns":2},{"damage":0,"enemies":"3 Cultists","floor":27,"turns":2},{"damage":40,"enemies":"Champ","floor":33,"turns":8},{"damage":1,"enemies":"Orb Walker","floor":35,"turns":4},{"damage":0,"enemies":"3 Darklings","floor":38,"turns":2},{"damage":40,"enemies":"Writhing Mass","floor":39,"turns":7},{"damage":49,"enemies":"Nemesis","floor":40,"turns":7}],"seed_played":"5162194265979757488","potions_obtained":[{"floor":5,"key":"LiquidMemories"},{"floor":7,"key":"CultistPotion"},{"floor":13,"key":"EssenceOfSteel"},{"floor":18,"key":"EssenceOfSteel"},{"floor":27,"key":"SteroidPotion"},{"floor":33,"key":"SkillPotion"}],"is_trial":false,"path_per_floor":["M","$","M","?","M","R","E","R","T","R","E","M","M","?","R","B",null,"M","?","$","T","M","R","M","M","T","M","R","$","?","?","R","B",null,"M","?","T","M","M","E"],"character_chosen":"THE_SILENT","items_purchased":["Tiny Chest","Dramatic Entrance","After Image","Metamorphosis"],"campfire_rested":2,"item_purchase_floors":[0,2,20,29],"current_hp_per_floor":[59,59,59,47,47,68,44,65,65,65,61,59,59,59,59,59,84,72,72,72,72,72,72,72,72,72,72,72,72,72,72,72,44,84,83,73,73,73,45,0,0],"gold":179,"neow_bonus":"","is_daily":false,"chose_seed":false,"campfire_upgraded":5,"win_rate":0.0,"timestamp":1609143249,"path_taken":["M","$","M","?","M","R","E","R","T","R","E","M","M","?","R","BOSS","M","?","$","?","M","R","M","M","T","M","R","$","?","?","R","BOSS","M","?","?","M","M","E"],"items_purchased_type":["Relic","Card","Card","Card"],"build_version":"2020-12-22","purchased_purges":0,"victory":false,"max_hp_per_floor":[70,70,70,70,70,70,70,70,70,70,70,70,70,70,70,70,84,84,84,84,84,84,84,84,84,84,84,84,84,84,84,84,84,84,84,84,84,84,84,84,84],"relic_stats":{"Torii":10,"counters":[77,300],"Golden Idol":192,"Eternal Feather":39,"Pen Nib":[14],"Question Card":20,"Ornamental Fan":[160],"Shuriken":[50],"Bronze Scales":[72],"Tiny Chest":4,"Prayer Wheel":10,"Art of War":[3],"Black Star":0,"obtain_stats":[{"Gremlin Horn":27,"Vajra":3,"Boot":8,"Blood Vial":23,"Sundial":23,"MealTicket":6,"Philosopher\u0027s Stone":34,"Prayer Wheel":7,"Girya":42,"Pear":39,"Dead Branch":23,"Eternal Feather":0,"Pen Nib":40,"War Paint":44,"Paper Crane":5,"Question Card":38,"Shuriken":12,"Bronze Scales":30,"Pandora\u0027s Box":17,"Black Star":17,"Meat on the Bone":26,"Regal Pillow":38,"Lantern":26,"Singing Bowl":43,"Torii":21,"Mango":0,"Bag of Preparation":22,"Smiling Mask":26,"PrismaticShard":0,"ClockworkSouvenir":39,"Nunchaku":39,"Dream Catcher":12,"Matryoshka":9,"Tiny Chest":0,"Ring of the Snake":0,"Potion Belt":13,"Golden Idol":14,"Thread and Needle":11,"PreservedInsect":26,"Omamori":6,"Orichalcum":6,"Odd Mushroom":14,"Medical Kit":22,"Peace Pipe":29,"Calling Bell":17,"Strange Spoon":42,"Anchor":29,"CaptainsWheel":44,"Ornamental Fan":4,"Turnip":40,"Art of War":17,"Membership Card":3,"Bottled Lightning":9},{"Gremlin Horn":42,"Vajra":1,"Boot":5,"Blood Vial":13,"Sundial":57,"MealTicket":3,"Philosopher\u0027s Stone":20,"Prayer Wheel":63,"Girya":24,"Pear":22,"Dead Branch":13,"Eternal Feather":46,"Pen Nib":23,"War Paint":25,"Paper Crane":49,"Question Card":22,"Shuriken":52,"Bronze Scales":72,"Pandora\u0027s Box":38,"Black Star":10,"Meat on the Bone":71,"Regal Pillow":22,"Lantern":42,"Singing Bowl":24,"Torii":68,"Mango":29,"Bag of Preparation":12,"Smiling Mask":14,"PrismaticShard":46,"ClockworkSouvenir":22,"Nunchaku":22,"Dream Catcher":35,"Matryoshka":5,"Tiny Chest":59,"Ring of the Snake":0,"Potion Belt":8,"Golden Idol":66,"Thread and Needle":7,"PreservedInsect":14,"Omamori":50,"Orichalcum":34,"Odd Mushroom":53,"Medical Kit":12,"Peace Pipe":17,"Calling Bell":67,"Strange Spoon":24,"Anchor":17,"CaptainsWheel":25,"Ornamental Fan":61,"Turnip":23,"Art of War":67,"Membership Card":1,"Bottled Lightning":50},{"Gremlin Horn":145,"Vajra":2,"Boot":11,"Blood Vial":39,"Sundial":224,"MealTicket":7,"Philosopher\u0027s Stone":60,"Prayer Wheel":246,"Girya":72,"Pear":65,"Dead Branch":39,"Eternal Feather":162,"Pen Nib":69,"War Paint":75,"Paper Crane":177,"Question Card":65,"Shuriken":198,"Bronze Scales":272,"Pandora\u0027s Box":127,"Black Star":30,"Meat on the Bone":270,"Regal Pillow":65,"Lantern":145,"Singing Bowl":72,"Torii":261,"Mango":88,"Bag of Preparation":34,"Smiling Mask":41,"PrismaticShard":162,"ClockworkSouvenir":65,"Nunchaku":65,"Dream Catcher":111,"Matryoshka":11,"Tiny Chest":230,"Ring of the Snake":0,"Potion Belt":23,"Golden Idol":251,"Thread and Needle":19,"PreservedInsect":41,"Omamori":184,"Orichalcum":109,"Odd Mushroom":202,"Medical Kit":34,"Peace Pipe":49,"Calling Bell":258,"Strange Spoon":72,"Anchor":49,"CaptainsWheel":75,"Ornamental Fan":237,"Turnip":69,"Art of War":258,"Membership Card":2,"Bottled Lightning":184}],"Ring of the Snake":[155],"Meat on the Bone":24},"card_choices":[{"not_picked":["PiercingWail","Calculated Gamble"],"picked":"Blade Dance","floor":1},{"not_picked":["Flying Knee","Poisoned Stab"],"picked":"Masterful Stab","floor":3},{"not_picked":["Flechettes","Quick Slash"],"picked":"Dagger Throw","floor":5},{"not_picked":["Dagger Throw","Quick Slash"],"picked":"Corpse Explosion","floor":7},{"not_picked":["Dagger Spray","Predator"],"picked":"Masterful Stab","floor":11},{"not_picked":["Poisoned Stab","Outmaneuver"],"picked":"PiercingWail","floor":12},{"not_picked":["Flying Knee","Choke"],"picked":"Slice","floor":12},{"not_picked":["Poisoned Stab","Reflex"],"picked":"Blade Dance","floor":13},{"not_picked":["Acrobatics","Underhanded Strike","Tactician"],"picked":"SKIP","floor":13},{"not_picked":["Burst","Bullet Time"],"picked":"Envenom","floor":16},{"not_picked":["Heel Hook+1","Deflect","Crippling Poison"],"picked":"Blade Dance","floor":18},{"not_picked":["Noxious Fumes","Sucker Punch","PiercingWail"],"picked":"Poisoned Stab","floor":18},{"not_picked":["Slice","Concentrate","Adrenaline"],"picked":"Dagger Spray+1","floor":22},{"not_picked":["Masterful Stab","Skewer","Acrobatics"],"picked":"Backflip","floor":22},{"not_picked":["Calculated Gamble","Deflect","Heel Hook"],"picked":"PiercingWail+1","floor":24},{"not_picked":["Underhanded Strike","Endless Agony","Concentrate"],"picked":"Phantasmal Killer","floor":24},{"not_picked":["Flying Knee","Prepared","Dagger Throw"],"picked":"Dash","floor":25},{"not_picked":["Slice","PiercingWail","Bane"],"picked":"Blur+1","floor":25},{"not_picked":["Calculated Gamble","Setup+1","PiercingWail"],"picked":"Quick Slash","floor":27},{"not_picked":["Flying Knee","Bullet Time","Poisoned Stab"],"picked":"Blur","floor":27},{"not_picked":["Doppelganger","Phantasmal Killer","Malaise"],"picked":"Adrenaline","floor":33},{"not_picked":["Sucker Punch","Deflect","Dagger Throw+1"],"picked":"Acrobatics","floor":35},{"not_picked":["Deadly Poison","Quick Slash","Sucker Punch+1"],"picked":"Slice+1","floor":35},{"not_picked":["Mayhem","Magnetism","Master of Strategy"],"picked":"Violence","floor":36},{"not_picked":["Bandage Up","Chrysalis","PanicButton"],"picked":"The Bomb","floor":36},{"not_picked":["Flash of Steel","Thinking Ahead","Master of Strategy"],"picked":"Chrysalis","floor":36},{"not_picked":["Backflip+1","Sucker Punch+1","Skewer"],"picked":"Slice+1","floor":38},{"not_picked":["Backflip+1","Acrobatics+1","Deflect"],"picked":"Bane+1","floor":38},{"not_picked":["Backstab+1","Calculated Gamble","Flying Knee"],"picked":"Outmaneuver","floor":39},{"not_picked":["Dagger Throw","Crippling Poison+1","Acrobatics"],"picked":"Outmaneuver","floor":39}],"player_experience":194476,"relics_obtained":[{"floor":7,"key":"Prayer Wheel"},{"floor":9,"key":"Shuriken"},{"floor":11,"key":"Pen Nib"},{"floor":17,"key":"Art of War"},{"floor":17,"key":"Question Card"},{"floor":17,"key":"Mango"},{"floor":21,"key":"Torii"},{"floor":26,"key":"Meat on the Bone"},{"floor":37,"key":"Eternal Feather"}],"event_choices":[{"damage_healed":0,"gold_gain":0,"player_choice":"Success","damage_taken":12,"relics_obtained":["Ornamental Fan"],"max_hp_gain":0,"max_hp_loss":0,"event_name":"Scrap Ooze","floor":4,"gold_loss":0},{"damage_healed":0,"gold_gain":0,"player_choice":"Take Wound","damage_taken":0,"relics_obtained":["Golden Idol"],"max_hp_gain":0,"max_hp_loss":0,"event_name":"Golden Idol","floor":14,"gold_loss":0,"cards_obtained":["Injury"]},{"damage_healed":0,"gold_gain":0,"player_choice":"Ignored","damage_taken":0,"max_hp_gain":0,"max_hp_loss":0,"event_name":"Ghosts","floor":19,"gold_loss":0},{"damage_healed":0,"gold_gain":0,"player_choice":"Stole Relic","damage_taken":0,"relics_obtained":["Bronze Scales"],"max_hp_gain":0,"max_hp_loss":0,"event_name":"Addict","floor":30,"gold_loss":0,"cards_obtained":["Shame"]},{"damage_healed":0,"gold_gain":0,"player_choice":"Ignored","damage_taken":0,"max_hp_gain":0,"max_hp_loss":0,"event_name":"Vampires","floor":31,"gold_loss":0},{"damage_healed":0,"gold_gain":0,"player_choice":"Memory 3","damage_taken":10,"max_hp_gain":0,"max_hp_loss":0,"event_name":"SensoryStone","floor":36,"gold_loss":0}],"is_beta":false,"boss_relics":[{"not_picked":["Fusion Hammer","Snecko Eye"],"picked":"Calling Bell"},{"not_picked":["Tiny House","Astrolabe"],"picked":"Black Star"}],"items_purged_floors":[],"is_endless":false,"potions_floor_spawned":[5,7,13,18,27,33],"killed_by":"Nemesis","ascension_level":2}}