{"host":"f6tqpspb2ou2a4h5","time":1609153206,"event":{"mods":["2.2 Compatiblity","Ascension Unlocker","BaseMod","Colored Map","DeckTracker","Hermit","Highlight Path","KOR Keyword Fix","Keyboard Shortcuts","Minty Spire (QoL Compilation)","Permanent Neow","Quick Restart","Random Character Button","StSLib","SuperFastMode","The Poker Player","everything is the same but u backflip on backflip"],"gold_per_floor":[114,114,129,141,141,173,173,200,281,281,39,54,54,74,74,178,178,194,374,117,130,148,181,196,196,196,196,222,147,22,33,33,134,134,148,161,90,190,200,200,79,96,96,113,32,42,77,87,87,87],"floor_reached":51,"playtime":3729,"items_purged":["Strike_B","Defend_B","Defend_B"],"score":980,"play_id":"d859ba0a-0d61-4c99-9204-b3c22617e5f5","local_time":"20201228200006","is_ascension_mode":true,"campfire_choices":[{"data":"Zap","floor":7.0,"key":"SMITH"},{"data":"Redo","floor":10.0,"key":"SMITH"},{"floor":15.0,"key":"REST"},{"floor":25.0,"key":"REST"},{"data":"Apotheosis","floor":27.0,"key":"SMITH"},{"floor":32,"key":"REST"},{"data":"Self Repair","floor":40,"key":"SMITH"},{"data":"Seek","floor":49,"key":"SMITH"}],"circlet_count":0,"master_deck":["Zap+1","Dualcast","Doom and Gloom+1","Redo+1","Barrage","Electrodynamics","Cold Snap+1","Apotheosis+1","Coolheaded","Sweeping Beam","Creative AI","Auto Shields+1","Buffer+1","Darkness+1","Compile Driver","Purity","Jack Of All Trades","Redo+1","BootSequence","Ball Lightning+1","Aggregate+1","Lockon","Chill+1","Self Repair+1","Undo+1","Redo+1","Glacier+1","Steam Power","Steam Power+1","Seek+1","Defragment","Multi-Cast","Defragment+1"],"relics":["Cracked Core","NeowsBlessing","Thread and Needle","Dream Catcher","Letter Opener","Astrolabe","Centennial Puzzle","Orichalcum","Lizard Tail","Mango","Coffee Dripper","Pen Nib","Incense Burner"],"acts_visited":["Exordium","TheCity","TheBeyond"],"potions_floor_usage":[33,39,50,50,50],"damage_taken":[{"damage":0.0,"enemies":"2 Louse","floor":1.0,"turns":1.0},{"damage":0.0,"enemies":"Cultist","floor":3.0,"turns":1.0},{"damage":0.0,"enemies":"Jaw Worm","floor":4.0,"turns":1.0},{"damage":20.0,"enemies":"3 Sentries","floor":6.0,"turns":6.0},{"damage":18.0,"enemies":"Lagavulin","floor":8.0,"turns":6.0},{"damage":3.0,"enemies":"Red Slaver","floor":12.0,"turns":3.0},{"damage":0.0,"enemies":"3 Louse","floor":14.0,"turns":2.0},{"damage":5.0,"enemies":"The Guardian","floor":16.0,"turns":8.0},{"damage":0.0,"enemies":"Spheric Guardian","floor":18.0,"turns":3.0},{"damage":0.0,"enemies":"3 Byrds","floor":21.0,"turns":3.0},{"damage":12.0,"enemies":"Snecko","floor":22.0,"turns":3.0},{"damage":0.0,"enemies":"Book of Stabbing","floor":23.0,"turns":5.0},{"damage":0.0,"enemies":"Centurion and Healer","floor":24.0,"turns":4.0},{"damage":18,"enemies":"Gremlin Leader","floor":28,"turns":4},{"damage":10,"enemies":"Snake Plant","floor":31,"turns":3},{"damage":15,"enemies":"Collector","floor":33,"turns":7},{"damage":3,"enemies":"Orb Walker","floor":35,"turns":3},{"damage":0,"enemies":"3 Shapes","floor":36,"turns":3},{"damage":0,"enemies":"Sphere and 2 Shapes","floor":39,"turns":5},{"damage":0,"enemies":"4 Shapes","floor":42,"turns":3},{"damage":0,"enemies":"3 Darklings","floor":44,"turns":3},{"damage":0,"enemies":"Transient","floor":46,"turns":5},{"damage":2,"enemies":"Reptomancer","floor":47,"turns":3},{"damage":2,"enemies":"Spire Growth","floor":48,"turns":5},{"damage":0,"enemies":"Donu and Deca","floor":50,"turns":7}],"seed_played":"2840333806460021502","potions_obtained":[{"floor":1.0,"key":"SkillPotion"},{"floor":2.0,"key":"SneckoOil"},{"floor":2.0,"key":"SkillPotion"},{"floor":3.0,"key":"Weak Potion"},{"floor":6.0,"key":"FocusPotion"},{"floor":21.0,"key":"SteroidPotion"},{"floor":23.0,"key":"PowerPotion"},{"floor":33,"key":"GamblersBrew"},{"floor":36,"key":"FocusPotion"},{"floor":42,"key":"EntropicBrew"}],"is_trial":false,"path_per_floor":["M","?","M","M","?","E","R","E","T","R","$","M","?","M","R","B",null,"M","?","$","M","M","E","M","R","T","R","E","?","$","M","R","B",null,"M","M","$","?","M","R","$","M","T","M","$","M","E","M","R","B",null],"character_chosen":"DEFECT","items_purchased":["Apotheosis","Centennial Puzzle","Steam Power","Seek","FocusPotion","Defragment"],"campfire_rested":3,"item_purchase_floors":[11,20,37,41,41,45],"current_hp_per_floor":[68,68,68,68,68,48,48,30,30,30,30,27,12,12,34,29,64,64,32,32,32,20,20,20,42,42,42,38,38,38,28,54,39,77,81,88,88,88,89,89,89,89,89,89,89,89,87,89,89,89],"gold":87,"neow_bonus":"THREE_ENEMY_KILL","is_daily":false,"chose_seed":false,"campfire_upgraded":5,"win_rate":0.0,"timestamp":1609153206,"path_taken":["M","?","?","M","?","E","R","E","T","R","$","?","?","M","R","BOSS","M","?","$","M","M","E","?","R","T","R","E","?","$","M","R","BOSS","M","M","$","?","M","R","$","?","T","M","$","M","E","M","R","BOSS"],"items_purchased_type":["Card","Relic","Card","Card","Potion","Card"],"build_version":"2020-12-22","purchased_purges":3,"victory":true,"max_hp_per_floor":[75,75,75,75,75,75,75,75,75,75,75,75,75,75,75,75,75,75,75,75,75,75,75,75,75,75,75,89,89,89,89,89,89,89,89,89,89,89,89,89,89,89,89,89,89,89,89,89,89,89],"card_choices":[{"not_picked":["Heatsinks","Hologram"],"picked":"Doom and Gloom","floor":1.0},{"not_picked":["Sunder","Barrage"],"picked":"Redo","floor":3.0},{"not_picked":["Rebound","Steam"],"picked":"Barrage","floor":4.0},{"not_picked":["Conserve Battery","Skim"],"picked":"Electrodynamics","floor":6.0},{"not_picked":["Static Discharge","Hologram"],"picked":"Cold Snap","floor":8.0},{"not_picked":["Barrage","Leap"],"picked":"Coolheaded","floor":12.0},{"not_picked":["Beam Cell","Reprogram"],"picked":"Sweeping Beam","floor":14.0},{"not_picked":["Meteor Strike","Hyperbeam"],"picked":"Creative AI","floor":16.0},{"not_picked":["Lockon","Cold Snap+1"],"picked":"Compile Driver","floor":18.0},{"not_picked":["Barrage+1","Sweeping Beam"],"picked":"Redo+1","floor":21.0},{"not_picked":["Gash","Stack+1"],"picked":"BootSequence","floor":22.0},{"not_picked":["Cold Snap+1","Streamline"],"picked":"Ball Lightning+1","floor":23.0},{"not_picked":["Coolheaded","Barrage+1"],"picked":"Aggregate+1","floor":24.0},{"not_picked":["Turbo","FTL"],"picked":"Lockon","floor":25.0},{"not_picked":["Rip and Tear","Leap"],"picked":"Chill+1","floor":28},{"not_picked":["Doom and Gloom","Beam Cell"],"picked":"Self Repair","floor":31},{"not_picked":["Recycle","Double Energy"],"picked":"Undo+1","floor":32},{"not_picked":["Barrage","Ball Lightning+1"],"picked":"Redo+1","floor":35},{"not_picked":["Hologram+1","Stack"],"picked":"Glacier+1","floor":36},{"not_picked":["Sweeping Beam+1","Redo+1"],"picked":"Steam Power+1","floor":39},{"not_picked":["Turbo","Gash+1","Cold Snap"],"picked":"SKIP","floor":42},{"not_picked":["Cold Snap+1","Streamline","Barrage+1"],"picked":"SKIP","floor":44},{"not_picked":["Ball Lightning+1","Genetic Algorithm+1","Melter"],"picked":"SKIP","floor":46},{"not_picked":["Static Discharge+1","All For One"],"picked":"Multi-Cast","floor":47},{"not_picked":["Sweeping Beam+1","Hologram"],"picked":"Defragment+1","floor":48}],"player_experience":78626,"relics_obtained":[{"floor":6.0,"key":"Thread and Needle"},{"floor":8.0,"key":"Dream Catcher"},{"floor":9.0,"key":"Letter Opener"},{"floor":23.0,"key":"Orichalcum"},{"floor":26.0,"key":"Lizard Tail"},{"floor":28,"key":"Mango"},{"floor":43,"key":"Pen Nib"},{"floor":47,"key":"Incense Burner"}],"event_choices":[{"damage_healed":0.0,"max_hp_gain":0.0,"max_hp_loss":0.0,"gold_gain":0.0,"event_name":"Lab","player_choice":"Got Potions","floor":2.0,"gold_loss":0.0,"damage_taken":0.0},{"cards_removed":["Strike_B"],"damage_healed":0.0,"max_hp_gain":0.0,"max_hp_loss":0.0,"gold_gain":0.0,"event_name":"Bonfire Elementals","player_choice":"Offered Basic","floor":5.0,"gold_loss":0.0,"damage_taken":0.0},{"damage_healed":0.0,"max_hp_gain":0.0,"max_hp_loss":0.0,"gold_gain":0.0,"event_name":"Shining Light","player_choice":"Entered Light","floor":13.0,"gold_loss":0.0,"damage_taken":15.0,"cards_upgraded":["Cold Snap","Doom and Gloom"]},{"damage_healed":0.0,"max_hp_gain":0.0,"max_hp_loss":0.0,"gold_gain":180.0,"event_name":"Knowing Skull","player_choice":"GOLD CARD CARD GOLD ","floor":19.0,"potions_obtained":[],"gold_loss":0.0,"damage_taken":32.0,"cards_obtained":["Purity","Jack Of All Trades"]},{"cards_removed":["Defend_B"],"damage_healed":0,"gold_gain":0,"player_choice":"Gave Gold","damage_taken":0,"max_hp_gain":0,"max_hp_loss":0,"event_name":"Beggar","floor":29,"gold_loss":75},{"damage_healed":0,"gold_gain":100,"player_choice":"Pray","damage_taken":0,"max_hp_gain":0,"max_hp_loss":0,"event_name":"Golden Shrine","floor":38,"gold_loss":0}],"is_beta":false,"boss_relics":[{"not_picked":["FrozenCore","Black Star"],"picked":"Astrolabe"},{"not_picked":["Runic Dome","Empty Cage"],"picked":"Coffee Dripper"}],"items_purged_floors":[11,20,30],"is_endless":false,"potions_floor_spawned":[1,3,6,16,21,22,23,33,36,42,44,48],"ascension_level":6}}