{"host":"j3h0p3l2xgzxhnx7","time":1609139904,"event":{"mods":["BaseMod","Luminous","Marisa????????","Minty Spire (QoL Compilation)","StSLib","The Bug Knight","The Cursed","The Servant 0.9.4"],"gold_per_floor":[117,137,137,153,3,29,204,204,204,251,28,61,26,101,101,101,101],"floor_reached":16,"playtime":872,"items_purged":["Doubt"],"score":106,"play_id":"8f8a2c75-fbaf-4a26-9d4f-7216179afc9d","local_time":"20201228151824","is_ascension_mode":false,"campfire_choices":[{"floor":8,"key":"REST"},{"floor":15,"key":"REST"}],"circlet_count":0,"master_deck":["HollowMod:NailStrikeStart","HollowMod:NailStrikeStart","HollowMod:NailStrikeStart","HollowMod:NailStrikeStart","HollowMod:QuickDashStart","HollowMod:QuickDashStart","HollowMod:QuickDashStart","HollowMod:QuickDashStart","HollowMod:FocusHealStart","HollowMod:PogoStrike","HollowMod:MonarchWings","HollowMod:CoiledNail","HollowMod:ShadowDash","HollowMod:SoulMaster","HollowMod:BaldurShell+1"],"relics":["HollowMod:VesselMask","NeowsBlessing","WingedGreaves","TheAbacus","Question Card","Frozen Egg 2","Vajra","Pen Nib","Toy Ornithopter","Ornamental Fan"],"acts_visited":["Exordium"],"potions_floor_usage":[],"damage_taken":[{"damage":0,"enemies":"Cultist","floor":1,"turns":1},{"damage":0,"enemies":"Jaw Worm","floor":2,"turns":1},{"damage":0,"enemies":"2 Louse","floor":4,"turns":1},{"damage":50,"enemies":"Gremlin Nob","floor":6,"turns":6},{"damage":47,"enemies":"Lagavulin","floor":12,"turns":9},{"damage":64,"enemies":"Hexaghost","floor":16,"turns":12}],"seed_played":"-7034905683341484605","potions_obtained":[{"floor":1,"key":"Energy Potion"},{"floor":4,"key":"SneckoOil"},{"floor":6,"key":"FearPotion"}],"is_trial":false,"path_per_floor":["M","M","?","M","$","E","?","R","T","T","$","E","?","T","R","B"],"character_chosen":"THE_BUGKNIGHT","items_purchased":["TheAbacus","Pen Nib"],"campfire_rested":2,"item_purchase_floors":[5,11],"current_hp_per_floor":[75,75,75,75,75,25,25,47,47,47,47,12,30,30,52,0,0],"gold":101,"neow_bonus":"THREE_ENEMY_KILL","is_daily":false,"chose_seed":false,"campfire_upgraded":0,"win_rate":0.0,"timestamp":1609139904,"path_taken":["M","?","?","?","$","E","?","R","T","?","$","E","?","?","R","BOSS"],"items_purchased_type":["Relic","Relic"],"build_version":"2020-12-22","purchased_purges":1,"victory":false,"max_hp_per_floor":[75,75,75,75,75,75,75,75,75,75,75,75,75,75,75,75,75],"card_choices":[{"not_picked":["HollowMod:DesolateDive","HollowMod:SoulEater"],"picked":"HollowMod:MonarchWings","floor":1},{"not_picked":["HollowMod:GoodIntentions","HollowMod:SoulSplash"],"picked":"HollowMod:CoiledNail","floor":2},{"not_picked":["HollowMod:HowlingWraiths","HollowMod:SoulSplash"],"picked":"HollowMod:ShadowDash","floor":4},{"not_picked":["HollowMod:DungDefenderAura","HollowMod:FastStrike"],"picked":"HollowMod:SoulMaster","floor":6},{"not_picked":["HollowMod:SoulSplash","HollowMod:DesolateDive","HollowMod:DoubleDash"],"picked":"HollowMod:BaldurShell+1","floor":12}],"player_experience":3288,"relics_obtained":[{"floor":6,"key":"Question Card"},{"floor":9,"key":"Frozen Egg 2"},{"floor":10,"key":"Vajra"},{"floor":12,"key":"Toy Ornithopter"},{"floor":14,"key":"Ornamental Fan"}],"event_choices":[{"damage_healed":0,"gold_gain":0,"player_choice":"Gave Potion","damage_taken":0,"relics_obtained":["WingedGreaves"],"max_hp_gain":0,"max_hp_loss":0,"event_name":"WeMeetAgain","floor":3,"gold_loss":0},{"damage_healed":0,"gold_gain":175,"player_choice":"AGREE","damage_taken":0,"max_hp_gain":0,"max_hp_loss":0,"event_name":"Liars Game","floor":7,"gold_loss":0,"cards_obtained":["Doubt"]},{"damage_healed":18,"gold_gain":0,"player_choice":"Healed","damage_taken":0,"max_hp_gain":0,"max_hp_loss":0,"event_name":"The Cleric","floor":13,"gold_loss":35}],"is_beta":false,"boss_relics":[],"items_purged_floors":[11],"is_endless":false,"potions_floor_spawned":[1,4,6],"killed_by":"Hexaghost","ascension_level":0}}