{"host":"0rxdudjy6rylha1k","time":1609195395,"event":{"mods":["Aspiration","BaseMod","Colored Map","Colored Powertips","Downfall","Highlight Path","Hubris","Minty Spire (QoL Compilation)","StSLib"],"gold_per_floor":[99,99,99,99,112,37,62,92,92,92,25,41,41,76,93,192,192,117,129,140,156,156,156,180,180,208,308,319,332,332,17,33,138,138,138,153,199,199,210,210,210,221,232,232,266,266,294,312,322,322],"floor_reached":51,"playtime":4266,"items_purged":[],"score":1051,"play_id":"743f29e2-8e6a-4418-91f1-bce940b4f0d3","local_time":"20201228154315","is_ascension_mode":true,"campfire_choices":[{"floor":1,"key":"RECALL"},{"data":"Slimebound:Nibble","floor":6,"key":"SMITH"},{"data":"Slimebound:Split","floor":9,"key":"SMITH"},{"data":"Slimebound:Nibble","floor":13,"key":"SMITH"},{"data":"Slimebound:SlimeBarrage","floor":18,"key":"SMITH"},{"data":"Slimebound:LeechLife","floor":23,"key":"SMITH"},{"data":"Slimebound:SplitAcid","floor":30,"key":"SMITH"},{"data":"Slimebound:PrepareCrush","floor":35,"key":"SMITH"},{"data":"Slimebound:OneTwoCombo","floor":40,"key":"SMITH"},{"data":"Slimebound:SplitAcid","floor":44,"key":"SMITH"}],"circlet_count":0,"master_deck":["Slimebound:Strike_Slimebound","Slimebound:Defend_Slimebound","Slimebound:Defend_Slimebound","Slimebound:Defend_Slimebound","Slimebound:Split+1","Slimebound:CorrosiveSpit","Slimebound:SlimeSpikes","Slimebound:Nibble+1","Slimebound:Recollect","Slimebound:Nibble+1","Slimebound:SlimeSpikes","Slimebound:SplitAcid+1","Slimebound:SplitAcid+1","Slimebound:SplitAcid+1","Slimebound:LeechingTouch","Slimebound:SlimeBarrage+1","Slimebound:LeechLife+1","Slimebound:MegaLick+1","Slimebound:GoopSpray","Slimebound:SplitMire+1","Slimebound:LeadByExample+1","Slimebound:RejuvenatingLick+1","Slimebound:SlimeSpikes","Slimebound:PrepareCrush+1","Slimebound:OneTwoCombo+1","Slimebound:SlimeSpikes","Slimebound:SplitBruiser","Slimebound:LeechLife","Slimebound:SplitLeeching","Slimebound:SamplingLick+1"],"relics":["Slimebound:AbsorbEndCombat","downfall:HeartsMalice","downfall:HeartBlessingRed","Potion Belt","Ancient Tea Set","aspiration:FetidBarrel","Busted Crown","downfall:HeartBlessingGreen","Strawberry","Lizard Tail","White Beast Statue","Bird Faced Urn","hubris:ScarierMask","Slimebound:PotencyRelic","aspiration:HummingbirdHeart","HornCleat","Mummified Hand"],"acts_visited":["Exordium","TheCity","TheBeyond"],"potions_floor_usage":[8,14,14,15,27,28,29,31,33,33,33,33,33,42,45,45,47,47,50,50,50],"damage_taken":[{"damage":0,"enemies":"Jaw Worm","floor":2,"turns":1},{"damage":0,"enemies":"2 Louse","floor":3,"turns":1},{"damage":0,"enemies":"Cultist","floor":4,"turns":1},{"damage":9,"enemies":"2 Fungi Beasts","floor":5,"turns":4},{"damage":16,"enemies":"3 Sentries","floor":8,"turns":8},{"damage":8,"enemies":"downfall:FleeingMerchant","floor":11,"turns":4},{"damage":36,"enemies":"Exordium Wildlife","floor":12,"turns":3},{"damage":36,"enemies":"Lagavulin","floor":14,"turns":3},{"damage":28,"enemies":"Gremlin Gang","floor":15,"turns":1},{"damage":28,"enemies":"downfall:Watcher","floor":16,"turns":7},{"damage":12,"enemies":"3 Byrds","floor":19,"turns":2},{"damage":26,"enemies":"Centurion and Healer","floor":20,"turns":5},{"damage":27,"enemies":"Snecko","floor":21,"turns":4},{"damage":31,"enemies":"Slavers","floor":26,"turns":4},{"damage":26,"enemies":"downfall:LadyInBlue","floor":27,"turns":5},{"damage":16,"enemies":"Shelled Parasite and Fungi","floor":28,"turns":3},{"damage":24,"enemies":"Centurion and Healer","floor":29,"turns":4},{"damage":24,"enemies":"downfall:FleeingMerchant","floor":31,"turns":4},{"damage":24,"enemies":"Sentry and Sphere","floor":32,"turns":4},{"damage":42,"enemies":"downfall:Silent","floor":33,"turns":5},{"damage":22,"enemies":"3 Darklings","floor":36,"turns":2},{"damage":19,"enemies":"2 Orb Walkers","floor":37,"turns":3},{"damage":16,"enemies":"3 Shapes","floor":39,"turns":2},{"damage":40,"enemies":"Maw","floor":42,"turns":4},{"damage":28,"enemies":"Transient","floor":43,"turns":5},{"damage":16,"enemies":"Reptomancer","floor":45,"turns":3},{"damage":45,"enemies":"Nemesis","floor":47,"turns":4},{"damage":12,"enemies":"3 Darklings","floor":48,"turns":2},{"damage":20,"enemies":"Writhing Mass","floor":49,"turns":3},{"damage":32,"enemies":"downfall:Ironclad","floor":50,"turns":4}],"seed_played":"-1797507431820791621","potions_obtained":[{"floor":5,"key":"Fire Potion"},{"floor":8,"key":"AttackPotion"},{"floor":12,"key":"SkillPotion"},{"floor":14,"key":"Slimebound:ThreeZeroPotion"},{"floor":21,"key":"sneckomod:MuddlingPotion"},{"floor":26,"key":"LiquidBronze"},{"floor":27,"key":"SkillPotion"},{"floor":27,"key":"Explosive Potion"},{"floor":27,"key":"DuplicationPotion"},{"floor":28,"key":"DistilledChaos"},{"floor":29,"key":"PowerPotion"},{"floor":31,"key":"Dexterity Potion"},{"floor":32,"key":"Fire Potion"},{"floor":33,"key":"Regen Potion"},{"floor":36,"key":"Swift Potion"},{"floor":37,"key":"DuplicationPotion"},{"floor":39,"key":"SteroidPotion"},{"floor":42,"key":"Strength Potion"},{"floor":43,"key":"DuplicationPotion"},{"floor":45,"key":"FairyPotion"},{"floor":47,"key":"Energy Potion"},{"floor":48,"key":"ColorlessPotion"},{"floor":49,"key":"Explosive Potion"}],"is_trial":false,"path_per_floor":["R","M","M","M","M","R","T","E","R","?","$","M","R","E","M","B",null,"R","M","M","M","?","R","T","?","E","?","M","M","R","$","M","B",null,"R","M","?","?","M","R","T","M","M","R","E","?","E","M","M","B",null],"character_chosen":"SLIMEBOUND","items_purchased":["Slimebound:SplitAcid","Bird Faced Urn"],"campfire_rested":0,"item_purchase_floors":[11,31],"current_hp_per_floor":[54,54,54,54,59,59,59,49,49,49,59,52,52,44,48,52,58,58,60,56,56,59,59,66,66,57,61,70,70,70,70,66,68,70,70,60,65,57,63,63,63,68,70,70,66,66,63,70,70,70],"gold":322,"neow_bonus":"THREE_ENEMY_KILL","is_daily":false,"chose_seed":false,"campfire_upgraded":9,"win_rate":0.0,"timestamp":1609195395,"path_taken":["R","M","M","M","M","R","T","E","R","?","$","M","R","E","M","BOSS","R","M","M","M","?","R","T","?","E","?","?","M","R","$","M","BOSS","R","M","?","?","M","R","T","?","M","R","E","?","E","?","M","BOSS"],"items_purchased_type":["Card","Relic"],"build_version":"2020-12-22","purchased_purges":0,"victory":true,"max_hp_per_floor":[60,60,60,60,60,60,60,60,60,60,60,60,60,60,60,60,60,60,60,60,60,63,63,70,70,70,70,70,70,70,70,70,70,70,70,70,70,70,70,70,70,70,70,70,70,70,70,70,70,70],"card_choices":[{"not_picked":["Slimebound:Chomp","Slimebound:Prepare"],"picked":"Slimebound:SlimeSpikes","floor":2},{"not_picked":["Slimebound:ProtectTheBoss","Slimebound:ViciousTackle"],"picked":"Slimebound:Nibble","floor":3},{"not_picked":["Slimebound:SplitLeeching","Slimebound:LeadByExample"],"picked":"Slimebound:Recollect","floor":4},{"not_picked":["Slimebound:Dissolve","Slimebound:SlimeTap"],"picked":"Slimebound:Nibble","floor":5},{"not_picked":["Slimebound:RollThrough","Slimebound:ComboTackle"],"picked":"Slimebound:SlimeSpikes","floor":8},{"not_picked":["Slimebound:RollThrough","Slimebound:ForwardTackle"],"picked":"Slimebound:SplitAcid","floor":11},{"not_picked":["Slimebound:ComboTackle","Slimebound:Schlurp"],"picked":"Slimebound:SplitAcid","floor":12},{"not_picked":["Slimebound:SplitBruiser","Slimebound:SplitAcid"],"picked":"Slimebound:LeechingTouch","floor":14},{"not_picked":["Slimebound:SlimeSlap","Slimebound:ViciousTackle"],"picked":"Slimebound:SlimeBarrage","floor":15},{"not_picked":["Slimebound:Overexert","Slimebound:DouseInSlime"],"picked":"Slimebound:LeechLife","floor":16},{"not_picked":[],"picked":"Slimebound:MegaLick+1","floor":19},{"not_picked":[],"picked":"Slimebound:GoopSpray","floor":20},{"not_picked":[],"picked":"Slimebound:SplitMire+1","floor":21},{"not_picked":[],"picked":"Slimebound:LeadByExample+1","floor":26},{"not_picked":[],"picked":"Slimebound:RejuvenatingLick+1","floor":27},{"not_picked":["Slimebound:Grow"],"picked":"SKIP","floor":28},{"not_picked":[],"picked":"Slimebound:SlimeSpikes","floor":29},{"not_picked":["Slimebound:FinishingTackle"],"picked":"SKIP","floor":31},{"not_picked":[],"picked":"Slimebound:PrepareCrush","floor":32},{"not_picked":[],"picked":"Slimebound:OneTwoCombo","floor":33},{"not_picked":["Slimebound:FinishingTackle"],"picked":"SKIP","floor":36},{"not_picked":[],"picked":"Slimebound:SlimeSpikes","floor":39},{"not_picked":["Slimebound:FinishingTackle"],"picked":"SKIP","floor":42},{"not_picked":["Slimebound:Dissolve+1"],"picked":"SKIP","floor":43},{"not_picked":[],"picked":"Slimebound:SplitBruiser","floor":45},{"not_picked":[],"picked":"Slimebound:SplitLeeching","floor":47},{"not_picked":["Slimebound:LeechingTouch+1"],"picked":"SKIP","floor":48},{"not_picked":[],"picked":"Slimebound:SamplingLick+1","floor":49}],"player_experience":2389539,"relics_obtained":[{"floor":7,"key":"Potion Belt"},{"floor":8,"key":"Ancient Tea Set"},{"floor":14,"key":"aspiration:FetidBarrel"},{"floor":24,"key":"Strawberry"},{"floor":26,"key":"Lizard Tail"},{"floor":27,"key":"White Beast Statue"},{"floor":37,"key":"Slimebound:PotencyRelic"},{"floor":41,"key":"aspiration:HummingbirdHeart"},{"floor":45,"key":"HornCleat"},{"floor":47,"key":"Mummified Hand"}],"event_choices":[{"damage_healed":0,"gold_gain":0,"player_choice":"Fight","damage_taken":0,"max_hp_gain":0,"max_hp_loss":0,"event_name":"Mysterious Sphere","floor":37,"gold_loss":0},{"damage_healed":0,"gold_gain":0,"cards_transformed":["Slimebound:Strike_Slimebound"],"player_choice":"Transformed","damage_taken":0,"max_hp_gain":0,"max_hp_loss":0,"event_name":"Transmorgrifier","floor":46,"gold_loss":0,"cards_obtained":["Slimebound:LeechLife"]}],"is_beta":false,"boss_relics":[{"not_picked":["Fusion Hammer","hubris:CrackedHourglass"],"picked":"Busted Crown"},{"not_picked":["aspiration:IroncladSkillbook","Cursed Key"],"picked":"hubris:ScarierMask"}],"items_purged_floors":[],"is_endless":false,"potions_floor_spawned":[5,8,12,14,21,26,28,29,31,32,33,36,37,39,42,43,45,47,48,49],"ascension_level":7}}