{"host":"873t0y8ybyo38pfq","time":1609182932,"event":{"mods":["BaseMod","Bestiary","Colored Map","Colored Powertips","Highlight Path","Minty Spire (QoL Compilation)","Quick Restart","RNG Fix","Rare Cards Sparkle","Relic Stats","StSLib"],"gold_per_floor":[114,129,404,404,44,44,79,99,99,119,119,142,142,50,50,143,143,158,158,3,13,24,24,58,77,77,77,2,19,19,46,46,120,120,137,155,166,41,41,41],"floor_reached":39,"playtime":1170,"items_purged":["Regret","Strike_G","Strike_G"],"score":942,"play_id":"07704f01-a677-4df5-86fe-8f251c44f462","local_time":"20201228141532","is_ascension_mode":true,"campfire_choices":[{"data":"Footwork","floor":6.0,"key":"SMITH"},{"data":"Noxious Fumes","floor":13.0,"key":"SMITH"},{"data":"Noxious Fumes","floor":15.0,"key":"SMITH"},{"data":"Neutralize","floor":23.0,"key":"SMITH"},{"data":"Dash","floor":30.0,"key":"SMITH"},{"data":"After Image","floor":32.0,"key":"SMITH"}],"circlet_count":0,"master_deck":["AscendersBane","Defend_G","Defend_G","Defend_G","Defend_G","Defend_G","Survivor","Neutralize+1","Backstab","Footwork+1","Dash+1","Noxious Fumes+1","Crippling Poison+1","Noxious Fumes+1","Venomology+1","Setup+1","Dodge and Roll+1","PiercingWail+1","Acrobatics+1","PiercingWail+1","Blur+1","Ghostly+1","Ghostly+1","Ghostly+1","PiercingWail+1","After Image+1","Night Terror+1","Footwork","Acrobatics+1","Prepared+1"],"relics":["Ring of the Snake","NeowsBlessing","Toxic Egg 2","Lantern","InkBottle","Bloody Idol","HoveringKite","Sundial","Tingsha","Regal Pillow","Empty Cage"],"acts_visited":["Exordium","TheCity","TheBeyond"],"potions_floor_usage":[39,39,39],"damage_taken":[{"damage":0.0,"enemies":"2 Louse","floor":1.0,"turns":1.0},{"damage":0.0,"enemies":"Cultist","floor":2.0,"turns":1.0},{"damage":0.0,"enemies":"Gremlin Nob","floor":7.0,"turns":1.0},{"damage":0.0,"enemies":"Jaw Worm","floor":8.0,"turns":3.0},{"damage":0.0,"enemies":"Looter","floor":10.0,"turns":4.0},{"damage":0.0,"enemies":"2 Fungi Beasts","floor":12.0,"turns":4.0},{"damage":25.0,"enemies":"Slime Boss","floor":16.0,"turns":7.0},{"damage":18.0,"enemies":"Chosen","floor":18.0,"turns":5.0},{"damage":14.0,"enemies":"2 Thieves","floor":21.0,"turns":5.0},{"damage":12.0,"enemies":"Snake Plant","floor":22.0,"turns":4.0},{"damage":27.0,"enemies":"Book of Stabbing","floor":24.0,"turns":8.0},{"damage":8.0,"enemies":"3 Cultists","floor":25.0,"turns":5.0},{"damage":1.0,"enemies":"Cultist and Chosen","floor":29.0,"turns":8.0},{"damage":0.0,"enemies":"Gremlin Leader","floor":31.0,"turns":8.0},{"damage":5.0,"enemies":"Collector","floor":33.0,"turns":11.0},{"damage":1.0,"enemies":"Orb Walker","floor":35.0,"turns":7.0},{"damage":0.0,"enemies":"3 Shapes","floor":36.0,"turns":5.0},{"damage":17.0,"enemies":"Jaw Worm Horde","floor":37.0,"turns":6.0},{"damage":26,"enemies":"2 Orb Walkers","floor":39,"turns":5}],"seed_played":"7112287578787866423","potions_obtained":[{"floor":1.0,"key":"PowerPotion"},{"floor":8.0,"key":"ColorlessPotion"},{"floor":16.0,"key":"AttackPotion"},{"floor":21.0,"key":"Regen Potion"},{"floor":24.0,"key":"Weak Potion"},{"floor":25.0,"key":"SpeedPotion"},{"floor":36.0,"key":"LiquidBronze"},{"floor":37,"key":"Dexterity Potion"}],"is_trial":false,"path_per_floor":["M","M","?","?","$","R","E","M","T","M","?","M","R","$","R","B",null,"M","?","$","M","M","R","E","M","T","?","?","M","R","E","R","B",null,"M","M","M","$","?"],"character_chosen":"THE_SILENT","items_purchased":["Toxic Egg 2","Fire Potion","Noxious Fumes","Dodge and Roll+1"],"campfire_rested":0,"item_purchase_floors":[5,14,14,20],"current_hp_per_floor":[59,59,59,64,64,64,64,64,64,64,64,64,64,64,64,39,58,40,40,40,36,43,43,21,18,18,18,18,22,22,27,27,27,31,32,32,20,20,0,0],"gold":41,"neow_bonus":"THREE_ENEMY_KILL","is_daily":false,"chose_seed":false,"campfire_upgraded":6,"win_rate":0.0,"timestamp":1609182932,"path_taken":["M","M","?","?","?","R","E","M","T","M","?","M","R","$","R","BOSS","M","?","$","M","M","R","E","M","T","?","?","?","R","E","R","BOSS","M","M","M","$","?"],"items_purchased_type":["Relic","Potion","Card","Card"],"build_version":"2020-12-22","purchased_purges":3,"victory":false,"max_hp_per_floor":[66,66,66,71,71,71,71,71,71,71,64,64,64,64,64,64,64,64,64,64,64,64,64,64,64,64,32,32,32,32,32,32,32,32,32,32,32,32,32,32],"relic_stats":{"Regal Pillow":0,"counters":[19,98],"Sundial":[6],"Bloody Idol":47,"HoveringKite":[22],"Tingsha":[48],"obtain_stats":[{"Lantern":7,"Regal Pillow":31,"NeowsBlessing":0,"Golden Idol":11,"Sundial":24,"Bloody Idol":19,"HoveringKite":17,"Tingsha":26,"Toxic Egg 2":5,"Empty Cage":34,"InkBottle":9,"Ring of the Snake":0},{"Lantern":3,"Regal Pillow":14,"NeowsBlessing":0,"Golden Idol":5,"Sundial":11,"Bloody Idol":8,"HoveringKite":7,"Tingsha":12,"Toxic Egg 2":2,"Empty Cage":15,"InkBottle":4,"Ring of the Snake":0},{"Lantern":3,"Regal Pillow":64,"NeowsBlessing":0,"Golden Idol":10,"Sundial":43,"Bloody Idol":26,"HoveringKite":21,"Tingsha":48,"Toxic Egg 2":2,"Empty Cage":75,"InkBottle":6,"Ring of the Snake":0}],"InkBottle":[31],"Ring of the Snake":[38]},"card_choices":[{"not_picked":["Outmaneuver","Cloak And Dagger"],"picked":"Backstab","floor":1.0},{"not_picked":["Deflect","Outmaneuver"],"picked":"Footwork","floor":2.0},{"not_picked":["Sucker Punch","Eviscerate"],"picked":"Dash","floor":7.0},{"not_picked":["Dagger Throw","Cloak And Dagger+1"],"picked":"Noxious Fumes","floor":8.0},{"not_picked":["Quick Slash","Calculated Gamble+1"],"picked":"Crippling Poison+1","floor":10.0},{"not_picked":["Masterful Stab","Flying Knee","Poisoned Stab"],"picked":"SKIP","floor":12.0},{"not_picked":["Bullet Time+1","Envenom"],"picked":"Venomology+1","floor":16.0},{"not_picked":["Sucker Punch","Expertise+1"],"picked":"Setup+1","floor":18.0},{"not_picked":["Underhanded Strike","Sucker Punch"],"picked":"PiercingWail+1","floor":21.0},{"not_picked":["Concentrate+1","Deadly Poison+1"],"picked":"Acrobatics+1","floor":22.0},{"not_picked":["Envenom","Deflect+1"],"picked":"PiercingWail+1","floor":24.0},{"not_picked":["Deflect+1","Noxious Fumes"],"picked":"Blur+1","floor":25.0},{"not_picked":["Blade Dance+1","Endless Agony"],"picked":"PiercingWail+1","floor":29.0},{"not_picked":["Prepared+1","Deflect+1"],"picked":"After Image","floor":31.0},{"not_picked":["Phantasmal Killer+1","Venomology+1"],"picked":"Night Terror+1","floor":33.0},{"not_picked":["Dagger Throw","Eviscerate"],"picked":"Footwork","floor":35.0},{"not_picked":["Deadly Poison+1","Dodge and Roll+1"],"picked":"Acrobatics+1","floor":36.0},{"not_picked":["Concentrate+1","Quick Slash"],"picked":"Prepared+1","floor":37}],"player_experience":1385179,"relics_obtained":[{"floor":7.0,"key":"Lantern"},{"floor":9.0,"key":"InkBottle"},{"floor":24.0,"key":"Sundial"},{"floor":26.0,"key":"Tingsha"},{"floor":31.0,"key":"Regal Pillow"}],"event_choices":[{"damage_healed":0.0,"max_hp_gain":0.0,"max_hp_loss":0.0,"gold_gain":275.0,"event_name":"Golden Shrine","player_choice":"Desecrate","floor":3.0,"gold_loss":0.0,"damage_taken":0.0,"cards_obtained":["Regret"]},{"damage_healed":0.0,"max_hp_gain":5.0,"max_hp_loss":0.0,"gold_gain":0.0,"event_name":"Big Fish","player_choice":"Donut","floor":4.0,"gold_loss":0.0,"damage_taken":0.0},{"damage_healed":0.0,"max_hp_gain":0.0,"max_hp_loss":7.0,"gold_gain":0.0,"event_name":"Golden Idol","player_choice":"Lose Max HP","floor":11.0,"gold_loss":0.0,"damage_taken":0.0,"relics_obtained":["Golden Idol"]},{"damage_healed":0.0,"max_hp_gain":0.0,"max_hp_loss":0.0,"gold_gain":0.0,"event_name":"Forgotten Altar","player_choice":"Gave Idol","floor":19.0,"relics_lost":["Golden Idol"],"gold_loss":0.0,"damage_taken":0.0,"relics_obtained":["Bloody Idol"]},{"damage_healed":0.0,"max_hp_gain":0.0,"max_hp_loss":32.0,"gold_gain":0.0,"event_name":"Ghosts","player_choice":"Became a Ghost","floor":27.0,"gold_loss":0.0,"damage_taken":0.0,"cards_obtained":["Ghostly","Ghostly","Ghostly"]},{"cards_removed":["Strike_G"],"damage_healed":0.0,"max_hp_gain":0.0,"max_hp_loss":0.0,"gold_gain":0.0,"event_name":"Beggar","player_choice":"Gave Gold","floor":28.0,"gold_loss":75.0,"damage_taken":0.0},{"damage_healed":0,"gold_gain":0,"player_choice":"Fight","damage_taken":0,"max_hp_gain":0,"max_hp_loss":0,"event_name":"Mysterious Sphere","floor":39,"gold_loss":0}],"is_beta":false,"boss_relics":[{"not_picked":["Sozu","Runic Dome"],"picked":"HoveringKite"},{"not_picked":["Tiny House","Cursed Key"],"picked":"Empty Cage"}],"items_purged_floors":[5,20,38],"is_endless":false,"potions_floor_spawned":[1,8,12,16,21,24,25,36,37],"killed_by":"2 Orb Walkers","ascension_level":20}}