{"host":"e4jlzdgap3yn3qj8","time":1609128008,"event":{"mods":["AchievementEnabler","BaseMod","Block Reminder","Colored Powertips","Curses Come First","Downfall","Highlight Path","Minty Spire (QoL Compilation)","Quick Restart","Random Character Button","Rare Cards Sparkle","StSLib"],"gold_per_floor":[99,119,139,139,14,114,114,23,23,23,23,43,43,69,91,91,91,91],"floor_reached":16,"playtime":1047,"items_purged":[],"score":90,"play_id":"2bc22d73-a5cf-41ea-8b4b-affe7bddd1f8","local_time":"20201227230008","is_ascension_mode":false,"campfire_choices":[{"floor":1,"key":"RECALL"},{"floor":9,"key":"REST"},{"data":"hexamod:Sear","floor":11,"key":"SMITH"},{"data":"hexamod:RetreatToShadows","floor":13,"key":"SMITH"}],"circlet_count":0,"master_deck":["hexamod:Strike+1","hexamod:Strike","hexamod:Strike+1","hexamod:Strike","hexamod:Defend","hexamod:Defend","hexamod:Defend","hexamod:Defend","hexamod:Sear+1","hexamod:Float","hexamod:Hexaguard+1","hexamod:RecurringNightmare","hexamod:FourthSeal","hexamod:SixthSeal","hexamod:SecondSeal","hexamod:RetreatToShadows+1","hexamod:BurningTouch","Impatience+1","hexamod:GhostLash","hexamod:GhostShield","hexamod:HeatMetal"],"relics":["hexamod:SpiritBrand"],"acts_visited":["Exordium"],"potions_floor_usage":[16,16,16,16,16,16],"damage_taken":[{"damage":1,"enemies":"Small Slimes","floor":2,"turns":4},{"damage":0,"enemies":"Jaw Worm","floor":3,"turns":4},{"damage":10,"enemies":"downfall:FleeingMerchant","floor":5,"turns":4},{"damage":11,"enemies":"downfall:FleeingMerchant","floor":8,"turns":4},{"damage":10,"enemies":"2 Louse","floor":12,"turns":4},{"damage":16,"enemies":"Red Slaver","floor":14,"turns":4},{"damage":13,"enemies":"Large Slime","floor":15,"turns":6},{"damage":44,"enemies":"downfall:Ironclad","floor":16,"turns":9}],"seed_played":"-1215445426398697128","potions_obtained":[{"floor":3,"key":"DistilledChaos"},{"floor":5,"key":"EssenceOfSteel"},{"floor":14,"key":"Swift Potion"},{"floor":14,"key":"Fire Potion"},{"floor":15,"key":"EntropicBrew"}],"is_trial":false,"path_per_floor":["R","M","M","?","$","?","T","$","R","?","R","M","R","M","M","B"],"character_chosen":"THE_SPIRIT","items_purchased":["hexamod:SecondSeal","hexamod:RetreatToShadows","Impatience"],"campfire_rested":1,"item_purchase_floors":[5,5,8],"current_hp_per_floor":[77,76,76,76,66,66,66,55,77,77,77,67,67,51,38,0,0,0],"gold":91,"neow_bonus":"TEN_PERCENT_HP_BONUS","is_daily":false,"chose_seed":false,"campfire_upgraded":2,"win_rate":0.0,"timestamp":1609128008,"path_taken":["R","M","M","?","$","?","T","?","R","?","R","M","R","M","M","BOSS"],"items_purchased_type":["Card","Card","Card"],"build_version":"2020-12-22","purchased_purges":0,"victory":false,"max_hp_per_floor":[77,77,77,77,77,77,77,77,77,77,77,77,77,77,77,77,77,77],"card_choices":[{"not_picked":["hexamod:SpectersWail","hexamod:InspiringFlames"],"picked":"hexamod:Hexaguard","floor":2},{"not_picked":["hexamod:HauntingEcho","hexamod:SwordOfDarkness"],"picked":"hexamod:RecurringNightmare","floor":3},{"not_picked":["hexamod:ThermalTransfer","hexamod:SoulSteal"],"picked":"hexamod:SixthSeal","floor":5},{"not_picked":["hexamod:SkipABeat","hexamod:RainOfEmbers"],"picked":"hexamod:BurningTouch","floor":8},{"not_picked":["hexamod:SkipABeat","hexamod:CatchUp"],"picked":"hexamod:GhostLash","floor":12},{"not_picked":["hexamod:SkipABeat","hexamod:Hexaguard"],"picked":"hexamod:GhostShield","floor":14},{"not_picked":["hexamod:RainOfEmbers","hexamod:BurningTouch","hexamod:HeatMetal"],"picked":"SKIP","floor":15},{"not_picked":["hexamod:RainOfEmbers","hexamod:BurningTouch"],"picked":"hexamod:HeatMetal","floor":15}],"player_experience":38398,"relics_obtained":[],"event_choices":[{"damage_healed":0,"gold_gain":0,"player_choice":"Upgraded","damage_taken":0,"max_hp_gain":0,"max_hp_loss":0,"event_name":"Upgrade Shrine","floor":10,"gold_loss":0,"cards_upgraded":["Impatience"]}],"is_beta":false,"boss_relics":[],"items_purged_floors":[],"is_endless":false,"potions_floor_spawned":[3,14,15],"killed_by":"downfall:Ironclad","ascension_level":0}}