{"host":"oej41yijjqk412ub","time":1609116776,"event":{"mods":["AchievementEnabler","BaseMod","Better Note","Block Reminder","Colored Map","Colored Powertips","Curses Come First","DeckTracker","Highlight Path","Minty Spire (QoL Compilation)","Quick Restart","Random Character Button","Rare Cards Sparkle","Relic Stats","StSLib","everything is the same but u backflip on backflip","slay the spire mod where everything is the same but ironclad has a cowboy hat"],"gold_per_floor":[114,189,116,116,66,66,28,60,60,93,118,148,140,164,176,285,297,319,331,343,372,394,406,434,446,458,470,482,494,354,371,371,371,371],"floor_reached":33,"playtime":2171,"items_purged":["Defend_B"],"score":303,"play_id":"2a35415e-64f9-41f0-9bf4-176f91b9c0b8","local_time":"20201227195256","is_ascension_mode":false,"campfire_choices":[{"data":"Zap","floor":6,"key":"SMITH"},{"data":"Amplify","floor":15,"key":"SMITH"},{"data":"Machine Learning","floor":23,"key":"SMITH"},{"floor":25,"key":"REST"},{"floor":27,"key":"REST"},{"floor":32,"key":"REST"}],"circlet_count":0,"master_deck":["Strike_B","Strike_B","Strike_B","Defend_B","Defend_B","Defend_B","Zap+1","Dualcast","Cold Snap","Heatsinks","Skim","White Noise","FTL","Amplify+1","Loop","Machine Learning+1","Machine Learning","Conserve Battery+1","Storm","Melter"],"relics":["Cracked Core","NeowsBlessing","Bird Faced Urn","WingedGreaves","MawBank","Mango","Tiny Chest","Enchiridion"],"acts_visited":["Exordium","TheCity"],"potions_floor_usage":[16,33,33],"damage_taken":[{"damage":0,"enemies":"2 Louse","floor":1,"turns":1},{"damage":0,"enemies":"Gremlin Nob","floor":8,"turns":1},{"damage":0,"enemies":"Lagavulin","floor":10,"turns":1},{"damage":0,"enemies":"Jaw Worm","floor":11,"turns":3},{"damage":7,"enemies":"Small Slimes","floor":12,"turns":3},{"damage":13,"enemies":"Exordium Thugs","floor":14,"turns":5},{"damage":30,"enemies":"Slime Boss","floor":16,"turns":7},{"damage":39,"enemies":"3 Byrds","floor":18,"turns":5},{"damage":8,"enemies":"Chosen","floor":21,"turns":4},{"damage":38,"enemies":"Snake Plant","floor":22,"turns":4},{"damage":39,"enemies":"Sentry and Sphere","floor":24,"turns":7},{"damage":44,"enemies":"3 Cultists","floor":31,"turns":7},{"damage":62,"enemies":"Collector","floor":33,"turns":6}],"seed_played":"-2984193540840014811","potions_obtained":[{"floor":8,"key":"CultistPotion"},{"floor":12,"key":"AttackPotion"},{"floor":13,"key":"Weak Potion"},{"floor":21,"key":"CultistPotion"},{"floor":24,"key":"Dexterity Potion"},{"floor":31,"key":"Weak Potion"}],"is_trial":false,"path_per_floor":["M","?","$","?","?","R","$","E","T","E","M","M","?","M","R","B",null,"M","?","?","M","M","R","M","R","T","R","$","?","$","M","R","B"],"character_chosen":"DEFECT","items_purchased":["Heatsinks","Skim","Storm"],"campfire_rested":3,"item_purchase_floors":[3,7,30],"current_hp_per_floor":[75,64,64,64,64,64,64,64,64,64,68,65,65,54,54,32,75,41,55,55,63,35,35,10,36,36,62,62,46,46,16,42,0,0],"gold":371,"neow_bonus":"THREE_ENEMY_KILL","is_daily":false,"chose_seed":false,"campfire_upgraded":3,"win_rate":0.0,"timestamp":1609116776,"path_taken":["M","?","$","?","?","R","?","E","T","E","?","M","?","M","R","BOSS","M","?","?","?","M","R","M","R","T","R","$","?","$","M","R","BOSS"],"items_purchased_type":["Card","Card","Card"],"build_version":"2020-12-22","purchased_purges":1,"victory":false,"max_hp_per_floor":[75,75,75,75,75,75,75,75,75,75,75,75,75,75,75,75,75,75,89,89,89,89,89,89,89,89,89,89,89,89,89,89,89,89],"relic_stats":{"counters":[13,54],"Bird Faced Urn":[95],"Tiny Chest":0,"MawBank":240,"obtain_stats":[{"NeowsBlessing":0,"Bird Faced Urn":8,"Enchiridion":29,"Mango":19,"Tiny Chest":26,"WingedGreaves":9,"Cracked Core":0,"MawBank":10},{"NeowsBlessing":0,"Bird Faced Urn":2,"Enchiridion":11,"Mango":8,"Tiny Chest":11,"WingedGreaves":2,"Cracked Core":0,"MawBank":3},{"NeowsBlessing":0,"Bird Faced Urn":2,"Enchiridion":41,"Mango":26,"Tiny Chest":41,"WingedGreaves":2,"Cracked Core":0,"MawBank":3}]},"card_choices":[{"not_picked":["Leap","Turbo"],"picked":"Cold Snap","floor":1},{"not_picked":["Cold Snap","Redo"],"picked":"White Noise","floor":8},{"not_picked":["Turbo","Streamline"],"picked":"FTL","floor":10},{"not_picked":["Cold Snap","Blizzard"],"picked":"Amplify","floor":11},{"not_picked":["Force Field","Leap","Redo"],"picked":"SKIP","floor":12},{"not_picked":["Leap","Reprogram"],"picked":"Loop","floor":14},{"not_picked":["Hyperbeam","Core Surge"],"picked":"Machine Learning","floor":16},{"not_picked":["Streamline","Leap+1","Ball Lightning+1"],"picked":"SKIP","floor":18},{"not_picked":["Sweeping Beam","Hologram","Ball Lightning"],"picked":"SKIP","floor":21},{"not_picked":["Stack","Sweeping Beam"],"picked":"Machine Learning","floor":22},{"not_picked":["Cold Snap+1","Stack+1"],"picked":"Conserve Battery+1","floor":24},{"not_picked":["Turbo","Sweeping Beam"],"picked":"Melter","floor":31}],"player_experience":130228,"relics_obtained":[{"floor":8,"key":"Bird Faced Urn"},{"floor":9,"key":"WingedGreaves"},{"floor":10,"key":"MawBank"},{"floor":26,"key":"Tiny Chest"},{"floor":29,"key":"Enchiridion"}],"event_choices":[{"damage_healed":0,"gold_gain":75,"player_choice":"Gather Gold","damage_taken":11,"max_hp_gain":0,"max_hp_loss":0,"event_name":"World of Goop","floor":2,"gold_loss":0},{"damage_healed":0,"gold_gain":0,"player_choice":"Ignored","damage_taken":0,"max_hp_gain":0,"max_hp_loss":0,"event_name":"Liars Game","floor":4,"gold_loss":0},{"cards_removed":["Strike_B"],"damage_healed":0,"gold_gain":0,"player_choice":"Card Removal","damage_taken":0,"max_hp_gain":0,"max_hp_loss":0,"event_name":"The Cleric","floor":5,"gold_loss":50},{"damage_healed":0,"gold_gain":0,"player_choice":"Bought 1 Potion","damage_taken":0,"max_hp_gain":0,"max_hp_loss":0,"event_name":"The Woman in Blue","floor":13,"gold_loss":0},{"damage_healed":0,"gold_gain":0,"player_choice":"Gave Potion","damage_taken":0,"relics_obtained":["Mango"],"max_hp_gain":0,"max_hp_loss":0,"event_name":"WeMeetAgain","floor":19,"gold_loss":0},{"cards_removed":["Zap"],"damage_healed":0,"gold_gain":0,"player_choice":"Give","damage_taken":0,"max_hp_gain":0,"max_hp_loss":0,"event_name":"betterNote:BetterNote","floor":20,"gold_loss":0,"cards_obtained":["Strike_R"]},{"damage_healed":0,"gold_gain":0,"player_choice":"Obtained Book","damage_taken":16,"max_hp_gain":0,"max_hp_loss":0,"event_name":"Cursed Tome","floor":29,"gold_loss":0}],"is_beta":false,"boss_relics":[{"not_picked":["Cursed Key","Snecko Eye","Ectoplasm"]}],"items_purged_floors":[30],"is_endless":false,"potions_floor_spawned":[8,12,21,24,31],"killed_by":"Collector","ascension_level":0}}