{"host":"2461dio7vetlq1z3","time":1609157904,"event":{"mods":["2.2 Compatiblity","AchievementEnabler","Aspiration","BaseMod","Better Third Choice","Friendly Minions","Hermit","Marisa????????","Minty Spire (QoL Compilation)","Relic Stats","Spicy Shops","StSLib","Waifu the Spire"],"gold_per_floor":[110,130,30,40,60,93,93,120,144,144,156,189,239,254,254,327,327,327],"floor_reached":17,"playtime":900,"items_purged":["Strike_G"],"score":354,"play_id":"6c8706e9-500e-476c-bf46-3820fdff64f3","local_time":"20201228131824","is_ascension_mode":true,"campfire_choices":[{"floor":7,"key":"REST"},{"floor":10,"key":"REST"},{"data":"Malaise","floor":15,"key":"SMITH"}],"circlet_count":0,"master_deck":["AscendersBane","Strike_G","Strike_G","Strike_G","Strike_G","Defend_G","Defend_G","Defend_G","Defend_G","Defend_G","Survivor","Neutralize","Bandage Up","Poisoned Stab","Crippling Poison","Bane","Endless Agony","Calculated Gamble","Footwork","Malaise+1","Riddle With Holes","Escape Plan","Dash","Night Terror","CurseOfTheBell"],"relics":["Ring of the Snake","aspiration:ChemicalBlood","Ninja Scroll","Vajra","Ancient Tea Set","Calling Bell","Nunchaku","Sundial","Incense Burner"],"acts_visited":["Exordium","TheCity"],"potions_floor_usage":[6,8,12,16],"damage_taken":[{"damage":13,"enemies":"Jaw Worm","floor":1,"turns":8},{"damage":11,"enemies":"Cultist","floor":2,"turns":5},{"damage":3,"enemies":"2 Louse","floor":4,"turns":3},{"damage":7,"enemies":"Large Slime","floor":5,"turns":8},{"damage":36,"enemies":"Lagavulin","floor":6,"turns":9},{"damage":30,"enemies":"3 Sentries","floor":8,"turns":10},{"damage":10,"enemies":"Red Slaver","floor":11,"turns":4},{"damage":9,"enemies":"Lagavulin","floor":12,"turns":9},{"damage":0,"enemies":"2 Fungi Beasts","floor":14,"turns":2},{"damage":25,"enemies":"The Guardian","floor":16,"turns":15}],"seed_played":"-8225356276897925764","potions_obtained":[{"floor":1,"key":"FearPotion"},{"floor":2,"key":"SkillPotion"},{"floor":8,"key":"FairyPotion"},{"floor":11,"key":"Swift Potion"},{"floor":16,"key":"Weak Potion"}],"is_trial":false,"path_per_floor":["M","M","$","M","M","E","R","E","T","R","M","E","?","M","R","B",null],"character_chosen":"THE_SILENT","items_purchased":["Bane"],"campfire_rested":2,"item_purchase_floors":[3],"current_hp_per_floor":[50,43,43,44,41,9,28,2,2,21,15,10,4,4,4,10,52,52],"gold":327,"neow_bonus":"RANDOM_COLORLESS","is_daily":false,"chose_seed":false,"campfire_upgraded":1,"win_rate":0.0,"timestamp":1609157904,"path_taken":["M","M","$","M","M","E","R","E","T","R","M","E","?","?","R","BOSS"],"items_purchased_type":["Card"],"build_version":"2020-12-22","purchased_purges":1,"victory":false,"max_hp_per_floor":[66,66,66,66,66,66,66,66,66,66,66,66,66,66,66,66,66,66],"relic_stats":{"Nunchaku":[0],"counters":[10,73],"Sundial":[0],"obtain_stats":[{"Calling Bell":17,"Nunchaku":17,"Ninja Scroll":8,"Sundial":17,"Vajra":9,"Incense Burner":17,"Ancient Tea Set":12,"Ring of the Snake":0,"aspiration:ChemicalBlood":6},{"Calling Bell":10,"Nunchaku":10,"Ninja Scroll":6,"Sundial":10,"Vajra":6,"Incense Burner":10,"Ancient Tea Set":8,"Ring of the Snake":0,"aspiration:ChemicalBlood":5},{"Calling Bell":73,"Nunchaku":73,"Ninja Scroll":43,"Sundial":73,"Vajra":43,"Incense Burner":73,"Ancient Tea Set":56,"Ring of the Snake":0,"aspiration:ChemicalBlood":33}],"Ring of the Snake":[20]},"card_choices":[{"not_picked":["Blind","Mind Blast"],"picked":"Bandage Up","floor":0},{"not_picked":["Eviscerate","Sucker Punch"],"picked":"Poisoned Stab","floor":1},{"not_picked":["Accuracy","Dagger Throw"],"picked":"Crippling Poison","floor":2},{"not_picked":["Catalyst","PiercingWail"],"picked":"Endless Agony","floor":4},{"not_picked":["Cloak And Dagger","Outmaneuver"],"picked":"Calculated Gamble","floor":5},{"not_picked":["Choke","PiercingWail"],"picked":"Footwork","floor":6},{"not_picked":["Expertise","Setup"],"picked":"Malaise","floor":8},{"not_picked":["Eviscerate","Dagger Throw"],"picked":"Riddle With Holes","floor":11},{"not_picked":["Masterful Stab","All Out Attack"],"picked":"Escape Plan","floor":12},{"not_picked":["Calculated Gamble","Heel Hook"],"picked":"Dash","floor":14},{"not_picked":["aspiration:Lunge","Wraith Form v2"],"picked":"Night Terror","floor":16}],"player_experience":1066174,"relics_obtained":[{"floor":6,"key":"aspiration:ChemicalBlood"},{"floor":8,"key":"Ninja Scroll"},{"floor":9,"key":"Vajra"},{"floor":12,"key":"Ancient Tea Set"},{"floor":17,"key":"Nunchaku"},{"floor":17,"key":"Sundial"},{"floor":17,"key":"Incense Burner"}],"event_choices":[{"damage_healed":0,"gold_gain":50,"player_choice":"Touch","damage_taken":6,"max_hp_gain":0,"max_hp_loss":0,"event_name":"FaceTrader","floor":13,"gold_loss":0}],"is_beta":false,"boss_relics":[{"not_picked":["Tiny House","HoveringKite"],"picked":"Calling Bell"}],"items_purged_floors":[3],"is_endless":false,"potions_floor_spawned":[1,2,8,16],"ascension_level":20}}