{"host":"t7mx8yfj1no5p62f","time":1609135013,"event":{"mods":["BaseMod","Colored Map","Colored Powertips","Minty Spire (QoL Compilation)","Relic Stats","StSLib"],"gold_per_floor":[112,130,130,26,49,85,85,125,125,163,163,207,207,231,231,357,357,372,427,441,441,496,496,569,569,569,1054,1097,1145,1190,1190,1190],"floor_reached":31,"playtime":1506,"items_purged":["Strike_P"],"score":679,"play_id":"31276878-fcb6-4999-9a6e-23e9a096b776","local_time":"20201228005653","is_ascension_mode":true,"campfire_choices":[{"data":"Devotion","floor":7.0,"key":"SMITH"},{"data":"Wish","floor":13.0,"key":"SMITH"},{"data":"Pray","floor":15.0,"key":"SMITH"},{"floor":23.0,"key":"REST"},{"data":"Protect","floor":25.0,"key":"SMITH"}],"circlet_count":0,"master_deck":["AscendersBane","Strike_P","Strike_P+1","Strike_P+1","Defend_P","Defend_P","Defend_P","Defend_P","Eruption","Vigilance+1","FollowUp+1","InnerPeace","BowlingBash","Devotion+1","CutThroughFate","LessonLearned+1","Wish+1","Pray+1","Brilliance","Protect+1","Pray","DeusExMachina","ThirdEye+1","WaveOfTheHand+1"],"relics":["Snecko Eye","Golden Idol","Eternal Feather","Shovel","Turnip","Boot","Cursed Key","Nilry\u0027s Codex","Ancient Tea Set","Old Coin","Ornamental Fan"],"acts_visited":["Exordium","TheCity"],"potions_floor_usage":[31],"damage_taken":[{"damage":9.0,"enemies":"Jaw Worm","floor":1.0,"turns":5.0},{"damage":0.0,"enemies":"Small Slimes","floor":2.0,"turns":2.0},{"damage":0.0,"enemies":"Cultist","floor":5.0,"turns":2.0},{"damage":9.0,"enemies":"Lagavulin","floor":6.0,"turns":6.0},{"damage":0.0,"enemies":"Gremlin Nob","floor":8.0,"turns":2.0},{"damage":15.0,"enemies":"Lagavulin","floor":10.0,"turns":8.0},{"damage":2.0,"enemies":"Exordium Thugs","floor":12.0,"turns":6.0},{"damage":50.0,"enemies":"Slime Boss","floor":16.0,"turns":10.0},{"damage":4.0,"enemies":"Shell Parasite","floor":18.0,"turns":3.0},{"damage":11.0,"enemies":"2 Thieves","floor":19.0,"turns":5.0},{"damage":11.0,"enemies":"Snake Plant","floor":20.0,"turns":3.0},{"damage":2.0,"enemies":"3 Cultists","floor":22.0,"turns":5.0},{"damage":23.0,"enemies":"Book of Stabbing","floor":24.0,"turns":4.0},{"damage":6,"enemies":"Colosseum Slavers","floor":27,"turns":6},{"damage":2,"enemies":"Colosseum Nobs","floor":27,"turns":6},{"damage":8,"enemies":"Sentry and Sphere","floor":28,"turns":5},{"damage":2,"enemies":"Snecko","floor":29,"turns":5},{"damage":0,"enemies":"Centurion and Healer","floor":30,"turns":4},{"damage":14,"enemies":"Slavers","floor":31,"turns":1}],"seed_played":"8969124794163477871","potions_obtained":[{"floor":5.0,"key":"FearPotion"},{"floor":8.0,"key":"Weak Potion"},{"floor":12.0,"key":"LiquidMemories"},{"floor":18.0,"key":"Energy Potion"},{"floor":24.0,"key":"Strength Potion"},{"floor":27,"key":"PowerPotion"}],"is_trial":false,"path_per_floor":["M","M","?","$","M","E","R","E","T","E","?","M","R","T","R","B",null,"M","M","M","?","M","R","E","R","T","?","M","M","M","E"],"character_chosen":"WATCHER","items_purchased":["BowlingBash"],"campfire_rested":1,"item_purchase_floors":[4],"current_hp_per_floor":[52,52,52,52,52,43,52,52,52,37,42,40,49,49,58,8,52,48,37,26,5,3,35,12,24,24,16,8,6,6,0,0],"gold":1190,"neow_bonus":"BOSS_RELIC","is_daily":false,"chose_seed":false,"campfire_upgraded":4,"win_rate":0.0,"timestamp":1609135013,"path_taken":["M","M","?","$","M","E","R","E","T","E","?","M","R","?","R","BOSS","M","?","M","?","M","R","E","R","T","?","M","M","M","E"],"items_purchased_type":["Card"],"build_version":"2020-12-22","purchased_purges":1,"victory":false,"max_hp_per_floor":[68,68,62,62,62,62,62,62,62,62,67,67,67,67,67,67,67,67,67,67,67,67,67,67,67,67,67,67,67,67,67,67],"relic_stats":{"Shovel":0,"counters":[19,88],"Golden Idol":111,"Ornamental Fan":[8],"Snecko Eye":[152,159,163,163],"Eternal Feather":51,"Turnip":[15],"Boot":[9],"Cursed Key":0,"obtain_stats":[{"Shovel":8,"Golden Idol":3,"Nilry\u0027s Codex":21,"Ornamental Fan":27,"Snecko Eye":0,"Eternal Feather":6,"Turnip":10,"PureWater":0,"Boot":14,"Cursed Key":17,"Ancient Tea Set":24,"Old Coin":27},{"Shovel":5,"Golden Idol":2,"Nilry\u0027s Codex":11,"Ornamental Fan":15,"Snecko Eye":0,"Eternal Feather":4,"Turnip":6,"PureWater":0,"Boot":7,"Cursed Key":8,"Ancient Tea Set":13,"Old Coin":15},{"Shovel":17,"Golden Idol":7,"Nilry\u0027s Codex":52,"Ornamental Fan":73,"Snecko Eye":0,"Eternal Feather":15,"Turnip":25,"PureWater":0,"Boot":31,"Cursed Key":41,"Ancient Tea Set":61,"Old Coin":73}]},"card_choices":[{"not_picked":["ClearTheMind","Perseverance"],"picked":"FollowUp","floor":1.0},{"not_picked":["FollowUp","Prostrate"],"picked":"InnerPeace","floor":2.0},{"not_picked":["FlyingSleeves","JustLucky"],"picked":"Devotion","floor":5.0},{"not_picked":["DeceiveReality","Halt"],"picked":"CutThroughFate","floor":6.0},{"not_picked":["BowlingBash","ThirdEye"],"picked":"LessonLearned","floor":8.0},{"not_picked":["SashWhip","FearNoEvil"],"picked":"Wish","floor":10.0},{"not_picked":["Perseverance","Conclude"],"picked":"Pray","floor":12.0},{"not_picked":["LessonLearned","Establishment"],"picked":"Brilliance","floor":16.0},{"not_picked":["JustLucky","PathToVictory"],"picked":"Protect","floor":18.0},{"not_picked":["WindmillStrike","BowlingBash+1"],"picked":"Pray","floor":19.0},{"not_picked":["Protect","BattleHymn"],"picked":"DeusExMachina","floor":20.0},{"not_picked":["WreathOfFlame","FlurryOfBlows","Evaluate"],"picked":"SKIP","floor":22.0},{"not_picked":["Vengeance","Crescendo"],"picked":"ThirdEye","floor":24.0},{"not_picked":["Establishment","BattleHymn"],"picked":"WaveOfTheHand","floor":28},{"not_picked":["BowlingBash","SashWhip","WreathOfFlame"],"picked":"SKIP","floor":29},{"not_picked":["Indignation","CutThroughFate","Prostrate"],"picked":"SKIP","floor":30}],"player_experience":1602756,"relics_obtained":[{"floor":6.0,"key":"Eternal Feather"},{"floor":8.0,"key":"Shovel"},{"floor":10.0,"key":"Turnip"},{"floor":14.0,"key":"Boot"},{"floor":21.0,"key":"Nilry\u0027s Codex"},{"floor":24.0,"key":"Ancient Tea Set"},{"floor":27,"key":"Old Coin"},{"floor":27,"key":"Ornamental Fan"}],"event_choices":[{"damage_healed":0.0,"max_hp_gain":0.0,"max_hp_loss":6.0,"gold_gain":0.0,"event_name":"Golden Idol","player_choice":"Lose Max HP","floor":3.0,"gold_loss":0.0,"damage_taken":0.0,"relics_obtained":["Golden Idol"]},{"damage_healed":0.0,"max_hp_gain":5.0,"max_hp_loss":0.0,"gold_gain":0.0,"event_name":"Big Fish","player_choice":"Donut","floor":11.0,"gold_loss":0.0,"damage_taken":0.0},{"damage_healed":0.0,"max_hp_gain":0.0,"max_hp_loss":0.0,"gold_gain":0.0,"event_name":"Cursed Tome","player_choice":"Obtained Book","floor":21.0,"gold_loss":0.0,"damage_taken":21.0},{"damage_healed":0,"gold_gain":0,"player_choice":"Fight","damage_taken":0,"max_hp_gain":0,"max_hp_loss":0,"event_name":"Colosseum","floor":27,"gold_loss":0},{"damage_healed":0,"gold_gain":0,"player_choice":"Fought Nobs","damage_taken":0,"max_hp_gain":0,"max_hp_loss":0,"event_name":"Colosseum","floor":27,"gold_loss":0}],"is_beta":false,"boss_relics":[{"not_picked":["VioletLotus","Velvet Choker"],"picked":"Cursed Key"}],"items_purged_floors":[4],"is_endless":false,"potions_floor_spawned":[5,8,12,18,24,27,29],"killed_by":"Slavers","ascension_level":20}}