{"host":"dhyczjm99amxd3qx","time":1609190410,"event":{"mods":["BaseMod","Colored Map","Googly Eyes","Highlight Path","Minty Spire (QoL Compilation)","Quick Restart","StSLib"],"gold_per_floor":[109,109,109,109,124,124,157,157,180,180,180,215,215,215,215,317,317,331,100,100,118,134,161,161,161,231,257,272,288,321,50,50,146,146,157,174,199,199,199],"floor_reached":38,"playtime":3080,"items_purged":["Dualcast","Turbo"],"score":507,"play_id":"8c817df9-b91b-43b4-963f-7165dc9c8b94","local_time":"20201228162010","is_ascension_mode":true,"campfire_choices":[{"data":"Zap","floor":6.0,"key":"SMITH"},{"data":"White Noise","floor":8.0,"key":"SMITH"},{"data":"Defend_B","floor":15.0,"key":"SMITH"},{"data":"Echo Form","floor":24.0,"key":"SMITH"},{"data":"Leap","floor":32.0,"key":"SMITH"}],"circlet_count":0,"master_deck":["Defend_B","Defend_B+1","Defend_B+1","Zap+1","Tempest+1","White Noise+1","Echo Form+1","Go for the Eyes+1","Bite","Bite","Bite","Bite","Bite","Lockon+1","Go for the Eyes+1","Leap+1","FTL+1","Ball Lightning","Double Energy+1","Ball Lightning","Echo Form","BootSequence+1","White Noise+1"],"relics":["Cracked Core","Blue Candle","DataDisk","Tiny Chest","Art of War","MealTicket","White Beast Statue","Empty Cage","Toolbox","Pantograph","Matryoshka","Question Card","Eternal Feather","Anchor","Runic Pyramid","Juzu Bracelet","Ancient Tea Set"],"acts_visited":["Exordium","TheCity","TheBeyond"],"potions_floor_usage":[36,36],"damage_taken":[{"damage":4.0,"enemies":"Jaw Worm","floor":1.0,"turns":5.0},{"damage":0.0,"enemies":"2 Louse","floor":5.0,"turns":2.0},{"damage":6.0,"enemies":"Lagavulin","floor":7.0,"turns":5.0},{"damage":4.0,"enemies":"3 Sentries","floor":12.0,"turns":5.0},{"damage":26.0,"enemies":"The Guardian","floor":16.0,"turns":10.0},{"damage":24.0,"enemies":"3 Byrds","floor":18.0,"turns":4.0},{"damage":10.0,"enemies":"Shell Parasite","floor":21.0,"turns":5.0},{"damage":17.0,"enemies":"Centurion and Healer","floor":22.0,"turns":6.0},{"damage":30.0,"enemies":"Gremlin Leader","floor":23.0,"turns":7.0},{"damage":40.0,"enemies":"Slavers","floor":27.0,"turns":5.0},{"damage":12.0,"enemies":"Cultist and Chosen","floor":28.0,"turns":4.0},{"damage":16.0,"enemies":"Sentry and Sphere","floor":29.0,"turns":5.0},{"damage":7.0,"enemies":"Book of Stabbing","floor":30.0,"turns":4.0},{"damage":12.0,"enemies":"Champ","floor":33.0,"turns":9.0},{"damage":13,"enemies":"Orb Walker","floor":35,"turns":4},{"damage":32,"enemies":"3 Darklings","floor":36,"turns":5},{"damage":40,"enemies":"4 Shapes","floor":38,"turns":4}],"seed_played":"-5375171019465916717","potions_obtained":[{"floor":1.0,"key":"SteroidPotion"},{"floor":7.0,"key":"SpeedPotion"},{"floor":16.0,"key":"DistilledChaos"},{"floor":18.0,"key":"SpeedPotion"},{"floor":21.0,"key":"LiquidBronze"},{"floor":22.0,"key":"Weak Potion"},{"floor":23.0,"key":"Energy Potion"},{"floor":27.0,"key":"ColorlessPotion"},{"floor":28.0,"key":"GamblersBrew"},{"floor":29.0,"key":"GamblersBrew"},{"floor":30.0,"key":"AttackPotion"},{"floor":33.0,"key":"FocusPotion"},{"floor":35,"key":"FocusPotion"},{"floor":36,"key":"Fire Potion"}],"is_trial":false,"path_per_floor":["M","?","?","T","M","R","E","R","T","?","?","E","?","T","R","B",null,"M","$","?","M","M","E","R","?","T","E","M","M","E","$","R","B",null,"M","M","T","M"],"character_chosen":"DEFECT","items_purchased":["Toolbox","Anchor","Ball Lightning"],"campfire_rested":0,"item_purchase_floors":[19,31,31],"current_hp_per_floor":[78,62,55,55,55,55,49,49,49,49,49,45,45,45,45,19,82,58,73,57,57,56,47,47,47,47,19,17,15,16,31,43,57,57,48,26,26,0,0],"gold":199,"neow_bonus":"TEN_PERCENT_HP_BONUS","is_daily":false,"chose_seed":false,"campfire_upgraded":5,"win_rate":0.0,"timestamp":1609190410,"path_taken":["M","?","?","?","?","R","E","R","T","?","?","E","?","?","R","BOSS","M","$","?","M","M","E","R","?","T","E","M","?","E","$","R","BOSS","M","M","?","M"],"items_purchased_type":["Relic","Relic","Card"],"build_version":"2020-12-22","purchased_purges":2,"victory":false,"max_hp_per_floor":[82,82,82,82,82,82,82,82,82,82,82,82,82,82,82,82,82,82,82,57,57,57,57,57,57,57,57,57,57,57,57,57,57,57,57,57,57,57,57],"card_choices":[{"not_picked":["Rebound","Go for the Eyes"],"picked":"Tempest","floor":1.0},{"not_picked":["Coolheaded","Sweeping Beam","Leap"],"picked":"SKIP","floor":5.0},{"not_picked":["Sweeping Beam","Doom and Gloom"],"picked":"White Noise","floor":7.0},{"not_picked":["Barrage","Chaos"],"picked":"Turbo","floor":12.0},{"not_picked":["Reboot","Core Surge"],"picked":"Echo Form","floor":16.0},{"not_picked":["Cold Snap","Steam"],"picked":"Go for the Eyes","floor":18.0},{"not_picked":["Gash","Cold Snap+1"],"picked":"Lockon+1","floor":21.0},{"not_picked":["Compile Driver","Gash"],"picked":"Go for the Eyes+1","floor":22.0},{"not_picked":["Barrage","Cold Snap+1"],"picked":"Leap","floor":23.0},{"not_picked":["Core Surge","Leap","Streamline"],"picked":"SKIP","floor":27.0},{"not_picked":["Undo","Conserve Battery","Go for the Eyes"],"picked":"FTL+1","floor":28.0},{"not_picked":["Darkness","Hologram","Streamline"],"picked":"Ball Lightning","floor":29.0},{"not_picked":["Auto Shields","Conserve Battery","Rebound"],"picked":"Double Energy+1","floor":30.0},{"not_picked":["Multi-Cast","Meteor Strike","Reboot"],"picked":"Echo Form","floor":33.0},{"not_picked":["Chill","Rebound+1","Beam Cell"],"picked":"BootSequence+1","floor":35},{"not_picked":["Turbo+1","Aggregate","Compile Driver+1"],"picked":"White Noise+1","floor":36}],"player_experience":150145,"relics_obtained":[{"floor":4.0,"key":"Blue Candle"},{"floor":7.0,"key":"DataDisk"},{"floor":9.0,"key":"Tiny Chest"},{"floor":12.0,"key":"MealTicket"},{"floor":14.0,"key":"White Beast Statue"},{"floor":23.0,"key":"Pantograph"},{"floor":26.0,"key":"Matryoshka"},{"floor":27.0,"key":"Question Card"},{"floor":30.0,"key":"Eternal Feather"},{"floor":37,"key":"Juzu Bracelet"},{"floor":37,"key":"Ancient Tea Set"}],"event_choices":[{"damage_healed":0.0,"max_hp_gain":0.0,"max_hp_loss":0.0,"gold_gain":0.0,"event_name":"Shining Light","player_choice":"Entered Light","floor":2.0,"gold_loss":0.0,"damage_taken":16.0,"cards_upgraded":["Strike_B","Tempest"]},{"cards_removed":["Strike_B"],"damage_healed":0.0,"max_hp_gain":0.0,"max_hp_loss":0.0,"gold_gain":0.0,"event_name":"Golden Wing","player_choice":"Card Removal","floor":3.0,"gold_loss":0.0,"damage_taken":7.0},{"damage_healed":0.0,"max_hp_gain":0.0,"max_hp_loss":0.0,"gold_gain":0.0,"event_name":"Big Fish","player_choice":"Box","floor":10.0,"gold_loss":0.0,"damage_taken":0.0,"relics_obtained":["Art of War"],"cards_obtained":["Regret"]},{"cards_removed":["Regret"],"damage_healed":0.0,"max_hp_gain":0.0,"max_hp_loss":0.0,"gold_gain":0.0,"event_name":"Living Wall","player_choice":"Forget","floor":11.0,"gold_loss":0.0,"damage_taken":0.0},{"damage_healed":0.0,"max_hp_gain":0.0,"max_hp_loss":0.0,"gold_gain":0.0,"event_name":"Accursed Blacksmith","player_choice":"Forge","floor":13.0,"gold_loss":0.0,"damage_taken":0.0,"cards_upgraded":["Defend_B"]},{"damage_healed":0.0,"max_hp_gain":0.0,"max_hp_loss":25.0,"gold_gain":0.0,"event_name":"Vampires","player_choice":"Became a vampire","floor":20.0,"gold_loss":0.0,"damage_taken":0.0,"cards_obtained":["Bite","Bite","Bite","Bite","Bite"]},{"damage_healed":0.0,"max_hp_gain":0.0,"max_hp_loss":0.0,"gold_gain":0.0,"event_name":"Upgrade Shrine","player_choice":"Upgraded","floor":25.0,"gold_loss":0.0,"damage_taken":0.0,"cards_upgraded":["Go for the Eyes"]}],"is_beta":false,"boss_relics":[{"not_picked":["Astrolabe","Cursed Key"],"picked":"Empty Cage"},{"not_picked":["Runic Dome","FrozenCore"],"picked":"Runic Pyramid"}],"items_purged_floors":[19,31],"is_endless":false,"potions_floor_spawned":[1,7,16,18,21,22,23,27,28,29,30,33,35,36],"killed_by":"4 Shapes","ascension_level":2}}