{"host":"1v94wza6sq30pv3l","time":1609195919,"event":{"mods":["AchievementEnabler","BaseMod","Highlight Path","Minty Spire (QoL Compilation)"],"gold_per_floor":[113,113,128,74,87,114,114,142,142,156,156,191,34,49,49,144,144,164,164,174,192,192],"floor_reached":21,"playtime":1514,"items_purged":[],"score":237,"play_id":"aa4d68de-cef5-4e41-a98e-806108400609","local_time":"20201228175159","is_ascension_mode":true,"campfire_choices":[{"floor":7.0,"key":"REST"},{"floor":11.0,"key":"REST"},{"data":"Eviscerate","floor":15.0,"key":"SMITH"}],"circlet_count":0,"master_deck":["Strike_G","Strike_G","Strike_G","Strike_G","Strike_G","Defend_G","Defend_G","Defend_G","Defend_G","Defend_G","Survivor","Neutralize","Underhanded Strike","Eviscerate+1","Backflip","Flying Knee","Dagger Throw","Leg Sweep","Cloak And Dagger","Prepared","Dagger Throw","Burst","Dagger Spray","Blur","Flechettes"],"relics":["Ring of the Snake","NeowsBlessing","Frozen Egg 2","Matryoshka","Bag of Preparation","Pear","Toy Ornithopter","Tiny Chest","Sling","Velvet Choker"],"acts_visited":["Exordium","TheCity"],"potions_floor_usage":[20],"damage_taken":[{"damage":0.0,"enemies":"Small Slimes","floor":1.0,"turns":1.0},{"damage":0.0,"enemies":"Jaw Worm","floor":3.0,"turns":1.0},{"damage":0.0,"enemies":"2 Louse","floor":5.0,"turns":1.0},{"damage":32.0,"enemies":"Lagavulin","floor":6.0,"turns":9.0},{"damage":10.0,"enemies":"3 Sentries","floor":8.0,"turns":6.0},{"damage":1.0,"enemies":"Gremlin Gang","floor":10.0,"turns":3.0},{"damage":0.0,"enemies":"Gremlin Nob","floor":12.0,"turns":3.0},{"damage":0.0,"enemies":"2 Fungi Beasts","floor":14.0,"turns":2.0},{"damage":62.0,"enemies":"The Guardian","floor":16.0,"turns":12.0},{"damage":25,"enemies":"3 Byrds","floor":18,"turns":6},{"damage":0,"enemies":"Chosen","floor":20,"turns":4},{"damage":20,"enemies":"Centurion and Healer","floor":21,"turns":7}],"seed_played":"-2928200304649865464","potions_obtained":[{"floor":3.0,"key":"DuplicationPotion"},{"floor":8.0,"key":"EntropicBrew"},{"floor":12.0,"key":"Fire Potion"},{"floor":14.0,"key":"Swift Potion"},{"floor":18,"key":"AttackPotion"}],"is_trial":false,"path_per_floor":["M","?","M","$","M","E","R","E","T","M","R","E","$","M","R","B",null,"M","?","M","M"],"character_chosen":"THE_SILENT","items_purchased":["Backflip","Sling"],"campfire_rested":2,"item_purchase_floors":[4,13],"current_hp_per_floor":[70,63,63,63,63,31,52,42,52,51,75,80,80,80,80,28,80,55,55,60,40,40],"gold":192,"neow_bonus":"THREE_ENEMY_KILL","is_daily":false,"chose_seed":false,"campfire_upgraded":1,"win_rate":0.0,"timestamp":1609195919,"path_taken":["M","?","M","$","M","E","R","E","T","M","R","E","$","M","R","BOSS","M","?","M","M"],"items_purchased_type":["Card","Relic"],"build_version":"2020-12-22","purchased_purges":0,"victory":false,"max_hp_per_floor":[70,70,70,70,70,70,70,70,80,80,80,80,80,80,80,80,80,80,80,80,80,80],"card_choices":[{"not_picked":["Slice","Backstab"],"picked":"Underhanded Strike","floor":1.0},{"not_picked":["Endless Agony","Sucker Punch"],"picked":"Eviscerate","floor":3.0},{"not_picked":["Quick Slash","Deflect"],"picked":"Flying Knee","floor":5.0},{"not_picked":["Calculated Gamble","Choke"],"picked":"Dagger Throw","floor":6.0},{"not_picked":["Expertise","PiercingWail"],"picked":"Leg Sweep","floor":8.0},{"not_picked":["Bouncing Flask","Dash"],"picked":"Cloak And Dagger","floor":10.0},{"not_picked":["Backflip","Skewer"],"picked":"Prepared","floor":12.0},{"not_picked":["Outmaneuver","Quick Slash"],"picked":"Dagger Throw","floor":14.0},{"not_picked":["Wraith Form v2+1","Doppelganger"],"picked":"Burst","floor":16.0},{"not_picked":["Cloak And Dagger","Slice"],"picked":"Dagger Spray","floor":18},{"not_picked":["Quick Slash","Endless Agony+1"],"picked":"Blur","floor":20},{"not_picked":["Dash+1","Poisoned Stab+1"],"picked":"Flechettes","floor":21}],"player_experience":59664,"relics_obtained":[{"floor":6.0,"key":"Matryoshka"},{"floor":8.0,"key":"Bag of Preparation"},{"floor":9.0,"key":"Pear"},{"floor":9.0,"key":"Toy Ornithopter"},{"floor":12.0,"key":"Tiny Chest"}],"event_choices":[{"damage_healed":0.0,"max_hp_gain":0.0,"max_hp_loss":0.0,"gold_gain":0.0,"event_name":"Scrap Ooze","player_choice":"Success","floor":2.0,"gold_loss":0.0,"damage_taken":7.0,"relics_obtained":["Frozen Egg 2"]},{"damage_healed":0,"gold_gain":0,"player_choice":"Ignored","damage_taken":0,"max_hp_gain":0,"max_hp_loss":0,"event_name":"Ghosts","floor":19,"gold_loss":0}],"is_beta":false,"boss_relics":[{"not_picked":["Ectoplasm","Calling Bell"],"picked":"Velvet Choker"}],"items_purged_floors":[],"is_endless":false,"potions_floor_spawned":[3,8,12,14,18],"killed_by":"Centurion and Healer","ascension_level":1}}