{"host":"baiuyraednrljtmn","time":1609168305,"event":{"mods":["BaseMod","Colored Map","Colored Powertips","DeckTracker","Keyboard Shortcuts","Minty Spire (QoL Compilation)","Relic Stats","StSLib","SuperFastMode","everything is the same but u backflip on backflip"],"gold_per_floor":[14,14,24,39,39,39,71,94,129,175,206,218,49,76,76,154,154,168,8,8,26,26,26,45,45,45,58,58,73,104,131,131,131,131],"floor_reached":33,"playtime":2984,"items_purged":["Strike_G"],"score":574,"play_id":"12eabb75-886a-4001-a442-fd5a97f34b96","local_time":"20201229001145","is_ascension_mode":true,"campfire_choices":[{"data":"Riddle With Holes","floor":6.0,"key":"SMITH"},{"data":"Envenom","floor":12.0,"key":"SMITH"},{"data":"Poisoned Stab","floor":15.0,"key":"SMITH"},{"data":"Venomology","floor":23.0,"key":"SMITH"},{"floor":28.0,"key":"REST"},{"floor":32,"key":"REST"}],"circlet_count":0,"master_deck":["AscendersBane","Strike_G","Strike_G","Defend_G","Defend_G","Defend_G","Defend_G","Defend_G","Survivor","Neutralize","Sadistic Nature","Riddle With Holes+1","Predator","Infinite Blades","Backflip","After Image","Envenom+1","PiercingWail","Endless Agony","Poisoned Stab+1","Venomology+1","Infinite Blades","Cloak And Dagger","Blur+1"],"relics":["Ring of the Snake","MawBank","Bag of Preparation","Art of War","Torii","SacredBark","Happy Flower","Frozen Egg 2","Red Mask","Potion Belt"],"acts_visited":["Exordium","TheCity"],"potions_floor_usage":[30,30,31,31,33,33],"damage_taken":[{"damage":1.0,"enemies":"Cultist","floor":1.0,"turns":4.0},{"damage":0.0,"enemies":"2 Louse","floor":3.0,"turns":2.0},{"damage":1.0,"enemies":"Small Slimes","floor":4.0,"turns":4.0},{"damage":16.0,"enemies":"Gremlin Nob","floor":7.0,"turns":4.0},{"damage":1.0,"enemies":"2 Fungi Beasts","floor":8.0,"turns":3.0},{"damage":8.0,"enemies":"3 Sentries","floor":10.0,"turns":10.0},{"damage":3.0,"enemies":"3 Louse","floor":11.0,"turns":4.0},{"damage":4.0,"enemies":"Gremlin Nob","floor":14.0,"turns":3.0},{"damage":10.0,"enemies":"Hexaghost","floor":16.0,"turns":5.0},{"damage":15.0,"enemies":"Spheric Guardian","floor":18.0,"turns":6.0},{"damage":10.0,"enemies":"2 Thieves","floor":21.0,"turns":4.0},{"damage":0.0,"enemies":"Cultist and Chosen","floor":24.0,"turns":5.0},{"damage":0.0,"enemies":"Snecko","floor":25.0,"turns":1.0},{"damage":7.0,"enemies":"Shelled Parasite and Fungi","floor":27.0,"turns":4.0},{"damage":13.0,"enemies":"Centurion and Healer","floor":29.0,"turns":4.0},{"damage":11,"enemies":"Masked Bandits","floor":30,"turns":4},{"damage":4,"enemies":"Book of Stabbing","floor":31,"turns":4},{"damage":43,"enemies":"Collector","floor":33,"turns":7}],"seed_played":"-9005947996406500494","potions_obtained":[{"floor":3.0,"key":"BlessingOfTheForge"},{"floor":4.0,"key":"Weak Potion"},{"floor":8.0,"key":"EntropicBrew"},{"floor":10.0,"key":"SteroidPotion"},{"floor":16.0,"key":"Swift Potion"},{"floor":27.0,"key":"PowerPotion"},{"floor":30,"key":"GamblersBrew"}],"is_trial":false,"path_per_floor":["M","?","M","M","?","R","E","M","T","E","M","R","$","E","R","B",null,"M","$","?","M","$","R","M","M","T","M","R","M","?","E","R","B"],"character_chosen":"THE_SILENT","items_purchased":["Endless Agony","Poisoned Stab","Happy Flower"],"campfire_rested":2,"item_purchase_floors":[13,13,19],"current_hp_per_floor":[58,58,58,57,62,62,46,45,45,37,34,34,34,30,30,20,58,43,43,43,33,33,33,33,33,33,26,47,34,23,19,40,0,0],"gold":131,"neow_bonus":"RANDOM_COLORLESS_2","is_daily":false,"chose_seed":false,"campfire_upgraded":4,"win_rate":0.0,"timestamp":1609168305,"path_taken":["M","?","M","M","?","R","E","M","T","E","M","R","$","E","R","BOSS","M","$","?","M","$","R","?","M","T","M","R","M","?","E","R","BOSS"],"items_purchased_type":["Card","Card","Relic"],"build_version":"2020-12-22","purchased_purges":1,"victory":false,"max_hp_per_floor":[66,66,66,66,71,71,71,71,71,71,71,71,71,71,71,71,71,71,71,71,71,71,71,71,71,71,71,71,71,71,71,71,71,71],"relic_stats":{"Torii":9,"Happy Flower":[11],"counters":[18,78],"Bag of Preparation":[26],"Art of War":[4],"MawBank":72,"obtain_stats":[{"Potion Belt":31,"Torii":14,"Happy Flower":19,"SacredBark":17,"Bag of Preparation":9,"Art of War":10,"Red Mask":30,"Frozen Egg 2":26,"MawBank":7,"Ring of the Snake":0},{"Potion Belt":17,"Torii":8,"Happy Flower":10,"SacredBark":9,"Bag of Preparation":5,"Art of War":6,"Red Mask":16,"Frozen Egg 2":13,"MawBank":4,"Ring of the Snake":0},{"Potion Belt":71,"Torii":34,"Happy Flower":45,"SacredBark":39,"Bag of Preparation":17,"Art of War":27,"Red Mask":67,"Frozen Egg 2":55,"MawBank":14,"Ring of the Snake":0}],"Ring of the Snake":[37]},"card_choices":[{"not_picked":["Mayhem","Secret Technique"],"picked":"Sadistic Nature","floor":0.0},{"not_picked":["Outmaneuver","All Out Attack"],"picked":"Riddle With Holes","floor":1.0},{"not_picked":["Blur","PiercingWail"],"picked":"Predator","floor":3.0},{"not_picked":["Dagger Throw","Terror"],"picked":"Infinite Blades","floor":4.0},{"not_picked":["PiercingWail","Flying Knee"],"picked":"Backflip","floor":7.0},{"not_picked":["Outmaneuver","Predator"],"picked":"After Image","floor":8.0},{"not_picked":["Endless Agony","Outmaneuver"],"picked":"Envenom","floor":10.0},{"not_picked":["Outmaneuver","Dagger Throw"],"picked":"PiercingWail","floor":11.0},{"not_picked":["Bouncing Flask","Night Terror","PiercingWail"],"picked":"SKIP","floor":14.0},{"not_picked":["Doppelganger","A Thousand Cuts"],"picked":"Venomology","floor":16.0},{"not_picked":["Dagger Throw","Expertise","Dagger Spray"],"picked":"SKIP","floor":18.0},{"not_picked":["Sucker Punch","Underhanded Strike","Catalyst"],"picked":"SKIP","floor":21.0},{"not_picked":["Dash","Catalyst"],"picked":"Infinite Blades","floor":24.0},{"not_picked":["Quick Slash","Flying Knee"],"picked":"Cloak And Dagger","floor":27.0},{"not_picked":["Deadly Poison","Concentrate","Dagger Spray"],"picked":"SKIP","floor":29.0},{"not_picked":["Deadly Poison","Concentrate","Dagger Spray"],"picked":"SKIP","floor":29.0},{"not_picked":["Heel Hook","Dodge and Roll+1"],"picked":"Blur+1","floor":30},{"not_picked":["Dagger Throw","Underhanded Strike","Unload"],"picked":"SKIP","floor":31}],"player_experience":1377507,"relics_obtained":[{"floor":7.0,"key":"MawBank"},{"floor":9.0,"key":"Bag of Preparation"},{"floor":10.0,"key":"Art of War"},{"floor":14.0,"key":"Torii"},{"floor":26.0,"key":"Frozen Egg 2"},{"floor":30,"key":"Red Mask"},{"floor":31,"key":"Potion Belt"}],"event_choices":[{"cards_removed":["Strike_G"],"damage_healed":0.0,"max_hp_gain":0.0,"max_hp_loss":0.0,"gold_gain":0.0,"event_name":"Living Wall","player_choice":"Forget","floor":2.0,"gold_loss":0.0,"damage_taken":0.0},{"damage_healed":0.0,"max_hp_gain":5.0,"max_hp_loss":0.0,"gold_gain":0.0,"event_name":"Big Fish","player_choice":"Donut","floor":5.0,"gold_loss":0.0,"damage_taken":0.0},{"cards_removed":["Strike_G"],"damage_healed":0.0,"max_hp_gain":0.0,"max_hp_loss":0.0,"gold_gain":0.0,"event_name":"Bonfire Elementals","player_choice":"Offered Basic","floor":20.0,"gold_loss":0.0,"damage_taken":0.0},{"damage_healed":0,"gold_gain":0,"player_choice":"Fought Bandits","damage_taken":0,"max_hp_gain":0,"max_hp_loss":0,"event_name":"Masked Bandits","floor":30,"gold_loss":0}],"is_beta":false,"boss_relics":[{"not_picked":["Runic Dome","Empty Cage"],"picked":"SacredBark"}],"items_purged_floors":[13],"is_endless":false,"potions_floor_spawned":[3,4,8,10,16,25,27,30],"killed_by":"Collector","ascension_level":20}}