{"host":"baymyijz6sxaqj5s","time":1609157407,"event":{"mods":["AchievementEnabler","BaseMod","Colored Map","Colored Powertips","DeckTracker","Highlight Path","KOR Keyword Fix","Keyboard Shortcuts","Minty Spire (QoL Compilation)","Quick Restart","StSLib","SuperFastMode"],"gold_per_floor":[117,117,130,130,130,145,164,175,175,185,196,161,177,188,188,285,285,297,309,309,309],"floor_reached":20,"playtime":960,"items_purged":[],"score":214,"play_id":"1ed6413f-f762-4ef5-8dd7-c71c37838799","local_time":"20201228211007","is_ascension_mode":true,"campfire_choices":[{"floor":15,"key":"REST"}],"circlet_count":0,"master_deck":["Strike_G","Strike_G","Strike_G","Strike_G","Strike_G","Defend_G","Defend_G","Defend_G","Defend_G","Defend_G","Survivor","Neutralize","Backflip","Dodge and Roll","Noxious Fumes","Poisoned Stab","Grand Finale","Crippling Poison","Outmaneuver+1"],"relics":["Ring of the Snake","FossilizedHelix","Runic Pyramid"],"acts_visited":["Exordium","TheCity"],"potions_floor_usage":[8,11,14,19],"damage_taken":[{"damage":0,"enemies":"Cultist","floor":1,"turns":4},{"damage":4,"enemies":"Jaw Worm","floor":3,"turns":6},{"damage":0,"enemies":"2 Louse","floor":6,"turns":5},{"damage":13,"enemies":"Exordium Thugs","floor":7,"turns":6},{"damage":26,"enemies":"Lots of Slimes","floor":8,"turns":6},{"damage":0,"enemies":"Blue Slaver","floor":10,"turns":6},{"damage":0,"enemies":"3 Louse","floor":11,"turns":4},{"damage":17,"enemies":"Exordium Thugs","floor":13,"turns":8},{"damage":8,"enemies":"2 Fungi Beasts","floor":14,"turns":5},{"damage":30,"enemies":"The Guardian","floor":16,"turns":12},{"damage":0,"enemies":"Spheric Guardian","floor":18,"turns":3},{"damage":39,"enemies":"Chosen","floor":19,"turns":8},{"damage":63,"enemies":"Snecko","floor":20,"turns":9}],"seed_played":"1307252015818288810","potions_obtained":[{"floor":3,"key":"AttackPotion"},{"floor":6,"key":"SneckoOil"},{"floor":8,"key":"CunningPotion"},{"floor":13,"key":"Fruit Juice"},{"floor":16,"key":"Swift Potion"},{"floor":18,"key":"LiquidBronze"}],"is_trial":false,"path_per_floor":["M","?","M","?","$","M","M","M","T","M","M","?","M","M","R","B",null,"M","M","M"],"character_chosen":"THE_SILENT","items_purchased":[],"campfire_rested":1,"item_purchase_floors":[],"current_hp_per_floor":[77,82,78,78,78,78,65,39,39,39,39,59,42,39,65,35,87,87,48,0,0],"gold":309,"neow_bonus":"TEN_PERCENT_HP_BONUS","is_daily":false,"chose_seed":false,"campfire_upgraded":0,"win_rate":0.0,"timestamp":1609157407,"path_taken":["M","?","M","?","$","M","M","M","T","M","M","?","?","M","R","BOSS","M","M","?"],"items_purchased_type":[],"build_version":"2020-12-22","purchased_purges":0,"victory":false,"max_hp_per_floor":[77,82,82,82,82,82,82,82,82,82,82,82,82,87,87,87,87,87,87,87,87],"card_choices":[{"not_picked":["Dagger Spray","Riddle With Holes"],"picked":"Backflip","floor":1},{"not_picked":["Escape Plan","Expertise"],"picked":"Dodge and Roll","floor":3},{"not_picked":["Outmaneuver","Skewer"],"picked":"Noxious Fumes","floor":6},{"not_picked":["Sucker Punch","Accuracy","Dagger Throw"],"picked":"SKIP","floor":7},{"not_picked":["Finisher","Cloak And Dagger","Dodge and Roll"],"picked":"SKIP","floor":8},{"not_picked":["Bullet Time","Slice","Underhanded Strike"],"picked":"SKIP","floor":10},{"not_picked":["Endless Agony","Eviscerate"],"picked":"Poisoned Stab","floor":11},{"not_picked":["Cloak And Dagger","Infinite Blades","Unload"],"picked":"SKIP","floor":13},{"not_picked":["Distraction","Eviscerate","Predator"],"picked":"SKIP","floor":14},{"not_picked":["Phantasmal Killer","Venomology"],"picked":"Grand Finale","floor":16},{"not_picked":["Acrobatics","Masterful Stab"],"picked":"Crippling Poison","floor":18},{"not_picked":["Poisoned Stab+1","Underhanded Strike+1"],"picked":"Outmaneuver+1","floor":19}],"player_experience":280072,"relics_obtained":[{"floor":9,"key":"FossilizedHelix"}],"event_choices":[{"damage_healed":0,"gold_gain":0,"player_choice":"Donut","damage_taken":0,"max_hp_gain":5,"max_hp_loss":0,"event_name":"Big Fish","floor":2,"gold_loss":0},{"damage_healed":0,"gold_gain":0,"player_choice":"Ignored","damage_taken":0,"max_hp_gain":0,"max_hp_loss":0,"event_name":"Golden Idol","floor":4,"gold_loss":0},{"damage_healed":20,"gold_gain":0,"player_choice":"Healed","damage_taken":0,"max_hp_gain":0,"max_hp_loss":0,"event_name":"The Cleric","floor":12,"gold_loss":35}],"is_beta":false,"boss_relics":[{"not_picked":["Astrolabe","Empty Cage"],"picked":"Runic Pyramid"}],"items_purged_floors":[],"is_endless":false,"potions_floor_spawned":[3,6,8,13,16,18],"killed_by":"Snecko","ascension_level":2}}