{"host":"98ajcw3do3zsggh8","time":1609150618,"event":{"mods":["BaseMod","Minty Spire (QoL Compilation)","Replay The Spire","StSLib"],"gold_per_floor":[117,192,192,212,266,278,324,336,348,374,81,81,115,128,128,228,228,239,250,250,250,250],"floor_reached":21,"playtime":574,"items_purged":[],"score":233,"play_id":"f33ca34b-3a18-4c96-8802-e9cd01c0eed4","local_time":"20201228111658","is_ascension_mode":true,"campfire_choices":[{"data":"Poisoned Stab","floor":6,"key":"SMITH"},{"data":"Atom Bomb","floor":8,"key":"SMITH"},{"data":"Catalyst","floor":15,"key":"SMITH"}],"circlet_count":0,"master_deck":["Strike_G+1","Strike_G","Strike_G","Defend_G","Defend_G","Defend_G","Defend_G","Defend_G","Survivor","Neutralize","Poisoned Stab+1","Atom Bomb+1","Deadly Poison+1","Catalyst+1","Dagger Spray"],"relics":["Ring of the Snake","NeowsBlessing","MawBank","Replay:Towering Pillar of Hats","Omamori","Blood Vial","Guide Book","ReplayTheSpireMod:Lightbulb"],"acts_visited":["Exordium","TheCity"],"potions_floor_usage":[19,21],"damage_taken":[{"damage":0,"enemies":"Small Slimes","floor":1,"turns":1},{"damage":0,"enemies":"Jaw Worm","floor":4,"turns":1},{"damage":0,"enemies":"3 Sentries","floor":7,"turns":1},{"damage":0,"enemies":"Cultist","floor":10,"turns":4},{"damage":8,"enemies":"Lagavulin","floor":13,"turns":5},{"damage":3,"enemies":"Looter","floor":14,"turns":2},{"damage":39,"enemies":"Fading Forest","floor":16,"turns":11},{"damage":67,"enemies":"3 Byrds","floor":18,"turns":6},{"damage":2,"enemies":"Chosen","floor":19,"turns":4},{"damage":8,"enemies":"Shelled Parasite and Fungi","floor":21,"turns":2}],"seed_played":"-5302925215805244018","potions_obtained":[{"floor":1,"key":"Poison Potion"},{"floor":4,"key":"Block Potion"},{"floor":16,"key":"Fire Potion"},{"floor":19,"key":"LiquidMemories"}],"is_trial":false,"path_per_floor":["M","?","?","M","T","R","E","R","T","M","$","?","E","M","R","B",null,"M","M","?","M"],"character_chosen":"THE_SILENT","items_purchased":["Blood Vial","Guide Book"],"campfire_rested":0,"item_purchase_floors":[11,11],"current_hp_per_floor":[70,59,52,52,52,52,52,52,52,52,52,52,46,45,45,8,70,3,3,3,0,0],"gold":250,"neow_bonus":"THREE_ENEMY_KILL","is_daily":false,"chose_seed":false,"campfire_upgraded":3,"win_rate":0.0,"timestamp":1609150618,"path_taken":["M","?","?","M","?","R","E","R","T","?","$","?","E","M","R","BOSS","M","M","?","M"],"items_purchased_type":["Relic","Relic"],"build_version":"2020-12-22","purchased_purges":0,"victory":false,"max_hp_per_floor":[70,70,70,70,70,70,70,70,70,70,70,70,70,70,70,70,70,70,70,70,70,70],"card_choices":[{"not_picked":["Leg Sweep","Escape Plan"],"picked":"Poisoned Stab","floor":1},{"not_picked":["Expertise","Dagger Throw","Blade Dance"],"picked":"SKIP","floor":4},{"not_picked":["Acrobatics","Dagger Spray"],"picked":"Atom Bomb","floor":7},{"not_picked":["Bouncing Flask","Choke"],"picked":"Deadly Poison","floor":10},{"not_picked":["Deflect","Calculated Gamble"],"picked":"Catalyst","floor":13},{"not_picked":["Flying Knee","Outmaneuver","Draining Mist"],"picked":"SKIP","floor":14},{"not_picked":["Sneak Up","Underhanded Strike+1"],"picked":"Dagger Spray","floor":18},{"not_picked":["ReplayTheSpireMod:Tripwire","Deflect","Poisoned Stab"],"picked":"SKIP","floor":19}],"player_experience":282201,"relics_obtained":[{"floor":5,"key":"MawBank"},{"floor":7,"key":"Replay:Towering Pillar of Hats"},{"floor":9,"key":"Omamori"},{"floor":13,"key":"ReplayTheSpireMod:Lightbulb"}],"event_choices":[{"damage_healed":0,"gold_gain":75,"player_choice":"Gather Gold","damage_taken":11,"max_hp_gain":0,"max_hp_loss":0,"event_name":"World of Goop","floor":2,"gold_loss":0},{"cards_removed":["Strike_G"],"damage_healed":0,"gold_gain":0,"player_choice":"Card Removal","damage_taken":7,"max_hp_gain":0,"max_hp_loss":0,"event_name":"Golden Wing","floor":3,"gold_loss":0},{"damage_healed":0,"gold_gain":0,"player_choice":"Cursed","damage_taken":0,"max_hp_gain":0,"max_hp_loss":0,"event_name":"Wheel of Change","floor":12,"gold_loss":0,"cards_obtained":["Decay"]},{"cards_removed":["Strike_G"],"damage_healed":0,"gold_gain":0,"player_choice":"Elegance","damage_taken":0,"max_hp_gain":0,"max_hp_loss":0,"event_name":"Back to Basics","floor":20,"gold_loss":0}],"is_beta":false,"boss_relics":[{"not_picked":["Replay:Wanted Poster","Coffee Dripper","Abe\u0027s Treasure"]}],"items_purged_floors":[],"is_endless":false,"potions_floor_spawned":[1,4,16,18,19],"killed_by":"Shelled Parasite and Fungi","ascension_level":2}}