{"host":"m77rrhbqzv44va4v","time":1609129182,"event":{"mods":["AchievementEnabler","BaseMod","Colored Map","DeckTracker","Keyboard Shortcuts","Minty Spire (QoL Compilation)","StSLib","SuperFastMode","everything is the same but u backflip on backflip"],"gold_per_floor":[13,28,28,28,28,64,64,85,85,103,118,161,161,181,181,181,181],"floor_reached":16,"playtime":505,"items_purged":[],"score":157,"play_id":"b68be913-8d5b-47f2-8f21-ef4c5945bb54","local_time":"20201228131942","is_ascension_mode":true,"campfire_choices":[{"floor":7,"key":"REST"},{"floor":15,"key":"REST"}],"circlet_count":0,"master_deck":["Strike_B","Strike_B","Strike_B","Defend_B+1","Defend_B","Defend_B","Zap","Dualcast","Rainbow","Go for the Eyes+1","Beam Cell","Self Repair","Coolheaded","Cold Snap","Loop","Skim","Consume"],"relics":["Cracked Core","Golden Idol","Cables","Eternal Feather","Pen Nib","Blue Candle"],"acts_visited":["Exordium"],"potions_floor_usage":[6,12,14],"damage_taken":[{"damage":2,"enemies":"Jaw Worm","floor":1,"turns":3},{"damage":3,"enemies":"Small Slimes","floor":2,"turns":4},{"damage":13,"enemies":"Lagavulin","floor":6,"turns":6},{"damage":0,"enemies":"2 Louse","floor":8,"turns":2},{"damage":0,"enemies":"Large Slime","floor":10,"turns":3},{"damage":8,"enemies":"3 Louse","floor":11,"turns":4},{"damage":23,"enemies":"3 Sentries","floor":12,"turns":7},{"damage":7,"enemies":"2 Fungi Beasts","floor":14,"turns":3},{"damage":61,"enemies":"Slime Boss","floor":16,"turns":12}],"seed_played":"6069200325061777829","potions_obtained":[{"floor":2,"key":"Fire Potion"},{"floor":10,"key":"SneckoOil"},{"floor":12,"key":"Explosive Potion"}],"is_trial":false,"path_per_floor":["M","M","?","?","?","E","R","M","T","M","M","E","T","M","R","B"],"character_chosen":"DEFECT","items_purchased":[],"campfire_rested":2,"item_purchase_floors":[],"current_hp_per_floor":[66,63,45,38,23,10,32,32,32,39,38,22,22,22,53,0,0],"gold":181,"neow_bonus":"TRANSFORM_TWO_CARDS","is_daily":false,"chose_seed":false,"campfire_upgraded":0,"win_rate":0.0,"timestamp":1609129182,"path_taken":["M","M","?","?","?","E","R","M","T","M","M","E","?","M","R","BOSS"],"items_purchased_type":[],"build_version":"2020-12-22","purchased_purges":0,"victory":false,"max_hp_per_floor":[75,75,75,75,75,75,75,75,75,75,75,75,75,75,75,75,75],"card_choices":[{"not_picked":["Static Discharge","Steam"],"picked":"Go for the Eyes","floor":1},{"not_picked":["Turbo","Auto Shields"],"picked":"Beam Cell","floor":2},{"not_picked":["Streamline","Doom and Gloom"],"picked":"Self Repair","floor":6},{"not_picked":["Streamline","Blizzard"],"picked":"Coolheaded","floor":8},{"not_picked":["Sunder","Auto Shields"],"picked":"Cold Snap","floor":10},{"not_picked":["Turbo","Redo"],"picked":"Loop","floor":11},{"not_picked":["Leap","Genetic Algorithm"],"picked":"Skim","floor":12},{"not_picked":["Leap","Amplify"],"picked":"Consume","floor":14}],"player_experience":818365,"relics_obtained":[{"floor":6,"key":"Cables"},{"floor":9,"key":"Eternal Feather"},{"floor":12,"key":"Pen Nib"},{"floor":13,"key":"Blue Candle"}],"event_choices":[{"damage_healed":0,"gold_gain":0,"player_choice":"Take Damage","damage_taken":18,"relics_obtained":["Golden Idol"],"max_hp_gain":0,"max_hp_loss":0,"event_name":"Golden Idol","floor":3,"gold_loss":0},{"cards_removed":["Meteor Strike"],"damage_healed":0,"gold_gain":0,"player_choice":"Card Removal","damage_taken":7,"max_hp_gain":0,"max_hp_loss":0,"event_name":"Golden Wing","floor":4,"gold_loss":0},{"damage_healed":0,"gold_gain":0,"player_choice":"Entered Light","damage_taken":15,"max_hp_gain":0,"max_hp_loss":0,"event_name":"Shining Light","floor":5,"gold_loss":0,"cards_upgraded":["Go for the Eyes","Defend_B"]}],"is_beta":false,"boss_relics":[],"items_purged_floors":[],"is_endless":false,"potions_floor_spawned":[2,10,12],"killed_by":"Slime Boss","ascension_level":8}}