{"host":"gttgmv2wah99hzdm","time":1609127697,"event":{"mods":["AchievementEnabler","BaseMod","Bestiary","Block Reminder","Filter the Spire","Highlight Path","Minty Spire (QoL Compilation)","Permanent Neow","Random Character Button","Relic Stats","StSLib","ojb\u0027s Info Mod"],"gold_per_floor":[163,181,181,193,193,221,221,221,296,327,34,34,63,83,83,154,154,170,170,188,206,224,254,254,285,285,285,300,316,327,327,327,399,399,418,9,9,28,28,28,62,62,62,79,92,103,118,151,151,151,151,151,151,51,84,84,84],"floor_reached":56,"playtime":6314,"items_purged":["Strike_B","Strike_B+1"],"score":2013,"play_id":"cf5977da-e9ca-45c5-97e0-08f8e5202268","local_time":"20201227215457","is_ascension_mode":true,"campfire_choices":[{"data":"Defragment","floor":7.0,"key":"SMITH"},{"data":"Coolheaded","floor":12.0,"key":"SMITH"},{"data":"Reinforced Body","floor":15.0,"key":"SMITH"},{"data":"Rainbow","floor":24.0,"key":"SMITH"},{"data":"Coolheaded","floor":27.0,"key":"SMITH"},{"data":"Loop","floor":32.0,"key":"SMITH"},{"data":"Biased Cognition","floor":40.0,"key":"SMITH"},{"floor":42.0,"key":"REST"},{"floor":49.0,"key":"RECALL"},{"data":"Capacitor","floor":53,"key":"SMITH"}],"circlet_count":0,"master_deck":["AscendersBane","Strike_B+1","Defend_B+1","Defend_B+1","Defend_B+1","Defend_B+1","Zap","Dualcast","Ball Lightning+1","Defragment+1","Ball Lightning","Compile Driver","Self Repair","Coolheaded+1","Reinforced Body+1","Rainbow+1","Coolheaded+1","Reinforced Body","Genetic Algorithm","Hologram","Loop+1","Biased Cognition+1","Skim","Defragment+1","Defragment","Cold Snap","Loop+1","Defragment+1","Capacitor+1"],"relics":["Tiny House","Regal Pillow","DataDisk","Eternal Feather","Mercury Hourglass","TheAbacus","Whetstone","Velvet Choker","Blood Vial","Bronze Scales","Thread and Needle","Snecko Eye","DollysMirror","Happy Flower","Centennial Puzzle","Bag of Marbles","Toy Ornithopter"],"acts_visited":["Exordium","TheCity","TheBeyond","TheEnding"],"potions_floor_usage":[50],"damage_taken":[{"damage":0.0,"enemies":"Small Slimes","floor":1.0,"turns":4.0},{"damage":2.0,"enemies":"2 Louse","floor":2.0,"turns":3.0},{"damage":1.0,"enemies":"Cultist","floor":4.0,"turns":3.0},{"damage":29.0,"enemies":"3 Sentries","floor":6.0,"turns":6.0},{"damage":5.0,"enemies":"Gremlin Nob","floor":10.0,"turns":3.0},{"damage":5.0,"enemies":"Lagavulin","floor":13.0,"turns":7.0},{"damage":0.0,"enemies":"3 Louse","floor":14.0,"turns":1.0},{"damage":21.0,"enemies":"The Guardian","floor":16.0,"turns":9.0},{"damage":17.0,"enemies":"Shell Parasite","floor":18.0,"turns":4.0},{"damage":5.0,"enemies":"3 Byrds","floor":20.0,"turns":4.0},{"damage":1.0,"enemies":"Snecko","floor":21.0,"turns":5.0},{"damage":21.0,"enemies":"Centurion and Healer","floor":22.0,"turns":9.0},{"damage":6.0,"enemies":"Book of Stabbing","floor":23.0,"turns":5.0},{"damage":19.0,"enemies":"Slavers","floor":25.0,"turns":5.0},{"damage":11.0,"enemies":"Snake Plant","floor":28.0,"turns":4.0},{"damage":2.0,"enemies":"3 Cultists","floor":29.0,"turns":5.0},{"damage":0.0,"enemies":"Cultist and Chosen","floor":30.0,"turns":6.0},{"damage":36.0,"enemies":"Automaton","floor":33.0,"turns":12.0},{"damage":3.0,"enemies":"3 Darklings","floor":35.0,"turns":5.0},{"damage":1.0,"enemies":"Orb Walker","floor":38.0,"turns":3.0},{"damage":74.0,"enemies":"Reptomancer","floor":41.0,"turns":10.0},{"damage":6.0,"enemies":"Sphere and 2 Shapes","floor":44.0,"turns":5.0},{"damage":0.0,"enemies":"Spire Growth","floor":45.0,"turns":6.0},{"damage":4.0,"enemies":"Maw","floor":46.0,"turns":6.0},{"damage":0.0,"enemies":"Sphere and 2 Shapes","floor":47.0,"turns":6.0},{"damage":0.0,"enemies":"Giant Head","floor":48.0,"turns":24.0},{"damage":26,"enemies":"Awakened One","floor":50,"turns":21},{"damage":12,"enemies":"Time Eater","floor":51,"turns":16},{"damage":8,"enemies":"Shield and Spear","floor":55,"turns":8},{"damage":78,"enemies":"The Heart","floor":56,"turns":9}],"seed_played":"-2510572729261083463","potions_obtained":[{"floor":0.0,"key":"DuplicationPotion"},{"floor":4.0,"key":"Dexterity Potion"},{"floor":10.0,"key":"Explosive Potion"},{"floor":16.0,"key":"Energy Potion"},{"floor":18.0,"key":"PotionOfCapacity"},{"floor":30.0,"key":"SmokeBomb"},{"floor":38.0,"key":"SkillPotion"},{"floor":46.0,"key":"Block Potion"}],"is_trial":false,"path_per_floor":["M","M","?","M","?","E","R","?","T","E","$","R","E","M","R","B",null,"M","?","M","M","M","E","R","E","T","R","M","M","M","?","R","B",null,"M","$","?","M","?","R","E","R","T","M","M","M","M","E","R","B","B",null,"R","$","E","B"],"character_chosen":"DEFECT","items_purchased":["TheAbacus","Coolheaded","DollysMirror","Defragment","Happy Flower"],"campfire_rested":1,"item_purchase_floors":[11,11,36,36,36],"current_hp_per_floor":[69,67,72,71,64,35,35,24,24,19,19,28,30,30,39,25,67,57,57,59,65,51,45,57,40,40,52,43,50,52,52,64,37,70,69,69,69,77,77,81,7,61,61,64,73,71,73,81,81,62,59,76,81,81,73,0,0],"gold":84,"neow_bonus":"BOSS_RELIC","is_daily":false,"chose_seed":false,"campfire_upgraded":8,"win_rate":0.0,"timestamp":1609127697,"path_taken":["M","M","?","M","?","E","R","?","T","E","$","R","E","M","R","BOSS","M","?","M","M","M","E","R","E","T","R","M","M","M","?","R","BOSS","M","$","?","M","?","R","E","R","T","M","M","M","M","E","R","BOSS","BOSS","R","$","E","BOSS"],"items_purchased_type":["Relic","Card","Relic","Card","Relic"],"build_version":"2020-12-22","purchased_purges":2,"victory":false,"max_hp_per_floor":[76,76,81,81,81,81,81,81,81,81,81,81,81,81,81,81,81,81,81,81,81,81,81,81,81,81,81,81,81,81,81,81,81,81,81,81,81,81,81,81,81,81,81,81,81,81,81,81,81,81,81,81,81,81,81,81,81],"relic_stats":{"Regal Pillow":15,"Happy Flower":[38],"counters":[30,210],"Eternal Feather":78,"Whetstone":["Ball Lightning","Strike_B"],"Mercury Hourglass":[764],"Blood Vial":28,"Centennial Puzzle":[18],"TheAbacus":[372],"Bronze Scales":[609],"Snecko Eye":[209,220,229,205],"obtain_stats":[{"Regal Pillow":6,"Tiny House":0,"Happy Flower":36,"Velvet Choker":17,"Eternal Feather":9,"Thread and Needle":26,"Whetstone":13,"Mercury Hourglass":10,"Blood Vial":23,"DataDisk":8,"Centennial Puzzle":41,"TheAbacus":11,"DollysMirror":36,"Bronze Scales":25,"Snecko Eye":34,"Bag of Marbles":48,"Cracked Core":0,"Toy Ornithopter":55},{"Regal Pillow":4,"Tiny House":0,"Happy Flower":19,"Velvet Choker":8,"Eternal Feather":4,"Thread and Needle":14,"Whetstone":6,"Mercury Hourglass":5,"Blood Vial":13,"DataDisk":4,"Centennial Puzzle":21,"TheAbacus":5,"DollysMirror":19,"Bronze Scales":14,"Snecko Eye":18,"Bag of Marbles":26,"Cracked Core":0,"Toy Ornithopter":29},{"Regal Pillow":16,"Tiny House":0,"Happy Flower":98,"Velvet Choker":35,"Eternal Feather":16,"Thread and Needle":67,"Whetstone":25,"Mercury Hourglass":19,"Blood Vial":62,"DataDisk":16,"Centennial Puzzle":111,"TheAbacus":19,"DollysMirror":98,"Bronze Scales":67,"Snecko Eye":93,"Bag of Marbles":156,"Cracked Core":0,"Toy Ornithopter":201}],"Toy Ornithopter":0},"card_choices":[{"not_picked":["Conserve Battery","Cold Snap"],"picked":"Ball Lightning","floor":0.0},{"not_picked":["Reinforced Body","Capacitor"],"picked":"Defragment","floor":1.0},{"not_picked":["Tempest","Barrage"],"picked":"Ball Lightning","floor":2.0},{"not_picked":["Tempest","Sunder"],"picked":"Cold Snap","floor":4.0},{"not_picked":["Stack","Hologram"],"picked":"Compile Driver","floor":6.0},{"not_picked":["Ball Lightning","Compile Driver"],"picked":"Self Repair","floor":10.0},{"not_picked":["Scrape","Streamline","All For One"],"picked":"SKIP","floor":13.0},{"not_picked":["Double Energy","Redo"],"picked":"Reinforced Body","floor":14.0},{"not_picked":["Creative AI","Amplify"],"picked":"Rainbow","floor":16.0},{"not_picked":["Sweeping Beam","Turbo"],"picked":"Coolheaded","floor":18.0},{"not_picked":["Leap","Rebound"],"picked":"Reinforced Body","floor":20.0},{"not_picked":["Barrage","Scrape","Lockon"],"picked":"SKIP","floor":21.0},{"not_picked":["Thunder Strike","Ball Lightning","Streamline"],"picked":"SKIP","floor":22.0},{"not_picked":["Heatsinks","Reinforced Body","Redo"],"picked":"SKIP","floor":23.0},{"not_picked":["Hologram","Reinforced Body"],"picked":"Genetic Algorithm","floor":25.0},{"not_picked":["Cold Snap","Blizzard"],"picked":"Hologram","floor":28.0},{"not_picked":["Hologram+1","Leap"],"picked":"Loop","floor":29.0},{"not_picked":["Doom and Gloom","Heatsinks","Cold Snap"],"picked":"SKIP","floor":30.0},{"not_picked":["Multi-Cast","Hyperbeam"],"picked":"Biased Cognition","floor":33.0},{"not_picked":["Steam","Hologram"],"picked":"Skim","floor":35.0},{"not_picked":["Chaos","Stack","Coolheaded"],"picked":"SKIP","floor":38.0},{"not_picked":["Compile Driver","Sweeping Beam"],"picked":"Cold Snap","floor":41.0},{"not_picked":["Compile Driver+1","Melter"],"picked":"Loop+1","floor":44.0},{"not_picked":["Barrage+1","Hologram"],"picked":"Defragment+1","floor":45.0},{"not_picked":["Compile Driver","Rebound+1","Leap"],"picked":"SKIP","floor":46.0},{"not_picked":["Streamline+1","Chill","Rip and Tear"],"picked":"SKIP","floor":47.0},{"not_picked":["Go for the Eyes","Self Repair"],"picked":"Capacitor","floor":48.0},{"not_picked":["Static Discharge","Steam Power+1","Genetic Algorithm"],"picked":"SKIP","floor":55}],"player_experience":1014569,"relics_obtained":[{"floor":6.0,"key":"Regal Pillow"},{"floor":9.0,"key":"Eternal Feather"},{"floor":10.0,"key":"Mercury Hourglass"},{"floor":13.0,"key":"Whetstone"},{"floor":23.0,"key":"Blood Vial"},{"floor":25.0,"key":"Bronze Scales"},{"floor":26.0,"key":"Thread and Needle"},{"floor":41.0,"key":"Centennial Puzzle"},{"floor":48.0,"key":"Bag of Marbles"},{"floor":55,"key":"Toy Ornithopter"}],"event_choices":[{"damage_healed":0.0,"max_hp_gain":5.0,"max_hp_loss":0.0,"gold_gain":0.0,"event_name":"Big Fish","player_choice":"Donut","floor":3.0,"gold_loss":0.0,"damage_taken":0.0},{"cards_removed":["Strike_B"],"damage_healed":0.0,"max_hp_gain":0.0,"max_hp_loss":0.0,"gold_gain":0.0,"event_name":"Golden Wing","player_choice":"Card Removal","floor":5.0,"gold_loss":0.0,"damage_taken":7.0},{"damage_healed":0.0,"max_hp_gain":0.0,"max_hp_loss":0.0,"gold_gain":0.0,"event_name":"Scrap Ooze","player_choice":"Success","floor":8.0,"gold_loss":0.0,"damage_taken":11.0,"relics_obtained":["DataDisk"]},{"damage_healed":0.0,"max_hp_gain":0.0,"max_hp_loss":0.0,"gold_gain":0.0,"event_name":"The Mausoleum","player_choice":"Ignored","floor":19.0,"gold_loss":0.0,"damage_taken":0.0},{"damage_healed":0.0,"max_hp_gain":0.0,"max_hp_loss":0.0,"gold_gain":0.0,"event_name":"Back to Basics","player_choice":"Simplicity","floor":31.0,"gold_loss":0.0,"damage_taken":0.0,"cards_upgraded":["Defend_B","Defend_B","Defend_B","Defend_B"]},{"cards_removed":["Cold Snap"],"damage_healed":0.0,"max_hp_gain":0.0,"max_hp_loss":0.0,"gold_gain":0.0,"event_name":"Falling","player_choice":"Removed Attack","floor":37.0,"gold_loss":0.0,"damage_taken":0.0},{"damage_healed":0.0,"max_hp_gain":0.0,"max_hp_loss":0.0,"gold_gain":0.0,"event_name":"SensoryStone","player_choice":"Memory 1","floor":39.0,"gold_loss":0.0,"damage_taken":0.0}],"is_beta":false,"boss_relics":[{"not_picked":["Runic Dome","SacredBark"],"picked":"Velvet Choker"},{"not_picked":["Fusion Hammer","SlaversCollar"],"picked":"Snecko Eye"}],"items_purged_floors":[11,54],"is_endless":false,"potions_floor_spawned":[4,6,10,16,18,20,23,30,35,38,46],"killed_by":"The Heart","ascension_level":20}}