{"host":"fmwbmnqnrup981we","time":1609152020,"event":{"mods":["AchievementEnabler","Act Like it!","BaseMod","Better Match","Better Note","Better Skull","Better Synergies","Better Third Choice","Better Vampires","Block Reminder","Curses Come First","Downfall","Duelist Mod","Elementarium","GungeonMod","HexUI Lib","HornydragonMod","Marked Mod","Minty Spire (QoL Compilation)","Pikachu Mod","Quick Restart","Relic Stats","SIMod","StSLib","The Bug Knight","The Death Knight","The Forsaken","The Marked","The Necromancer","The Runesmith","The Servant 0.9.4","The Wild Card","TheHero","TheVacant","TheVelvet","Transform Curses","Waifu the Spire","Yuri Mod","everything is the same but u backflip on backflip"],"gold_per_floor":[115,115,115,131,131,165,178,207,207,177,204,279,73,91,91,91,91],"floor_reached":16,"playtime":957,"items_purged":["Defend_G"],"score":150,"play_id":"d75806c5-4e82-45d7-a7d0-d079b8693673","local_time":"20201228104020","is_ascension_mode":true,"campfire_choices":[{"floor":15,"key":"REST"}],"circlet_count":0,"master_deck":["Strike_G","Strike_G","Strike_G","Strike_G","Defend_G","Defend_G","Defend_G","Defend_G","Survivor","Neutralize+1","Tools of the Trade","After Image","Blur","Escape Plan","Slice","Madness","Footwork","Backflip"],"relics":["Ring of the Snake","NeowsBlessing","MealTicket","DemoMod:Metronome","DemoMod:LamentConfigurum"],"acts_visited":["Exordium"],"potions_floor_usage":[11,14,16],"damage_taken":[{"damage":0,"enemies":"Small Slimes","floor":1,"turns":1},{"damage":0,"enemies":"Cultist","floor":4,"turns":1},{"damage":0,"enemies":"Lagavulin","floor":6,"turns":1},{"damage":1,"enemies":"2 Louse","floor":7,"turns":4},{"damage":19,"enemies":"3 Sentries","floor":8,"turns":18},{"damage":0,"enemies":"Looter","floor":10,"turns":4},{"damage":9,"enemies":"Lagavulin","floor":11,"turns":12},{"damage":15,"enemies":"Gremlin Gang","floor":14,"turns":11},{"damage":49,"enemies":"Hexaghost","floor":16,"turns":22}],"seed_played":"-902939000920194645","potions_obtained":[{"floor":1,"key":"Block Potion"},{"floor":11,"key":"SkillPotion"},{"floor":14,"key":"FearPotion"}],"is_trial":false,"path_per_floor":["M","$","?","M","?","E","M","E","T","M","E","?","$","M","R","B"],"character_chosen":"THE_SILENT","items_purchased":["Madness","Footwork"],"campfire_rested":1,"item_purchase_floors":[13,13],"current_hp_per_floor":[70,70,70,70,63,63,62,43,43,43,34,27,42,27,48,0,0],"gold":91,"neow_bonus":"THREE_ENEMY_KILL","is_daily":false,"chose_seed":false,"campfire_upgraded":0,"win_rate":0.0,"timestamp":1609152020,"path_taken":["M","$","?","?","?","E","M","E","T","M","E","?","$","?","R","BOSS"],"items_purchased_type":["Card","Card"],"build_version":"2020-12-22","purchased_purges":1,"victory":false,"max_hp_per_floor":[70,70,70,70,70,70,70,70,70,70,70,70,70,70,70,70,70],"relic_stats":{"counters":[9,74],"MealTicket":15,"obtain_stats":[{"NeowsBlessing":0,"DemoMod:Metronome":8,"MealTicket":6,"DemoMod:LamentConfigurum":11,"DemoMod:GlassGuonStoneRelic":1,"Ring of the Snake":0},{"NeowsBlessing":0,"DemoMod:Metronome":5,"MealTicket":3,"DemoMod:LamentConfigurum":7,"DemoMod:GlassGuonStoneRelic":1,"Ring of the Snake":0},{"NeowsBlessing":0,"DemoMod:Metronome":25,"MealTicket":3,"DemoMod:LamentConfigurum":41,"DemoMod:GlassGuonStoneRelic":1,"Ring of the Snake":0}],"Ring of the Snake":[18]},"card_choices":[{"not_picked":["Finisher","Underhanded Strike","Outmaneuver"],"picked":"SKIP","floor":1},{"not_picked":["Bane","Setup"],"picked":"Tools of the Trade","floor":4},{"not_picked":["Dagger Throw","Noxious Fumes"],"picked":"After Image","floor":6},{"not_picked":["Dodge and Roll","Quick Slash"],"picked":"Blur","floor":7},{"not_picked":["Accuracy","Choke"],"picked":"Escape Plan","floor":8},{"not_picked":["Dagger Throw","Quick Slash"],"picked":"Slice","floor":10},{"not_picked":["Setup","Deadly Poison","Dodge and Roll"],"picked":"SKIP","floor":11},{"not_picked":["Unload","Poisoned Stab"],"picked":"Backflip","floor":14}],"player_experience":407764,"relics_obtained":[{"floor":6,"key":"MealTicket"},{"floor":8,"key":"DemoMod:Metronome"},{"floor":11,"key":"DemoMod:LamentConfigurum"}],"event_choices":[{"damage_healed":0,"gold_gain":0,"player_choice":"Upgraded","damage_taken":0,"max_hp_gain":0,"max_hp_loss":0,"event_name":"Upgrade Shrine","floor":3,"gold_loss":0,"cards_upgraded":["Neutralize"]},{"cards_removed":["Strike_G"],"damage_healed":0,"gold_gain":0,"player_choice":"Card Removal","damage_taken":7,"max_hp_gain":0,"max_hp_loss":0,"event_name":"Golden Wing","floor":5,"gold_loss":0},{"damage_healed":0,"gold_gain":75,"player_choice":"Touch","damage_taken":7,"max_hp_gain":0,"max_hp_loss":0,"event_name":"FaceTrader","floor":12,"gold_loss":0}],"is_beta":false,"boss_relics":[],"items_purged_floors":[13],"is_endless":false,"potions_floor_spawned":[1,11,14],"killed_by":"Hexaghost","ascension_level":1}}