{"host":"19tvufa8xx4wr4o1","time":1609125038,"event":{"mods":["AchievementEnabler","BaseMod","Better Sensory Stone","Better Third Choice","Highlight Path","Minty Spire (QoL Compilation)","Relic Stats","StSLib"],"gold_per_floor":[114,114,114,125,50,81,81,112,137,148,173,173,173,192,192,269,269,282,282,282,27,82,82,115,115,141,141,159,169,169,182,182,257,257,273,291,216,216,71,71,99,111,123,135,147,159,197,0,12,24,24],"floor_reached":50,"playtime":1598,"items_purged":["Pain"],"score":928,"play_id":"b18298a4-49df-4cc8-87ad-6da3f9122264","local_time":"20201227211038","is_ascension_mode":true,"campfire_choices":[{"data":"Cloak And Dagger","floor":7.0,"key":"SMITH"},{"floor":12.0,"key":"REST"},{"data":"Neutralize","floor":15,"key":"SMITH"},{"floor":23,"key":"REST"},{"data":"Footwork","floor":25,"key":"SMITH"},{"data":"Poisoned Stab","floor":27,"key":"SMITH"},{"floor":32,"key":"REST"},{"data":"Storm of Steel","floor":40,"key":"SMITH"},{"data":"Flechettes","floor":42,"key":"SMITH"},{"floor":44,"key":"REST"},{"floor":49,"key":"REST"}],"circlet_count":0,"master_deck":["AscendersBane","Strike_G","Strike_G","Defend_G","Defend_G","Defend_G","Defend_G","Defend_G","Survivor","Neutralize+1","Cloak And Dagger+1","Poisoned Stab+1","Footwork+1","Terror","Corpse Explosion","Leg Sweep","Necronomicurse","Flechettes+1","Dodge and Roll","Bullet Time","PiercingWail","Storm of Steel+1","Blur","All Out Attack+1","PiercingWail","Doppelganger","Riddle With Holes","Tools of the Trade"],"relics":["Sozu","WarpedTongs","Boot","Prayer Wheel","Lantern","Meat on the Bone","Runic Pyramid","Snake Skull","Necronomicon","Shuriken","Orichalcum","Juzu Bracelet","PreservedInsect","Empty Cage","Blood Vial","MawBank","Pantograph","StrikeDummy","Red Mask"],"acts_visited":["Exordium","TheCity","TheBeyond"],"potions_floor_usage":[],"damage_taken":[{"damage":4.0,"enemies":"Small Slimes","floor":1.0,"turns":6.0},{"damage":5.0,"enemies":"2 Louse","floor":4.0,"turns":5.0},{"damage":10.0,"enemies":"3 Sentries","floor":6.0,"turns":10.0},{"damage":10.0,"enemies":"Lagavulin","floor":8.0,"turns":8.0},{"damage":0.0,"enemies":"Cultist","floor":10.0,"turns":3.0},{"damage":27.0,"enemies":"Gremlin Nob","floor":11.0,"turns":5.0},{"damage":0,"enemies":"2 Fungi Beasts","floor":14,"turns":4},{"damage":5,"enemies":"Hexaghost","floor":16,"turns":12},{"damage":6,"enemies":"Shell Parasite","floor":18,"turns":6},{"damage":24,"enemies":"Gremlin Leader","floor":24,"turns":9},{"damage":0,"enemies":"3 Byrds","floor":28,"turns":4},{"damage":7,"enemies":"Centurion and Healer","floor":29,"turns":4},{"damage":31,"enemies":"Colosseum Slavers","floor":30,"turns":5},{"damage":11,"enemies":"Snake Plant","floor":31,"turns":6},{"damage":17,"enemies":"Automaton","floor":33,"turns":11},{"damage":0,"enemies":"3 Shapes","floor":35,"turns":3},{"damage":4,"enemies":"3 Darklings","floor":36,"turns":4},{"damage":30,"enemies":"Nemesis","floor":41,"turns":7},{"damage":28,"enemies":"Giant Head","floor":47,"turns":8},{"damage":70,"enemies":"Donu and Deca","floor":50,"turns":6}],"seed_played":"9195623222843727207","potions_obtained":[],"is_trial":false,"path_per_floor":["M","?","?","M","$","E","R","E","T","M","E","R","?","M","R","B",null,"M","?","?","$","T","R","E","R","T","R","M","M","?","M","R","B",null,"M","M","?","$","$","R","E","R","T","R","?","?","E","?","R","B"],"character_chosen":"THE_SILENT","items_purchased":["Shuriken","Blood Vial"],"campfire_rested":5,"item_purchase_floors":[21,39],"current_hp_per_floor":[55,55,55,50,50,40,40,30,30,30,3,22,22,34,34,41,60,54,54,33,33,33,52,40,40,40,40,40,45,26,27,46,41,60,60,56,56,56,56,56,40,40,40,59,59,59,33,33,51,0,0],"gold":24,"neow_bonus":"BOSS_RELIC","is_daily":false,"chose_seed":false,"campfire_upgraded":6,"win_rate":0.0,"timestamp":1609125038,"path_taken":["M","?","?","M","$","E","R","E","T","?","E","R","?","?","R","BOSS","M","?","?","$","?","R","E","R","T","R","M","M","?","M","R","BOSS","M","M","?","?","$","R","E","R","T","R","?","?","E","?","R","BOSS"],"items_purchased_type":["Relic","Relic"],"build_version":"2020-12-22","purchased_purges":1,"victory":false,"max_hp_per_floor":[66,66,66,66,66,66,66,66,66,66,66,66,66,66,66,66,66,66,66,66,66,66,66,66,66,66,66,66,66,66,66,66,66,66,66,66,66,66,66,66,66,66,66,66,66,63,63,63,63,63,63],"relic_stats":{"counters":[20,126],"Snake Skull":[25],"PreservedInsect":180,"Juzu Bracelet":1,"Orichalcum":[60],"Boot":[114],"MawBank":108,"WarpedTongs":[118],"Sozu":12,"Blood Vial":4,"Shuriken":[24],"Pantograph":12,"Prayer Wheel":8,"Necronomicon":[4],"obtain_stats":[{"Lantern":9,"Snake Skull":19,"PreservedInsect":26,"Juzu Bracelet":24,"Orichalcum":22,"Boot":6,"Empty Cage":34,"MawBank":41,"WarpedTongs":3,"Sozu":0,"Blood Vial":39,"Shuriken":21,"Pantograph":43,"Prayer Wheel":8,"Necronomicon":20,"Red Mask":48,"StrikeDummy":47,"Ring of the Snake":0,"Meat on the Bone":11,"Runic Pyramid":17},{"Lantern":4,"Snake Skull":9,"PreservedInsect":10,"Juzu Bracelet":10,"Orichalcum":9,"Boot":3,"Empty Cage":15,"MawBank":18,"WarpedTongs":1,"Sozu":0,"Blood Vial":17,"Shuriken":9,"Pantograph":18,"Prayer Wheel":4,"Necronomicon":9,"Red Mask":19,"StrikeDummy":19,"Ring of the Snake":0,"Meat on the Bone":6,"Runic Pyramid":8},{"Lantern":29,"Snake Skull":59,"PreservedInsect":68,"Juzu Bracelet":68,"Orichalcum":59,"Boot":21,"Empty Cage":98,"MawBank":112,"WarpedTongs":6,"Sozu":0,"Blood Vial":105,"Shuriken":59,"Pantograph":112,"Prayer Wheel":29,"Necronomicon":59,"Red Mask":120,"StrikeDummy":120,"Ring of the Snake":0,"Meat on the Bone":37,"Runic Pyramid":53}],"Meat on the Bone":96},"card_choices":[{"not_picked":["Caltrops","PiercingWail"],"picked":"Cloak And Dagger","floor":1.0},{"not_picked":["Deflect","Infinite Blades"],"picked":"Poisoned Stab","floor":4.0},{"not_picked":["Reflex","Grand Finale","Acrobatics"],"picked":"SKIP","floor":6.0},{"not_picked":["Acrobatics","Deflect","Outmaneuver"],"picked":"SKIP","floor":8.0},{"not_picked":["Infinite Blades","Reflex"],"picked":"Footwork","floor":10.0},{"not_picked":["Flying Knee","Prepared","Poisoned Stab"],"picked":"SKIP","floor":10.0},{"not_picked":["Heel Hook","Concentrate"],"picked":"Terror","floor":11.0},{"not_picked":["Acrobatics","Underhanded Strike","Outmaneuver"],"picked":"SKIP","floor":14},{"not_picked":["Slice","Setup","Bullet Time"],"picked":"SKIP","floor":14},{"not_picked":["Venomology","After Image"],"picked":"Corpse Explosion","floor":16},{"not_picked":["Dagger Throw","Bane"],"picked":"Leg Sweep","floor":18},{"not_picked":["Flying Knee","Sucker Punch","Acrobatics+1"],"picked":"SKIP","floor":18},{"not_picked":["Slice+1","Tactician","Expertise"],"picked":"SKIP","floor":24},{"not_picked":["Slice","Escape Plan"],"picked":"Flechettes","floor":28},{"not_picked":["Sucker Punch","Bane"],"picked":"Dodge and Roll","floor":28},{"not_picked":["Bane","Leg Sweep"],"picked":"Bullet Time","floor":29},{"not_picked":["Acrobatics","Sucker Punch","Expertise"],"picked":"SKIP","floor":29},{"not_picked":["Slice","Endless Agony"],"picked":"PiercingWail","floor":31},{"not_picked":["Quick Slash","Skewer","Flechettes"],"picked":"SKIP","floor":31},{"not_picked":["Unload","Grand Finale"],"picked":"Storm of Steel","floor":33},{"not_picked":["Outmaneuver+1","Flying Knee"],"picked":"Blur","floor":35},{"not_picked":["Poisoned Stab","Underhanded Strike","Heel Hook+1"],"picked":"SKIP","floor":35},{"not_picked":["Underhanded Strike","Dagger Spray"],"picked":"All Out Attack+1","floor":36},{"not_picked":["Underhanded Strike","Acrobatics+1","Endless Agony"],"picked":"SKIP","floor":36},{"not_picked":["Prepared","Terror"],"picked":"Riddle With Holes","floor":41},{"not_picked":["Dodge and Roll+1","Flying Knee"],"picked":"Tools of the Trade","floor":47}],"player_experience":542119,"relics_obtained":[{"floor":6.0,"key":"Boot"},{"floor":8.0,"key":"Prayer Wheel"},{"floor":9.0,"key":"Lantern"},{"floor":11.0,"key":"Meat on the Bone"},{"floor":20,"key":"Necronomicon"},{"floor":22,"key":"Orichalcum"},{"floor":24,"key":"Juzu Bracelet"},{"floor":26,"key":"PreservedInsect"},{"floor":41,"key":"MawBank"},{"floor":43,"key":"Pantograph"},{"floor":47,"key":"StrikeDummy"}],"event_choices":[{"damage_healed":0.0,"max_hp_gain":0.0,"max_hp_loss":0.0,"gold_gain":0.0,"event_name":"betterThird:BetterScrap","player_choice":"LEAVE","floor":2.0,"gold_loss":0.0,"damage_taken":0.0,"cards_obtained":["Fiend Fire"]},{"damage_healed":0.0,"max_hp_gain":0.0,"max_hp_loss":0.0,"gold_gain":0.0,"event_name":"Accursed Blacksmith","player_choice":"Rummage","floor":3.0,"gold_loss":0.0,"damage_taken":0.0,"relics_obtained":["WarpedTongs"],"cards_obtained":["Pain"]},{"damage_healed":0.0,"max_hp_gain":0.0,"max_hp_loss":0.0,"gold_gain":0.0,"event_name":"Lab","player_choice":"Got Potions","floor":13.0,"gold_loss":0.0,"damage_taken":0.0},{"damage_healed":0,"gold_gain":0,"player_choice":"Opened","damage_taken":0,"relics_obtained":["Snake Skull"],"max_hp_gain":0,"max_hp_loss":0,"event_name":"The Mausoleum","floor":19,"gold_loss":0,"cards_obtained":["Writhe"]},{"damage_healed":0,"gold_gain":0,"player_choice":"Obtained Book","damage_taken":21,"max_hp_gain":0,"max_hp_loss":0,"event_name":"Cursed Tome","floor":20,"gold_loss":0},{"damage_healed":0,"gold_gain":0,"player_choice":"Fight","damage_taken":0,"max_hp_gain":0,"max_hp_loss":0,"event_name":"Colosseum","floor":30,"gold_loss":0},{"damage_healed":0,"gold_gain":0,"player_choice":"Fled From Nobs","damage_taken":0,"max_hp_gain":0,"max_hp_loss":0,"event_name":"Colosseum","floor":30,"gold_loss":0},{"damage_healed":0,"gold_gain":0,"cards_transformed":["Strike_G","Strike_G"],"player_choice":"Transformed Cards","damage_taken":0,"max_hp_gain":0,"max_hp_loss":0,"event_name":"Designer","floor":37,"gold_loss":75,"cards_obtained":["PiercingWail","Doppelganger"]},{"damage_healed":0,"gold_gain":0,"player_choice":"0 cards matched","damage_taken":0,"max_hp_gain":0,"max_hp_loss":0,"event_name":"Match and Keep!","floor":45,"gold_loss":0,"cards_obtained":[]},{"damage_healed":0,"gold_gain":0,"player_choice":"Max HP","damage_taken":0,"max_hp_gain":0,"max_hp_loss":3,"event_name":"Winding Halls","floor":46,"gold_loss":0},{"damage_healed":0,"gold_gain":0,"player_choice":"Paid","damage_taken":0,"relics_obtained":["Red Mask"],"max_hp_gain":0,"max_hp_loss":0,"event_name":"Tomb of Lord Red Mask","floor":48,"gold_loss":209}],"is_beta":false,"boss_relics":[{"not_picked":["HoveringKite","Coffee Dripper"],"picked":"Runic Pyramid"},{"not_picked":["Tiny House","Fusion Hammer"],"picked":"Empty Cage"}],"items_purged_floors":[5],"is_endless":false,"potions_floor_spawned":[4,8,10,16,24,29,31,33,35,47],"killed_by":"Donu and Deca","ascension_level":15}}