{"host":"e87rn453naquue3h","time":1609192016,"event":{"mods":["AchievementEnabler","BaseMod","Downfall","Minty Spire (QoL Compilation)","StSLib"],"gold_per_floor":[99,109,109,120,138,138,165,199,211,223,233,244,244,244,261,358,358,358,374,374,374,58,58,84,104,104,130,355,373,373,383,394,394,394,394],"floor_reached":33,"playtime":1989,"items_purged":[],"score":312,"play_id":"fac9089e-068f-4a45-b25f-21cb6802c278","local_time":"20201228164656","is_ascension_mode":true,"campfire_choices":[{"data":"Slimebound:Split","floor":1,"key":"SMITH"},{"data":"Slimebound:SlimeBarrage","floor":6,"key":"SMITH"},{"data":"Slimebound:Equalize","floor":13,"key":"SMITH"},{"data":"Slimebound:RallyTheTroops","floor":18,"key":"SMITH"},{"data":"Slimebound:DouseInSlime","floor":23,"key":"SMITH"},{"floor":30,"key":"DIG"}],"circlet_count":0,"master_deck":["Slimebound:Tackle","Slimebound:Split+1","Slimebound:CorrosiveSpit","Slimebound:GoopSpray+1","Slimebound:ViciousTackle","Slimebound:SlimeBarrage+1","Slimebound:Equalize+1","Slimebound:SplitMire","Slimebound:Teamwork","Slimebound:SplitMire","Slimebound:LeechingTouch","Slimebound:CheckThePlaybook","Slimebound:SplitSpecialist","Slimebound:Prepare","Slimebound:Nibble","Slimebound:RallyTheTroops+1","Slimebound:DouseInSlime+1","Slimebound:Prepare","Slimebound:Prepare+1","expansioncontent:Sear"],"relics":["Velvet Choker","Lantern","Bag of Preparation","Pandora\u0027s Box","Shovel","PreservedInsect","StrikeDummy","Toxic Egg 2","Art of War"],"acts_visited":["Exordium","TheCity"],"potions_floor_usage":[16,16,22,29],"damage_taken":[{"damage":10,"enemies":"Jaw Worm","floor":2,"turns":3},{"damage":8,"enemies":"Cultist","floor":4,"turns":3},{"damage":8,"enemies":"2 Louse","floor":5,"turns":2},{"damage":11,"enemies":"Lagavulin","floor":8,"turns":4},{"damage":0,"enemies":"2 Fungi Beasts","floor":9,"turns":1},{"damage":3,"enemies":"Blue Slaver","floor":10,"turns":2},{"damage":15,"enemies":"Exordium Wildlife","floor":11,"turns":2},{"damage":5,"enemies":"Gremlin Gang","floor":12,"turns":2},{"damage":21,"enemies":"Exordium Thugs","floor":15,"turns":3},{"damage":58,"enemies":"downfall:Silent","floor":16,"turns":5},{"damage":12,"enemies":"3 Byrds","floor":19,"turns":3},{"damage":20,"enemies":"downfall:FleeingMerchant","floor":22,"turns":4},{"damage":25,"enemies":"Centurion and Healer","floor":25,"turns":4},{"damage":19,"enemies":"Book of Stabbing","floor":27,"turns":2},{"damage":19,"enemies":"downfall:FleeingMerchant","floor":28,"turns":4},{"damage":33,"enemies":"Shelled Parasite and Fungi","floor":29,"turns":3},{"damage":19,"enemies":"Sentry and Sphere","floor":31,"turns":3},{"damage":24,"enemies":"Centurion and Healer","floor":32,"turns":3},{"damage":46,"enemies":"downfall:Watcher","floor":33,"turns":4}],"seed_played":"-5587447942867123044","potions_obtained":[{"floor":5,"key":"ColorlessPotion"},{"floor":10,"key":"SneckoOil"},{"floor":15,"key":"sneckomod:MuddlingPotion"},{"floor":19,"key":"ColorlessPotion"},{"floor":32,"key":"CultistPotion"}],"is_trial":false,"path_per_floor":["R","M","?","M","M","R","T","E","M","M","M","M","R","?","M","B",null,"R","M","?","?","$","R","T","M","?","E","$","M","R","M","M","B"],"character_chosen":"SLIMEBOUND","items_purchased":["Shovel","expansioncontent:Sear"],"campfire_rested":0,"item_purchase_floors":[22,28],"current_hp_per_floor":[60,58,58,58,58,58,58,55,57,54,53,50,50,55,54,16,65,65,65,65,65,57,57,57,60,60,57,58,40,40,37,33,0,0,0],"gold":394,"neow_bonus":"BOSS_RELIC","is_daily":false,"chose_seed":false,"campfire_upgraded":5,"win_rate":0.0,"timestamp":1609192016,"path_taken":["R","M","?","M","M","R","T","E","M","?","M","M","R","?","M","BOSS","R","M","?","?","$","R","T","M","?","E","?","M","R","M","M","BOSS"],"items_purchased_type":["Relic","Card"],"build_version":"2020-12-22","purchased_purges":0,"victory":false,"max_hp_per_floor":[60,60,60,60,60,60,60,60,60,60,60,60,60,65,65,65,65,65,65,65,65,65,65,65,65,65,65,65,65,65,65,65,65,65,65],"card_choices":[{"not_picked":["Slimebound:SplitMire","Slimebound:ProtectTheBoss"],"picked":"Slimebound:GoopSpray","floor":2},{"not_picked":["Slimebound:SplitBruiser","Slimebound:Schlurp"],"picked":"Slimebound:ViciousTackle","floor":4},{"not_picked":["Slimebound:PressTheAttack","Slimebound:GrowthPunch"],"picked":"Slimebound:SlimeBarrage","floor":5},{"not_picked":["Slimebound:LeadByExample","Slimebound:ComboTackle"],"picked":"Slimebound:Equalize","floor":8},{"not_picked":["Slimebound:FlameTackle","Slimebound:FinishingTackle","Slimebound:LeechEnergy"],"picked":"SKIP","floor":9},{"not_picked":["Slimebound:Gluttony","Slimebound:HungryTackle"],"picked":"Slimebound:SplitMire","floor":10},{"not_picked":["Slimebound:Schlurp","Slimebound:Recycling","Slimebound:SplitAcid"],"picked":"SKIP","floor":11},{"not_picked":["Slimebound:SplitAcid","Slimebound:LeechingTouch","Slimebound:ComboTackle"],"picked":"SKIP","floor":12},{"not_picked":["Slimebound:SplitLeeching","Slimebound:Schlurp","Slimebound:GoopSpray"],"picked":"SKIP","floor":15},{"not_picked":["Slimebound:SelfFormingGoo","Slimebound:DouseInSlime"],"picked":"Slimebound:Teamwork","floor":16},{"not_picked":["Slimebound:GoopTackle+1","Slimebound:Nibble","Slimebound:SamplingLick"],"picked":"SKIP","floor":19},{"not_picked":["Slimebound:GrowthPunch","Slimebound:SplitMire"],"picked":"Slimebound:DouseInSlime","floor":22},{"not_picked":["Slimebound:GoopSpray","Slimebound:SplitBruiser+1"],"picked":"Slimebound:Prepare","floor":25},{"not_picked":["Slimebound:RollThrough","Slimebound:LeechingTouch+1"],"picked":"Slimebound:Prepare+1","floor":27},{"not_picked":["Slimebound:SplitLeeching+1","Slimebound:ProtectTheBoss","Slimebound:ViciousTackle"],"picked":"SKIP","floor":28},{"not_picked":["Slimebound:GoopSpray+1","Slimebound:ProtectTheBoss","Slimebound:LeechingTouch"],"picked":"SKIP","floor":29},{"not_picked":["Slimebound:PressTheAttack+1","Slimebound:ViciousTackle","Slimebound:GoopSpray+1"],"picked":"SKIP","floor":31},{"not_picked":["Slimebound:SamplingLick+1","Slimebound:ViciousTackle+1","Slimebound:Dissolve+1"],"picked":"SKIP","floor":32}],"player_experience":2430380,"relics_obtained":[{"floor":7,"key":"Lantern"},{"floor":8,"key":"Bag of Preparation"},{"floor":24,"key":"PreservedInsect"},{"floor":27,"key":"Toxic Egg 2"},{"floor":30,"key":"Art of War"}],"event_choices":[{"damage_healed":0,"gold_gain":0,"player_choice":"Forge","damage_taken":0,"max_hp_gain":0,"max_hp_loss":0,"event_name":"Accursed Blacksmith","floor":3,"gold_loss":0,"cards_upgraded":["Slimebound:GoopSpray"]},{"damage_healed":0,"gold_gain":0,"player_choice":"Donut","damage_taken":0,"max_hp_gain":5,"max_hp_loss":0,"event_name":"Big Fish","floor":14,"gold_loss":0},{"damage_healed":0,"gold_gain":0,"player_choice":"Ignored","damage_taken":0,"max_hp_gain":0,"max_hp_loss":0,"event_name":"Vampires","floor":20,"gold_loss":0},{"damage_healed":0,"gold_gain":0,"player_choice":"Ignored","damage_taken":0,"max_hp_gain":0,"max_hp_loss":0,"event_name":"Ghosts","floor":21,"gold_loss":0}],"is_beta":false,"boss_relics":[{"not_picked":["Coffee Dripper","Runic Pyramid"],"picked":"Pandora\u0027s Box"}],"items_purged_floors":[],"is_endless":false,"potions_floor_spawned":[5,10,15,19,32],"killed_by":"downfall:Watcher","ascension_level":3}}