{"host":"hdafziggwnbzqpcb","time":1609116496,"event":{"mods":["BaseMod","Better Vampires","Colored Map","Colored Powertips","Curses Come First","Duelist Mod","GifTheSpireLib","Hero for Fun","Minty Spire (QoL Compilation)","Quick Restart","Rare Cards Sparkle","Relic Stats","Spicy Shops","StSLib","The Bug Knight","The Cursed","The Marked","The Senshi","The Wild Card","TheHero"],"gold_per_floor":[111,111,122,122,122,152,152,168,216,216,6,6,16,16,16,121,121,141,168,168,168,181,181,216,216,216,216,248,248,268,284,284,379,379,398,398,398,84,103,103,103,130,156,175,175,201,61,71,71,71,71,71,22,55,55,55],"floor_reached":55,"playtime":3019,"items_purged":["theSenshi:SteeledNerves+1","theSenshi:SailorBlock"],"score":804,"play_id":"16eee71e-60de-4255-b33a-f169fe056e7c","local_time":"20201227164816","is_ascension_mode":false,"campfire_choices":[{"data":"theSenshi:MoonTiaraMagic","floor":7.0,"key":"SMITH"},{"data":"theSenshi:MoonPrismPowerMakeUp","floor":10.0,"key":"SMITH"},{"data":"theSenshi:MoonHealingEscalation","floor":12.0,"key":"SMITH"},{"data":"theSenshi:SailorKick","floor":15.0,"key":"SMITH"},{"data":"theSenshi:MoonCrisisMakeUp","floor":23.0,"key":"SMITH"},{"floor":25,"key":"REST"},{"data":"theSenshi:SilverMoonCrystalPowerKiss","floor":29,"key":"SMITH"},{"data":"theSenshi:LateForSchool","floor":32,"key":"SMITH"},{"data":"theSenshi:SteeledNerves","floor":40,"key":"SMITH"},{"floor":41,"key":"RECALL"},{"data":"theSenshi:MoonCrystalPowerMakeUp","floor":49,"key":"SMITH"},{"data":"theSenshi:RoseThrow","floor":52,"key":"SMITH"}],"circlet_count":0,"master_deck":["theSenshi:SailorKick","theSenshi:SailorBlock","theSenshi:SailorBlock","theSenshi:RoseThrow+1","theSenshi:MoonPrismPowerMakeUp+1","theSenshi:MoonsReflection","theSenshi:MoonTiaraMagic+1","theSenshi:MoonHealingEscalation+1","theSenshi:MoonPrismPowerMakeUp+1","theSenshi:MoonCrisisMakeUp+1","theSenshi:MoonPrincessHalation+1","theSenshi:LateForSchool+1","theSenshi:SilverMoonCrystalPowerKiss+1","theSenshi:MoonPunch","theSenshi:SteeledNerves+1","theSenshi:RainbowMoonHeartAche+1","theSenshi:MoonCrystalPowerMakeUp+1"],"relics":["theSenshi:TransformationBroochRelic","NeowsBlessing","Centennial Puzzle","Oddly Smooth Stone","DollysMirror","Vajra","Empty Cage","Red Mask","theSenshi:SuperSailorFukuRelic","WingedGreaves","Shuriken","Lantern","Busted Crown","HandDrill","InkBottle","Strawberry","theSenshi:CrisisMoonCompactRelic"],"acts_visited":["Exordium","TheCity","TheBeyond","TheEnding"],"potions_floor_usage":[24,39,42,50,50,54,55],"damage_taken":[{"damage":0.0,"enemies":"Small Slimes","floor":1.0,"turns":2.0},{"damage":0.0,"enemies":"2 Louse","floor":3.0,"turns":1.0},{"damage":0.0,"enemies":"3 Sentries","floor":6.0,"turns":2.0},{"damage":0.0,"enemies":"Jaw Worm","floor":8.0,"turns":4.0},{"damage":0.0,"enemies":"Looter","floor":13.0,"turns":3.0},{"damage":26.0,"enemies":"Slime Boss","floor":16.0,"turns":4.0},{"damage":21.0,"enemies":"Shell Parasite","floor":18.0,"turns":12.0},{"damage":29.0,"enemies":"Masked Bandits","floor":19.0,"turns":8.0},{"damage":22.0,"enemies":"Spheric Guardian","floor":22.0,"turns":8.0},{"damage":62,"enemies":"Book of Stabbing","floor":24,"turns":9},{"damage":39,"enemies":"Gremlin Leader","floor":28,"turns":11},{"damage":6,"enemies":"Shelled Parasite and Fungi","floor":30,"turns":6},{"damage":14,"enemies":"Centurion and Healer","floor":31,"turns":5},{"damage":7,"enemies":"Champ","floor":33,"turns":7},{"damage":10,"enemies":"3 Darklings","floor":35,"turns":5},{"damage":0,"enemies":"3 Shapes","floor":39,"turns":3},{"damage":8,"enemies":"Reptomancer","floor":42,"turns":6},{"damage":10,"enemies":"Sphere and 2 Shapes","floor":44,"turns":5},{"damage":48,"enemies":"4 Shapes","floor":48,"turns":10},{"damage":0,"enemies":"Time Eater","floor":50,"turns":4},{"damage":53,"enemies":"Shield and Spear","floor":54,"turns":9},{"damage":93,"enemies":"The Heart","floor":55,"turns":5}],"seed_played":"1356027096999158074","potions_obtained":[{"floor":1.0,"key":"SteroidPotion"},{"floor":8.0,"key":"AttackPotion"},{"floor":22.0,"key":"PowerPotion"},{"floor":30,"key":"SteroidPotion"},{"floor":33,"key":"DuplicationPotion"},{"floor":37,"key":"DistilledChaos"},{"floor":39,"key":"AttackPotion"},{"floor":44,"key":"FearPotion"}],"is_trial":false,"path_per_floor":["M","?","M","?","?","E","R","M","T","R","$","R","M","?","R","B",null,"M","?","T","?","M","R","E","R","T","?","E","R","M","M","R","B",null,"M","?","?","$","M","R","R","E","T","M","?","T","$","M","R","B",null,"R","$","E","B"],"character_chosen":"THE_SENSHI","items_purchased":["theSenshi:MoonHealingEscalation","DollysMirror","theSenshi:SteeledNerves","HandDrill","theSenshi:MoonCrystalPowerMakeUp","ColorlessPotion"],"campfire_rested":1,"item_purchase_floors":[11,11,38,38,47,53],"current_hp_per_floor":[75,68,68,73,73,73,73,73,73,73,73,73,80,73,73,54,80,77,80,80,80,80,80,38,62,62,62,73,73,80,76,76,73,80,80,80,80,80,80,80,80,72,72,78,76,83,83,83,83,83,83,83,83,70,0,0],"gold":55,"neow_bonus":"THREE_ENEMY_KILL","is_daily":false,"chose_seed":false,"campfire_upgraded":10,"win_rate":0.0,"timestamp":1609116496,"path_taken":["M","?","M","?","?","E","R","?","T","R","$","R","M","?","R","BOSS","M","?","?","?","?","R","E","R","T","?","E","R","M","M","R","BOSS","M","?","?","$","?","R","R","E","T","M","?","?","?","?","R","BOSS","R","$","E","BOSS"],"items_purchased_type":["Card","Relic","Card","Relic","Card","Potion"],"build_version":"2020-12-22","purchased_purges":2,"victory":false,"max_hp_per_floor":[75,75,75,80,80,80,80,80,80,80,80,80,80,80,80,80,80,80,80,80,80,80,80,80,80,80,80,80,80,80,80,80,80,80,80,80,80,80,80,80,80,80,80,80,76,83,83,83,83,83,83,83,83,83,83,83],"relic_stats":{"Centennial Puzzle":[45],"Busted Crown":12,"counters":[22,129],"Shuriken":[13],"HandDrill":[6],"obtain_stats":[{"theSenshi:SuperSailorFukuRelic":20,"Lantern":28,"theSenshi:CrisisMoonCompactRelic":54,"NeowsBlessing":0,"Oddly Smooth Stone":9,"Vajra":14,"Empty Cage":17,"Centennial Puzzle":6,"theSenshi:TransformationBroochRelic":0,"Busted Crown":34,"DollysMirror":11,"Shuriken":26,"Strawberry":46,"WingedGreaves":24,"Red Mask":19,"HandDrill":38,"InkBottle":42},{"theSenshi:SuperSailorFukuRelic":8,"Lantern":11,"theSenshi:CrisisMoonCompactRelic":21,"NeowsBlessing":0,"Oddly Smooth Stone":4,"Vajra":5,"Empty Cage":6,"Centennial Puzzle":3,"theSenshi:TransformationBroochRelic":0,"Busted Crown":14,"DollysMirror":4,"Shuriken":10,"Strawberry":18,"WingedGreaves":10,"Red Mask":8,"HandDrill":15,"InkBottle":17},{"theSenshi:SuperSailorFukuRelic":36,"Lantern":64,"theSenshi:CrisisMoonCompactRelic":124,"NeowsBlessing":0,"Oddly Smooth Stone":9,"Vajra":12,"Empty Cage":16,"Centennial Puzzle":5,"theSenshi:TransformationBroochRelic":0,"Busted Crown":82,"DollysMirror":9,"Shuriken":53,"Strawberry":101,"WingedGreaves":53,"Red Mask":36,"HandDrill":87,"InkBottle":96}],"InkBottle":[12]},"card_choices":[{"not_picked":["theSenshi:SailorNeptuneAssists","theSenshi:TallSilhouette","theSenshi:MoonKick"],"picked":"SKIP","floor":1.0},{"not_picked":["theSenshi:SchoolBag","theSenshi:MercurysCunning"],"picked":"theSenshi:MoonsReflection","floor":3.0},{"not_picked":["theSenshi:NeptunesGrace","theSenshi:InTheNickOfTime"],"picked":"theSenshi:MoonTiaraMagic","floor":6.0},{"not_picked":["theSenshi:MoonPower","theSenshi:SailorMarsAssists","theSenshi:SailorChibiMoonAssists"],"picked":"SKIP","floor":8.0},{"not_picked":["theSenshi:SupersonicWaves","theSenshi:MoonHealingEscalation","theSenshi:LunaWiseMentor"],"picked":"SKIP","floor":13.0},{"not_picked":["theSenshi:SailorMarsAssists+1","theSenshi:MoonTiaraMagic"],"picked":"theSenshi:SteeledNerves+1","floor":18.0},{"not_picked":["theSenshi:SailorMarsAssists","theSenshi:MoonKick"],"picked":"theSenshi:MoonCrisisMakeUp","floor":19.0},{"not_picked":["theSenshi:SailorChibiMoonAssists+1","theSenshi:SailorStarFighterAssists+1","theSenshi:TuxedoSmokingBomber"],"picked":"SKIP","floor":22.0},{"not_picked":["theSenshi:VenusGlamour","theSenshi:SailorVenusAssists"],"picked":"theSenshi:MoonPrincessHalation+1","floor":24},{"not_picked":["theSenshi:MoonKick","theSenshi:EncouragingSpeech+1"],"picked":"theSenshi:SilverMoonCrystalPowerKiss","floor":28},{"not_picked":["theSenshi:MoonTiaraMagic","theSenshi:SchoolBag","theSenshi:SailorUranusAssists+1"],"picked":"SKIP","floor":30},{"not_picked":["theSenshi:SupersonicWaves+1","theSenshi:SchoolBag"],"picked":"theSenshi:MoonPunch","floor":31},{"not_picked":["theSenshi:SailorPlanetAttack+1"],"picked":"SKIP","floor":35},{"not_picked":[],"picked":"theSenshi:RainbowMoonHeartAche+1","floor":39},{"not_picked":["theSenshi:MoonlightKnight+1"],"picked":"SKIP","floor":42},{"not_picked":["theSenshi:MoonTiaraMagic+1"],"picked":"SKIP","floor":44},{"not_picked":["theSenshi:TallSilhouette"],"picked":"SKIP","floor":48},{"not_picked":["theSenshi:VenusGlamour"],"picked":"SKIP","floor":54}],"player_experience":657409,"relics_obtained":[{"floor":6.0,"key":"Centennial Puzzle"},{"floor":9.0,"key":"Oddly Smooth Stone"},{"floor":19.0,"key":"Red Mask"},{"floor":20.0,"key":"theSenshi:SuperSailorFukuRelic"},{"floor":24,"key":"WingedGreaves"},{"floor":26,"key":"Shuriken"},{"floor":28,"key":"Lantern"},{"floor":42,"key":"InkBottle"},{"floor":46,"key":"Strawberry"},{"floor":54,"key":"theSenshi:CrisisMoonCompactRelic"}],"event_choices":[{"cards_removed":["theSenshi:SailorBlock"],"damage_healed":0.0,"max_hp_gain":0.0,"max_hp_loss":0.0,"gold_gain":0.0,"event_name":"Golden Wing","player_choice":"Card Removal","floor":2.0,"gold_loss":0.0,"damage_taken":7.0},{"damage_healed":0.0,"max_hp_gain":5.0,"max_hp_loss":0.0,"gold_gain":0.0,"event_name":"Big Fish","player_choice":"Donut","floor":4.0,"gold_loss":0.0,"damage_taken":0.0},{"damage_healed":0.0,"max_hp_gain":0.0,"max_hp_loss":0.0,"gold_gain":0.0,"event_name":"Liars Game","player_choice":"Ignored","floor":5.0,"gold_loss":0.0,"damage_taken":0.0},{"damage_healed":0.0,"max_hp_gain":0.0,"max_hp_loss":0.0,"gold_gain":0.0,"event_name":"Scrap Ooze","player_choice":"Success","floor":14.0,"gold_loss":0.0,"damage_taken":7.0,"relics_obtained":["Vajra"]},{"damage_healed":0.0,"max_hp_gain":0.0,"max_hp_loss":0.0,"gold_gain":0.0,"event_name":"Masked Bandits","player_choice":"Fought Bandits","floor":19.0,"gold_loss":0.0,"damage_taken":0.0},{"damage_healed":0.0,"max_hp_gain":0.0,"max_hp_loss":0.0,"gold_gain":0.0,"event_name":"WeMeetAgain","player_choice":"Ignored","floor":21.0,"gold_loss":0.0,"damage_taken":0.0},{"damage_healed":0,"gold_gain":0,"player_choice":"Read","damage_taken":0,"max_hp_gain":0,"max_hp_loss":0,"event_name":"The Library","floor":27,"gold_loss":0,"cards_obtained":["theSenshi:LateForSchool"]},{"cards_removed":["theSenshi:SailorKick"],"damage_healed":0,"gold_gain":0,"player_choice":"Removed Attack","damage_taken":0,"max_hp_gain":0,"max_hp_loss":0,"event_name":"Falling","floor":36,"gold_loss":0},{"damage_healed":0,"gold_gain":0,"player_choice":"Got Potions","damage_taken":0,"max_hp_gain":0,"max_hp_loss":0,"event_name":"Lab","floor":37,"gold_loss":0},{"damage_healed":0,"gold_gain":0,"player_choice":"Max HP","damage_taken":0,"max_hp_gain":0,"max_hp_loss":4,"event_name":"Winding Halls","floor":45,"gold_loss":0}],"is_beta":false,"boss_relics":[{"not_picked":["Black Star","Sozu"],"picked":"Empty Cage"},{"not_picked":["Calling Bell","Fusion Hammer"],"picked":"Busted Crown"}],"items_purged_floors":[38,47],"is_endless":false,"potions_floor_spawned":[1,8,22,30,33,39,44,48],"killed_by":"The Heart","ascension_level":0}}