{"host":"bzg9y3flbaqjj1j7","time":1609198060,"event":{"mods":["AchievementEnabler","Aspiration","BaseMod","Better Third Choice","Challenge The Spire","Hubris","Hyrulean Relics","Infinite Spire","Lobotomy","LobotomyExtend","Marisa????????","Marked Mod","Minty Spire (QoL Compilation)","Permanent Neow","Rare Cards Sparkle","Reimu??????","Remilia??????","Replay The Spire","Shade Mod","Shop Mod","StSLib","The Administrix","The Alterego","The Blue Laboratory","The Fake Hero","Waifu the Spire"],"gold_per_floor":[117,133,150,166,166,199,207,219,255,280,17,17,52,12,12,113,113,129,129,228,228,228],"floor_reached":21,"playtime":2169,"items_purged":[],"score":239,"play_id":"9b4f795d-5354-4be4-a2a8-057b29aaf1a6","local_time":"20201228195740","is_ascension_mode":false,"campfire_choices":[],"circlet_count":0,"master_deck":["SpecialBullet","SpecialBullet","SpecialBullet","SpecialBullet","SpecialBullet","SpecialBullet","SpecialBullet","SpecialBullet","DisciplinaryCode","SecurityCode","ExtractionCode","Soda","luka_mod:Request+1","ShyLook","FourthMatchFlame","luka_mod:StressRelief","Rudolta","InformationCode","CrumblingArmor","luka_mod:StrikeLuka","SpiderBud","Murderer","Regret_ego","BlueStar","GalaxyChild","luka_mod:SmallBody","FieryBird","luka_mod:SuperAttack","Penitence","RedShoes","Regret_ego"],"relics":["CogitoBucket","aspiration:Nostalgia","ScarletHat","RabbitCall","LetterFromLob","LuminousBracelet","aspiration:BabyByrd","MerchantsRug","Strange Spoon","Vajra","PaintedHorse:ReiMu","SlaversCollar"],"acts_visited":["Exordium","TheCity"],"potions_floor_usage":[],"damage_taken":[{"damage":0.0,"enemies":"Cultist","floor":1.0,"turns":3.0},{"damage":8.0,"enemies":"Jaw Worm","floor":2.0,"turns":3.0},{"damage":1.0,"enemies":"2 Louse","floor":3.0,"turns":3.0},{"damage":0.0,"enemies":"2 Fungi Beasts","floor":4.0,"turns":2.0},{"damage":0.0,"enemies":"Gremlin Nob","floor":6.0,"turns":2.0},{"damage":27.0,"enemies":"Large Slime","floor":7.0,"turns":11.0},{"damage":6.0,"enemies":"Blue Slaver","floor":10.0,"turns":2.0},{"damage":24.0,"enemies":"3 Sentries","floor":13.0,"turns":3.0},{"damage":30.0,"enemies":"The Guardian","floor":16.0,"turns":9.0},{"damage":33.0,"enemies":"Shell Parasite","floor":18.0,"turns":3.0},{"damage":86,"enemies":"Chosen","floor":21,"turns":3}],"seed_played":"-4853961619295820212","potions_obtained":[],"is_trial":false,"path_per_floor":["M","M","M","M","?","E","M","?","T","M","$","?","E","?","R","B",null,"M","?","?","M"],"character_chosen":"Angela","items_purchased":["MerchantsRug","Strange Spoon"],"campfire_rested":0,"item_purchase_floors":[11,11],"current_hp_per_floor":[70,70,70,70,70,70,74,74,74,76,76,76,64,64,64,56,85,65,65,65,0,0],"gold":228,"neow_bonus":"NOSTALGIA","is_daily":false,"chose_seed":false,"campfire_upgraded":0,"win_rate":0.0,"timestamp":1609198060,"path_taken":["M","M","?","M","?","E","M","?","T","M","$","?","E","?","R","BOSS","M","?","?","M"],"items_purchased_type":["Relic","Relic"],"build_version":"2020-12-22","purchased_purges":0,"victory":false,"max_hp_per_floor":[70,70,70,70,70,70,85,85,85,85,85,85,85,85,85,85,85,85,85,85,85,85],"card_choices":[{"not_picked":["luka_mod:DemonDecapitation"],"picked":"Soda","floor":1.0},{"not_picked":["luka_mod:SpoilerForm"],"picked":"luka_mod:Request","floor":1.0},{"not_picked":["SpiderBud","CherryBlossoms"],"picked":"ShyLook","floor":2.0},{"not_picked":["Lantern","luka_mod:ThunderThrust"],"picked":"SKIP","floor":2.0},{"not_picked":["WristCuter","luka_mod:Struggle"],"picked":"SKIP","floor":2.0},{"not_picked":["Wingbeat"],"picked":"FourthMatchFlame","floor":3.0},{"not_picked":["ScreamingWedge"],"picked":"luka_mod:StressRelief","floor":3.0},{"not_picked":["SpiderBud","SnowQueen"],"picked":"Rudolta","floor":3.0},{"not_picked":["BeautyBeast","OldLady"],"picked":"CrumblingArmor","floor":4.0},{"not_picked":["luka_mod:Gnome"],"picked":"luka_mod:StrikeLuka","floor":4.0},{"not_picked":["Diffraction","luka_mod:PeacePreach"],"picked":"SKIP","floor":4.0},{"not_picked":["BeautyBeast","DreamingCurrent"],"picked":"SpiderBud","floor":6.0},{"not_picked":["WristCuter","Harvest"],"picked":"SKIP","floor":6.0},{"not_picked":["PunishingBird","WhitesApple"],"picked":"Murderer","floor":7.0},{"not_picked":["CherryBlossom"],"picked":"Regret_ego","floor":7.0},{"not_picked":["luka_mod:FlashKill","CUTE"],"picked":"SKIP","floor":7.0},{"not_picked":["UniverseFragment","MHz"],"picked":"BlueStar","floor":10.0},{"not_picked":["luka_mod:HeroicStrike","luka_mod:NoDebuffs"],"picked":"SKIP","floor":10.0},{"not_picked":["SomewhereSpear","luka_mod:Feel"],"picked":"SKIP","floor":10.0},{"not_picked":["MHz","QueenOfHatred"],"picked":"GalaxyChild","floor":13.0},{"not_picked":["Spore"],"picked":"luka_mod:SmallBody","floor":13.0},{"not_picked":["Wellcheers","Scorched"],"picked":"FieryBird","floor":16.0},{"not_picked":["Mimicry"],"picked":"luka_mod:SuperAttack","floor":16.0},{"not_picked":["luka_mod:FlashKill"],"picked":"Penitence","floor":18.0},{"not_picked":["Scorched","Bloodbath"],"picked":"RedShoes","floor":18.0},{"not_picked":["luka_mod:RestrictedStrike"],"picked":"Regret_ego","floor":18.0}],"player_experience":135628,"relics_obtained":[{"floor":1.0,"key":"LetterFromLob"},{"floor":6.0,"key":"MawBank"},{"floor":13.0,"key":"Vajra"}],"event_choices":[{"damage_healed":0.0,"max_hp_gain":0.0,"max_hp_loss":0.0,"gold_gain":0.0,"event_name":"yidonshenshe","player_choice":"Donate","floor":14.0,"gold_loss":40.0,"damage_taken":0.0,"relics_obtained":["PaintedHorse:ReiMu"]},{"damage_healed":0.0,"max_hp_gain":0.0,"max_hp_loss":0.0,"gold_gain":0.0,"event_name":"Vampires","player_choice":"Ignored","floor":19.0,"gold_loss":0.0,"damage_taken":0.0},{"damage_healed":0.0,"max_hp_gain":0.0,"max_hp_loss":0.0,"gold_gain":99.0,"event_name":"betterThird:BetterNest","player_choice":"Steal","floor":20.0,"gold_loss":0.0,"damage_taken":0.0}],"is_beta":false,"boss_relics":[{"not_picked":["Coffee Dripper","Busted Crown"],"picked":"SlaversCollar"}],"items_purged_floors":[],"is_endless":false,"potions_floor_spawned":[],"killed_by":"Chosen","ascension_level":0}}