{"host":"2se5dq1do2gp0x9k","time":1609121607,"event":{"mods":["AchievementEnabler","BaseMod","Block Reminder","Colored Map","Colored Powertips","Minty Spire (QoL Compilation)","Relic Stats","StSLib","SuperFastMode"],"gold_per_floor":[115,115,132,57,69,69,103,103,103,103,119,119,137,62,62,138,138,156,98,110,14,14,14,14],"floor_reached":23,"playtime":823,"items_purged":["Strike_B"],"score":378,"play_id":"c44ce504-236f-4fa9-94b8-bd6a040eed45","local_time":"20201227181327","is_ascension_mode":true,"campfire_choices":[{"data":"Zap","floor":6.0,"key":"SMITH"},{"data":"Scrape","floor":10.0,"key":"SMITH"},{"data":"Melter","floor":12.0,"key":"SMITH"},{"data":"Streamline","floor":15.0,"key":"SMITH"}],"circlet_count":0,"master_deck":["AscendersBane","Zap+1","Dualcast+1","Gash","Melter+1","Scrape+1","Gash","Streamline+1","Electrodynamics","Tempest","Go for the Eyes","Chaos","Capacitor","Darkness","Chill","Hologram","Recycle","Deep Breath","Gash"],"relics":["Cracked Core","NeowsBlessing","Pantograph","Sundial","Pandora\u0027s Box"],"acts_visited":["Exordium","TheCity"],"potions_floor_usage":[23],"damage_taken":[{"damage":0.0,"enemies":"2 Louse","floor":1.0,"turns":1.0},{"damage":0.0,"enemies":"Cultist","floor":3.0,"turns":1.0},{"damage":0.0,"enemies":"Jaw Worm","floor":5.0,"turns":1.0},{"damage":25.0,"enemies":"Lagavulin","floor":7.0,"turns":6.0},{"damage":0.0,"enemies":"2 Fungi Beasts","floor":11.0,"turns":2.0},{"damage":2.0,"enemies":"Lots of Slimes","floor":13.0,"turns":3.0},{"damage":38.0,"enemies":"Slime Boss","floor":16.0,"turns":9.0},{"damage":19.0,"enemies":"2 Thieves","floor":18.0,"turns":2.0},{"damage":0,"enemies":"3 Byrds","floor":20,"turns":2},{"damage":43,"enemies":"Book of Stabbing","floor":23,"turns":3}],"seed_played":"7942963997923313525","potions_obtained":[{"floor":3.0,"key":"SkillPotion"},{"floor":11.0,"key":"SpeedPotion"},{"floor":13.0,"key":"Block Potion"},{"floor":18.0,"key":"Fire Potion"}],"is_trial":false,"path_per_floor":["M","?","M","?","M","R","E","?","T","R","M","R","M","$","R","B",null,"M","$","M","$","?","E"],"character_chosen":"DEFECT","items_purchased":["Hologram","Deep Breath"],"campfire_rested":0,"item_purchase_floors":[19,21],"current_hp_per_floor":[64,64,64,64,64,64,39,39,39,39,39,39,37,37,37,24,59,40,40,40,40,40,0,0],"gold":14,"neow_bonus":"THREE_ENEMY_KILL","is_daily":false,"chose_seed":false,"campfire_upgraded":4,"win_rate":0.0,"timestamp":1609121607,"path_taken":["M","?","?","?","M","R","E","?","T","R","M","R","M","$","R","BOSS","M","$","M","?","?","E"],"items_purchased_type":["Card","Card"],"build_version":"2020-12-22","purchased_purges":1,"victory":false,"max_hp_per_floor":[71,71,71,71,71,71,71,71,71,71,71,71,71,71,71,71,71,71,71,71,71,71,71,71],"relic_stats":{"counters":[10,30],"Sundial":[6],"Pantograph":25,"Pandora\u0027s Box":["Tempest","Go for the Eyes","Chaos","Capacitor","Darkness"],"obtain_stats":[{"NeowsBlessing":0,"Sundial":9,"Pantograph":7,"Pandora\u0027s Box":17,"Cracked Core":0},{"NeowsBlessing":0,"Sundial":4,"Pantograph":4,"Pandora\u0027s Box":7,"Cracked Core":0},{"NeowsBlessing":0,"Sundial":9,"Pantograph":9,"Pandora\u0027s Box":23,"Cracked Core":0}]},"card_choices":[{"not_picked":["Steam","Chaos"],"picked":"Gash","floor":1.0},{"not_picked":["Recycle","Leap"],"picked":"Melter","floor":3.0},{"not_picked":["Turbo","Cold Snap"],"picked":"Scrape","floor":5.0},{"not_picked":["Loop","Coolheaded"],"picked":"Gash","floor":7.0},{"not_picked":["Meteor Strike","Consume","Double Energy"],"picked":"SKIP","floor":11.0},{"not_picked":["Meteor Strike","Consume","Double Energy"],"picked":"SKIP","floor":11.0},{"not_picked":["Hologram","Hello World"],"picked":"Streamline","floor":13.0},{"not_picked":["Machine Learning","Creative AI"],"picked":"Electrodynamics","floor":16.0},{"not_picked":["Ball Lightning+1","Force Field"],"picked":"Chill","floor":18.0},{"not_picked":["Static Discharge","FTL"],"picked":"Recycle","floor":20}],"player_experience":3618214,"relics_obtained":[{"floor":7.0,"key":"Pantograph"},{"floor":9.0,"key":"Sundial"}],"event_choices":[{"cards_removed":["Strike_B"],"damage_healed":0.0,"max_hp_gain":0.0,"max_hp_loss":0.0,"gold_gain":0.0,"event_name":"Wheel of Change","player_choice":"Card Removal","floor":2.0,"gold_loss":0.0,"damage_taken":0.0},{"cards_removed":["Strike_B"],"damage_healed":0.0,"max_hp_gain":0.0,"max_hp_loss":0.0,"gold_gain":0.0,"event_name":"The Cleric","player_choice":"Card Removal","floor":4.0,"gold_loss":75.0,"damage_taken":0.0},{"damage_healed":0.0,"max_hp_gain":0.0,"max_hp_loss":0.0,"gold_gain":0.0,"event_name":"Upgrade Shrine","player_choice":"Upgraded","floor":8.0,"gold_loss":0.0,"damage_taken":0.0,"cards_upgraded":["Dualcast"]},{"damage_healed":0,"gold_gain":0,"player_choice":"Read","damage_taken":0,"max_hp_gain":0,"max_hp_loss":0,"event_name":"The Library","floor":22,"gold_loss":0,"cards_obtained":["Gash"]}],"is_beta":false,"boss_relics":[{"not_picked":["Snecko Eye","Busted Crown"],"picked":"Pandora\u0027s Box"}],"items_purged_floors":[14],"is_endless":false,"potions_floor_spawned":[3,11,13,18],"killed_by":"Book of Stabbing","ascension_level":20}}