{"host":"Shugu","time":1609180363,"event":{"mods":["BaseMod","Colored Powertips","Minty Spire (QoL Compilation)","Waifu the Spire"],"gold_per_floor":[111,36,46,46,11,42,42,56,56,67,83,183,200,213,213,310,310,324,33,33,33,33,33,38,38,64,89,120,144,179,224,236,248,248],"floor_reached":33,"playtime":1816,"items_purged":["Strike_R"],"score":404,"play_id":"89ef1e79-1536-4cad-82b4-7ef2e8de1f7f","local_time":"20201229023243","is_ascension_mode":true,"campfire_choices":[{"data":"Juggernaut","floor":7.0,"key":"SMITH"},{"floor":15.0,"key":"REST"},{"data":"Seeing Red","floor":23.0,"key":"SMITH"},{"data":"Feel No Pain","floor":25.0,"key":"SMITH"},{"data":"Feel No Pain","floor":32.0,"key":"SMITH"}],"circlet_count":0,"master_deck":["AscendersBane","Strike_R","Strike_R","Strike_R","Defend_R","Defend_R","Defend_R","Defend_R","Bash","Juggernaut+1","Feel No Pain+1","Brutality","Sentinel","Seeing Red+1","Second Wind","Feel No Pain+1","Offering","Armaments+1","Second Wind","Feed","Feel No Pain","Pommel Strike+1"],"relics":["Black Blood","HornCleat","Lantern","Anchor","Paper Frog","MawBank","Happy Flower"],"acts_visited":["Exordium","TheCity"],"potions_floor_usage":[33],"damage_taken":[{"damage":13.0,"enemies":"2 Louse","floor":1.0,"turns":4.0},{"damage":4.0,"enemies":"Small Slimes","floor":3.0,"turns":4.0},{"damage":68.0,"enemies":"Gremlin Nob","floor":6.0,"turns":6.0},{"damage":5.0,"enemies":"Cultist","floor":8.0,"turns":4.0},{"damage":18.0,"enemies":"Large Slime","floor":10.0,"turns":7.0},{"damage":4.0,"enemies":"3 Louse","floor":11.0,"turns":3.0},{"damage":6.0,"enemies":"Lots of Slimes","floor":13.0,"turns":5.0},{"damage":11.0,"enemies":"Exordium Wildlife","floor":14.0,"turns":5.0},{"damage":26.0,"enemies":"Slime Boss","floor":16.0,"turns":11.0},{"damage":16.0,"enemies":"Spheric Guardian","floor":18.0,"turns":4.0},{"damage":11.0,"enemies":"2 Thieves","floor":24.0,"turns":4.0},{"damage":24.0,"enemies":"Centurion and Healer","floor":27.0,"turns":8.0},{"damage":6.0,"enemies":"3 Cultists","floor":28.0,"turns":5.0},{"damage":6.0,"enemies":"Cultist and Chosen","floor":29.0,"turns":8.0},{"damage":33.0,"enemies":"Book of Stabbing","floor":31.0,"turns":7.0},{"damage":34,"enemies":"Champ","floor":33,"turns":11}],"seed_played":"-5253355904084069394","potions_obtained":[{"floor":1.0,"key":"Fruit Juice"},{"floor":8.0,"key":"SpeedPotion"},{"floor":11.0,"key":"ElixirPotion"},{"floor":14.0,"key":"Swift Potion"},{"floor":18.0,"key":"ElixirPotion"},{"floor":24.0,"key":"PowerPotion"},{"floor":29.0,"key":"BloodPotion"}],"is_trial":false,"path_per_floor":["M","$","M","?","?","E","R","M","T","M","M","?","M","M","R","B",null,"M","$","?","?","?","R","M","R","T","M","M","M","T","E","R","B"],"character_chosen":"IRONCLAD","items_purchased":["Second Wind","Anchor","Feed"],"campfire_rested":1,"item_purchase_floors":[19,19,19],"current_hp_per_floor":[70,70,72,72,85,23,23,24,24,12,14,14,14,9,34,14,67,63,63,63,63,63,63,64,64,64,52,61,67,67,63,63,29,29],"gold":248,"neow_bonus":"ONE_RANDOM_RARE_CARD","is_daily":false,"chose_seed":false,"campfire_upgraded":4,"win_rate":0.0,"timestamp":1609180363,"path_taken":["M","$","M","?","?","E","R","M","T","M","M","?","?","M","R","BOSS","M","$","?","?","?","R","?","R","T","M","?","M","?","E","R","BOSS"],"items_purchased_type":["Card","Relic","Card"],"build_version":"2020-12-18","purchased_purges":1,"victory":false,"max_hp_per_floor":[85,85,85,85,85,85,85,85,85,85,85,85,85,85,85,85,85,85,85,85,85,85,85,85,85,85,85,88,88,88,88,88,88,88],"card_choices":[{"not_picked":["Battle Trance","Rupture"],"picked":"Feel No Pain","floor":1.0},{"not_picked":["Cleave","Perfected Strike","Inflame"],"picked":"SKIP","floor":3.0},{"not_picked":["Clash","Dual Wield"],"picked":"Brutality","floor":6.0},{"not_picked":["Inflame","Heavy Blade"],"picked":"Sentinel","floor":8.0},{"not_picked":["Heavy Blade","Searing Blow","Headbutt"],"picked":"SKIP","floor":10.0},{"not_picked":["Shrug It Off","Pommel Strike"],"picked":"Seeing Red","floor":11.0},{"not_picked":["Clash","Warcry"],"picked":"Second Wind","floor":13.0},{"not_picked":["Headbutt","Clash"],"picked":"Feel No Pain","floor":14.0},{"not_picked":["Brutality","Demon Form"],"picked":"Offering","floor":16.0},{"not_picked":["Fire Breathing","Rage"],"picked":"Armaments+1","floor":18.0},{"not_picked":["Evolve+1","Flex"],"picked":"Feel No Pain","floor":24.0},{"not_picked":["Thunderclap","Shrug It Off","Wild Strike"],"picked":"SKIP","floor":27.0},{"not_picked":["Wild Strike","Limit Break"],"picked":"Pommel Strike+1","floor":28.0},{"not_picked":["Iron Wave","Wild Strike","Perfected Strike+1"],"picked":"SKIP","floor":29.0},{"not_picked":["Clothesline","Thunderclap+1","Havoc"],"picked":"SKIP","floor":31.0}],"player_experience":377910,"relics_obtained":[{"floor":6.0,"key":"HornCleat"},{"floor":9.0,"key":"Lantern"},{"floor":26.0,"key":"MawBank"},{"floor":31.0,"key":"Happy Flower"}],"event_choices":[{"damage_healed":0.0,"max_hp_gain":0.0,"max_hp_loss":0.0,"gold_gain":0.0,"event_name":"Shining Light","player_choice":"Ignored","floor":4.0,"gold_loss":0.0,"damage_taken":0.0},{"damage_healed":21.0,"max_hp_gain":0.0,"max_hp_loss":0.0,"gold_gain":0.0,"event_name":"The Cleric","player_choice":"Healed","floor":5.0,"gold_loss":35.0,"damage_taken":0.0},{"damage_healed":0.0,"max_hp_gain":0.0,"max_hp_loss":0.0,"gold_gain":100.0,"event_name":"Golden Shrine","player_choice":"Pray","floor":12.0,"gold_loss":0.0,"damage_taken":0.0},{"cards_removed":["Strike_R"],"damage_healed":0.0,"max_hp_gain":0.0,"max_hp_loss":0.0,"gold_gain":0.0,"event_name":"Back to Basics","player_choice":"Elegance","floor":20.0,"gold_loss":0.0,"damage_taken":0.0},{"damage_healed":0.0,"max_hp_gain":0.0,"max_hp_loss":0.0,"gold_gain":0.0,"event_name":"Addict","player_choice":"Stole Relic","floor":21.0,"gold_loss":0.0,"damage_taken":0.0,"relics_obtained":["Paper Frog"],"cards_obtained":["Shame"]},{"cards_removed":["Shame"],"damage_healed":0.0,"max_hp_gain":0.0,"max_hp_loss":0.0,"gold_gain":0.0,"event_name":"Fountain of Cleansing","player_choice":"Removed Curses","floor":22.0,"gold_loss":0.0,"damage_taken":0.0}],"is_beta":true,"boss_relics":[{"not_picked":["Empty Cage","SlaversCollar"],"picked":"Black Blood"}],"items_purged_floors":[2],"is_endless":false,"potions_floor_spawned":[1,8,11,14,18,24,29],"killed_by":"Champ","ascension_level":10}}