{"host":"x4eg333i40dafwq4","time":1609128095,"event":{"mods":["AchievementEnabler","BaseMod","Bestiary","Colored Powertips","Minty Spire (QoL Compilation)","Relic Stats"],"gold_per_floor":[114,134,153,203,219,219,244,261,261,299,325,325,42,61,61,143,143,158,177,177,200,200,240,240,277,277,319,341,370,412,441,441,527,527,538,538,558,575,575,604,604,642,651,669,669,669,3,28,28,28,28,28,28,72,72,72],"floor_reached":55,"playtime":3976,"items_purged":["Strike_B","Normality"],"score":1560,"play_id":"574c1c20-a77d-4477-89a6-50e392f6f8fd","local_time":"20201227230135","is_ascension_mode":true,"campfire_choices":[{"data":"Zap","floor":6,"key":"SMITH"},{"data":"Sunder","floor":12,"key":"SMITH"},{"data":"Defragment","floor":15,"key":"SMITH"},{"floor":24,"key":"REST"},{"data":"Biased Cognition","floor":32,"key":"SMITH"},{"data":"Multi-Cast","floor":41,"key":"SMITH"},{"data":"Capacitor","floor":45,"key":"SMITH"},{"floor":49,"key":"RECALL"},{"data":"Capacitor","floor":52,"key":"SMITH"}],"circlet_count":0,"master_deck":["AscendersBane","Strike_B+1","Strike_B+1","Strike_B+1","Defend_B+1","Defend_B+1","Defend_B+1","Defend_B+1","Zap+1","Dualcast","Beam Cell","Ball Lightning","Ball Lightning","BootSequence","Core Surge","Conserve Battery","Defragment+1","Self Repair+1","Multi-Cast+1","Scrape","Capacitor+1","Cold Snap","Core Surge","Gash","Consume","Turbo","Biased Cognition+1","Coolheaded","Electrodynamics","Hologram","Multi-Cast","Capacitor+1","Barrage","FTL"],"relics":["Cracked Core","Bag of Preparation","Smiling Mask","CeramicFish","PreservedInsect","Cursed Key","Bottled Tornado","Gambling Chip","HornCleat","Orichalcum","Busted Crown","Blood Vial","Eternal Feather","Chemical X","Potion Belt","Turnip"],"acts_visited":["Exordium","TheCity","TheBeyond","TheEnding"],"potions_floor_usage":[10,16,23,30,33,40,42,42,42,50,50,54,54,55,55,55,55],"damage_taken":[{"damage":2,"enemies":"Cultist","floor":1,"turns":4},{"damage":2,"enemies":"Jaw Worm","floor":2,"turns":2},{"damage":0,"enemies":"Small Slimes","floor":3,"turns":3},{"damage":2,"enemies":"2 Fungi Beasts","floor":5,"turns":3},{"damage":30,"enemies":"3 Sentries","floor":7,"turns":6},{"damage":3,"enemies":"Large Slime","floor":8,"turns":4},{"damage":6,"enemies":"Gremlin Nob","floor":10,"turns":3},{"damage":3,"enemies":"Blue Slaver","floor":11,"turns":3},{"damage":0,"enemies":"Looter","floor":14,"turns":2},{"damage":11,"enemies":"The Guardian","floor":16,"turns":11},{"damage":22,"enemies":"3 Byrds","floor":18,"turns":4},{"damage":18,"enemies":"Spheric Guardian","floor":19,"turns":4},{"damage":0,"enemies":"Centurion and Healer","floor":21,"turns":4},{"damage":13,"enemies":"Book of Stabbing","floor":23,"turns":3},{"damage":8,"enemies":"Gremlin Leader","floor":25,"turns":5},{"damage":4,"enemies":"Slavers","floor":27,"turns":3},{"damage":7,"enemies":"Shelled Parasite and Fungi","floor":28,"turns":5},{"damage":2,"enemies":"Snecko","floor":29,"turns":4},{"damage":23,"enemies":"Book of Stabbing","floor":30,"turns":5},{"damage":1,"enemies":"Snake Plant","floor":31,"turns":3},{"damage":0,"enemies":"Automaton","floor":33,"turns":9},{"damage":0,"enemies":"Orb Walker","floor":35,"turns":2},{"damage":8,"enemies":"3 Shapes","floor":37,"turns":2},{"damage":11,"enemies":"Writhing Mass","floor":38,"turns":5},{"damage":3,"enemies":"Reptomancer","floor":40,"turns":4},{"damage":25,"enemies":"Giant Head","floor":42,"turns":7},{"damage":4,"enemies":"Spire Growth","floor":44,"turns":5},{"damage":0,"enemies":"4 Shapes","floor":48,"turns":3},{"damage":46,"enemies":"Awakened One","floor":50,"turns":12},{"damage":21,"enemies":"Shield and Spear","floor":54,"turns":4},{"damage":88,"enemies":"The Heart","floor":55,"turns":5}],"seed_played":"-8845880469909487195","potions_obtained":[{"floor":2,"key":"GamblersBrew"},{"floor":3,"key":"Strength Potion"},{"floor":8,"key":"FocusPotion"},{"floor":14,"key":"ColorlessPotion"},{"floor":19,"key":"DistilledChaos"},{"floor":23,"key":"Energy Potion"},{"floor":28,"key":"Regen Potion"},{"floor":31,"key":"SneckoOil"},{"floor":35,"key":"EntropicBrew"},{"floor":40,"key":"DistilledChaos"},{"floor":54,"key":"Ancient Potion"}],"is_trial":false,"path_per_floor":["M","M","M","?","M","R","E","M","T","E","M","R","$","M","R","B",null,"M","M","?","M","?","E","R","E","T","E","M","M","E","M","R","B",null,"M","?","M","M","?","E","R","E","T","M","R","?","$","M","R","B",null,"R","$","E","B"],"character_chosen":"DEFECT","items_purchased":["PreservedInsect","Defragment","Chemical X","Capacitor","EntropicBrew","Potion Belt","DuplicationPotion","Swift Potion"],"campfire_rested":1,"item_purchase_floors":[13,13,47,47,47,47,47,47],"current_hp_per_floor":[69,67,67,67,65,65,35,32,32,26,23,23,23,23,23,19,63,48,37,37,44,44,31,54,46,46,42,35,43,42,51,51,61,74,74,74,66,65,65,62,62,49,49,57,75,65,65,67,78,42,69,78,78,57,0,0],"gold":72,"neow_bonus":"TEN_PERCENT_HP_BONUS","is_daily":false,"chose_seed":false,"campfire_upgraded":7,"win_rate":0.0,"timestamp":1609128095,"path_taken":["M","M","M","?","M","R","E","?","T","E","M","R","$","M","R","BOSS","M","M","?","M","?","E","R","E","T","E","?","M","E","?","R","BOSS","M","?","M","M","?","E","R","E","T","M","R","?","$","M","R","BOSS","R","$","E","BOSS"],"items_purchased_type":["Relic","Card","Relic","Card","Potion","Relic","Potion","Potion"],"build_version":"2020-12-22","purchased_purges":2,"victory":false,"max_hp_per_floor":[78,78,78,78,78,78,78,78,78,78,78,78,78,78,78,78,78,78,78,78,78,78,78,78,78,78,78,78,78,78,78,78,78,78,78,78,78,78,78,78,78,78,78,78,78,78,78,78,78,78,78,78,78,78,78,78],"relic_stats":{"counters":[31,139],"CeramicFish":189,"Eternal Feather":38,"PreservedInsect":448,"Bag of Preparation":[52],"Orichalcum":[66],"Smiling Mask":75,"Cursed Key":1,"Blood Vial":8,"Busted Crown":22,"Gambling Chip":[55],"Turnip":[2],"Chemical X":[5],"obtain_stats":[{"Potion Belt":47,"CeramicFish":10,"Eternal Feather":42,"PreservedInsect":13,"Bag of Preparation":7,"Bottled Tornado":23,"Orichalcum":30,"Smiling Mask":9,"Cursed Key":17,"Blood Vial":40,"HornCleat":27,"Busted Crown":34,"Gambling Chip":25,"Turnip":54,"Chemical X":47,"Cracked Core":0},{"Potion Belt":27,"CeramicFish":7,"Eternal Feather":26,"PreservedInsect":8,"Bag of Preparation":5,"Bottled Tornado":14,"Orichalcum":19,"Smiling Mask":6,"Cursed Key":10,"Blood Vial":25,"HornCleat":16,"Busted Crown":21,"Gambling Chip":15,"Turnip":30,"Chemical X":27,"Cracked Core":0},{"Potion Belt":115,"CeramicFish":25,"Eternal Feather":110,"PreservedInsect":28,"Bag of Preparation":18,"Bottled Tornado":56,"Orichalcum":78,"Smiling Mask":22,"Cursed Key":41,"Blood Vial":103,"HornCleat":64,"Busted Crown":90,"Gambling Chip":61,"Turnip":134,"Chemical X":115,"Cracked Core":0}]},"card_choices":[{"not_picked":["Streamline","Stack"],"picked":"Beam Cell","floor":1},{"not_picked":["Force Field","Go for the Eyes"],"picked":"Ball Lightning","floor":2},{"not_picked":["Stack","Sweeping Beam"],"picked":"Ball Lightning","floor":3},{"not_picked":["Beam Cell","Seek"],"picked":"BootSequence","floor":5},{"not_picked":["Redo","Storm","Streamline"],"picked":"SKIP","floor":7},{"not_picked":["Beam Cell","Redo"],"picked":"Sunder","floor":8},{"not_picked":["Cold Snap","Go for the Eyes"],"picked":"Core Surge","floor":10},{"not_picked":["Fusion","Cold Snap"],"picked":"Conserve Battery","floor":11},{"not_picked":["Sunder","Compile Driver"],"picked":"Self Repair","floor":14},{"not_picked":["Fission","Seek"],"picked":"Multi-Cast","floor":16},{"not_picked":["Scrape","Leap","Ball Lightning"],"picked":"SKIP","floor":18},{"not_picked":["Scrape","Leap","Ball Lightning"],"picked":"SKIP","floor":18},{"not_picked":["Melter","Ball Lightning"],"picked":"Scrape","floor":19},{"not_picked":["Coolheaded","Barrage"],"picked":"Capacitor","floor":21},{"not_picked":["Beam Cell","Multi-Cast"],"picked":"Cold Snap","floor":23},{"not_picked":["Go for the Eyes+1","Cold Snap"],"picked":"Core Surge","floor":25},{"not_picked":["Lockon","Ball Lightning"],"picked":"Gash","floor":27},{"not_picked":["Gash","Fusion"],"picked":"Consume","floor":28},{"not_picked":["Aggregate","Stack"],"picked":"Turbo","floor":29},{"not_picked":["Force Field","Recycle"],"picked":"Biased Cognition","floor":30},{"not_picked":["Heatsinks","Force Field"],"picked":"Coolheaded","floor":31},{"not_picked":["Fission","Thunder Strike"],"picked":"Electrodynamics","floor":33},{"not_picked":["Self Repair"],"picked":"SKIP","floor":35},{"not_picked":[],"picked":"Hologram","floor":37},{"not_picked":["Cold Snap"],"picked":"SKIP","floor":38},{"not_picked":["Stack"],"picked":"SKIP","floor":40},{"not_picked":[],"picked":"Multi-Cast","floor":42},{"not_picked":["Melter"],"picked":"SKIP","floor":44},{"not_picked":[],"picked":"Barrage","floor":48},{"not_picked":[],"picked":"FTL","floor":54}],"player_experience":1425244,"relics_obtained":[{"floor":7,"key":"Bag of Preparation"},{"floor":9,"key":"Smiling Mask"},{"floor":10,"key":"CeramicFish"},{"floor":23,"key":"Bottled Tornado"},{"floor":25,"key":"Gambling Chip"},{"floor":27,"key":"HornCleat"},{"floor":30,"key":"Orichalcum"},{"floor":40,"key":"Blood Vial"},{"floor":42,"key":"Eternal Feather"},{"floor":54,"key":"Turnip"}],"event_choices":[{"damage_healed":0,"gold_gain":50,"player_choice":"Pray","damage_taken":0,"max_hp_gain":0,"max_hp_loss":0,"event_name":"Golden Shrine","floor":4,"gold_loss":0},{"damage_healed":0,"gold_gain":0,"player_choice":"Simplicity","damage_taken":0,"max_hp_gain":0,"max_hp_loss":0,"event_name":"Back to Basics","floor":20,"gold_loss":0,"cards_upgraded":["Strike_B","Strike_B","Strike_B","Defend_B","Defend_B","Defend_B","Defend_B"]},{"damage_healed":0,"gold_gain":0,"player_choice":"Forge","damage_taken":0,"max_hp_gain":0,"max_hp_loss":0,"event_name":"Accursed Blacksmith","floor":22,"gold_loss":0,"cards_upgraded":["Self Repair"]},{"cards_removed":["Sunder"],"damage_healed":0,"gold_gain":0,"player_choice":"Removed Attack","damage_taken":0,"max_hp_gain":0,"max_hp_loss":0,"event_name":"Falling","floor":36,"gold_loss":0},{"damage_healed":0,"gold_gain":0,"player_choice":"Ignored","damage_taken":0,"max_hp_gain":0,"max_hp_loss":0,"event_name":"Tomb of Lord Red Mask","floor":39,"gold_loss":0},{"damage_healed":0,"gold_gain":0,"player_choice":"Memory 3","damage_taken":10,"max_hp_gain":0,"max_hp_loss":0,"event_name":"SensoryStone","floor":46,"gold_loss":0}],"is_beta":false,"boss_relics":[{"not_picked":["Astrolabe","Runic Dome"],"picked":"Cursed Key"},{"not_picked":["Calling Bell","Tiny House"],"picked":"Busted Crown"}],"items_purged_floors":[13,47],"is_endless":false,"potions_floor_spawned":[2,3,8,14,19,23,28,31,35,40,54],"killed_by":"The Heart","ascension_level":18}}