{"host":"zivz6e0vf73jivdq","time":1609166479,"event":{"mods":["ATMod(°¢èªMod)","Act Like it!","BaseMod","Friendly Minions","Gensokyo","HololiveMod","Koishi","Marisa£¨ìFÓê¡¡Ä§ÀíÉ³£©","Minty Spire (QoL Compilation)","MostiFishMod","Pale of the Ancients","Prisma Mod","Reimu£¨²©ÀöÁéÃÎ£©","Remilia£¨ÀÙÃ×ÀòÑÇ£©","Replay The Spire","RumiaBox-Â¶Ã×æ«µÄÉñÃØºÐ×Ó","StSLib","The Jungle","The Servant 0.9.4","Yakumo Yukari mod","Youmu£¨»êÆÇÑýÃÎ£©","¡¾ÒÅÎï¿¨ÅÆ¡¿REMEMod"],"gold_per_floor":[109,34,54,71,71,102,102,133,133,163,163,163,163,163,163,264,264,276,216,234,684,695,721,721,735,758,792,792,802,455,480,480,583,583,596,610,505,515,324,350,350,375,375,424,424,457,472,472,472,472,472,472,216,246,246],"floor_reached":56,"playtime":5311,"items_purged":["Strike_G","Strike_G","Defend_G","Strike_G","Defend_G"],"score":2401,"play_id":"be183fcb-f286-4e44-9b54-21c18f295a74","local_time":"20201228224119","is_ascension_mode":true,"campfire_choices":[{"data":"MostiFishMod:Neurotoxin","floor":7.0,"key":"SMITH"},{"data":"Well Laid Plans","floor":11.0,"key":"SMITH"},{"data":"Footwork","floor":15.0,"key":"SMITH"},{"data":"MostiFishMod:Listen","floor":24.0,"key":"SMITH"},{"floor":28.0,"key":"RECALL"},{"data":"Bullet Time","floor":32.0,"key":"SMITH"},{"data":"Acrobatics","floor":41.0,"key":"SMITH"},{"data":"Deflect","floor":49.0,"key":"SMITH"},{"data":"Neutralize","floor":52,"key":"SMITH"}],"circlet_count":0,"master_deck":["AscendersBane","Strike_G","Strike_G","Defend_G","Defend_G","Defend_G","Survivor","Neutralize+1","PrismaMod:IllyaInstallCaster","AT_ShrugMaster","Bouncing Flask","Well Laid Plans+1","Dagger Spray","MostiFishMod:Neurotoxin+1","Footwork+1","Backflip","MostiFishMod:Listen+1","Deflect+1","Escape Plan","Bullet Time+1","After Image","Acrobatics+1","Night Terror+1","AT_KneejerkReflex+1","Finesse","AT_ShadowStep+1","Reflex+1","After Image+1","Blur+1"],"relics":["DaveBox","REME_ComplimentaryCards","AT_ATBox","NeowsBlessing","Nloth\u0027s Gift","SynthV:TestCard","Replay:WaspNest","Turnip","ReplayTheSpireMod:Shallot","Sizzling Blood","Busted Crown","Orichalcum","Happy Flower","ImprovedEquipment","Membership Card","Kunai","ZombieArmy","Painkiller Herb","Technique","Golden Egg","Vajra","CatCart","Replay:Rubber Ducky","Counterbalance","Hololive_LightStick"],"acts_visited":["Exordium","TheCity","TheBeyond","TheEnding"],"potions_floor_usage":[55,55,55],"damage_taken":[{"damage":0.0,"enemies":"Jaw Worm","floor":1.0,"turns":1.0},{"damage":0.0,"enemies":"2 Louse","floor":3.0,"turns":1.0},{"damage":0.0,"enemies":"Small Slimes","floor":4.0,"turns":1.0},{"damage":15.0,"enemies":"Replay:BlueRogue","floor":6.0,"turns":7.0},{"damage":22.0,"enemies":"Gremlin Nob","floor":8.0,"turns":4.0},{"damage":21.0,"enemies":"3 Sentries","floor":10.0,"turns":6.0},{"damage":0.0,"enemies":"Fading Forest","floor":16.0,"turns":11.0},{"damage":3.0,"enemies":"2 Thieves","floor":18.0,"turns":3.0},{"damage":0.0,"enemies":"Chosen","floor":20.0,"turns":4.0},{"damage":6.0,"enemies":"Centurion and Healer","floor":22.0,"turns":5.0},{"damage":0.0,"enemies":"Replay:Snechameleon","floor":23.0,"turns":7.0},{"damage":0.0,"enemies":"3 Cultists","floor":25.0,"turns":3.0},{"damage":0.0,"enemies":"REME_1_Revenger","floor":27.0,"turns":5.0},{"damage":0.0,"enemies":"Chosen and Byrds","floor":29.0,"turns":3.0},{"damage":0.0,"enemies":"Gremlin Leader","floor":31.0,"turns":4.0},{"damage":0.0,"enemies":"Collector","floor":33.0,"turns":6.0},{"damage":0.0,"enemies":"Orb Walker","floor":35.0,"turns":3.0},{"damage":1.0,"enemies":"3 Shapes","floor":36.0,"turns":4.0},{"damage":0.0,"enemies":"Transient","floor":38.0,"turns":5.0},{"damage":0.0,"enemies":"Reptomancer","floor":40.0,"turns":4.0},{"damage":29.0,"enemies":"Nemesis","floor":42.0,"turns":5.0},{"damage":0.0,"enemies":"Orin","floor":44.0,"turns":5.0},{"damage":0.0,"enemies":"Giant Head","floor":46.0,"turns":6.0},{"damage":0.0,"enemies":"Jaw Worm Horde","floor":47.0,"turns":3.0},{"damage":0,"enemies":"Awakened One","floor":50,"turns":7},{"damage":0,"enemies":"Shield and Spear","floor":54,"turns":6},{"damage":0,"enemies":"The Heart","floor":55,"turns":7}],"seed_played":"3746636848131761656","potions_obtained":[{"floor":4.0,"key":"Energy Potion"},{"floor":8.0,"key":"FearPotion"},{"floor":18.0,"key":"SpeedPotion"},{"floor":22.0,"key":"Elixir"},{"floor":29.0,"key":"BlessingOfTheForge"}],"is_trial":false,"path_per_floor":["M","$","M","M","?","E","R","E","T","E","R","?","?","?","R","B",null,"M","?","M","?","M","E","R","M","T","E","R","M","$","E","R","B",null,"?","?","T","?","T","E","T","E","T","?","?","E","?","?","T","B",null,"T","T","E","B",null],"character_chosen":"THE_SILENT","items_purchased":["Membership Card","Kunai","Acrobatics","Finesse","AT_ShadowStep","Technique","Counterbalance","Blur"],"campfire_rested":0,"item_purchase_floors":[30,30,30,37,39,39,53,53],"current_hp_per_floor":[63,63,63,63,63,48,48,26,26,5,5,9,9,9,9,21,61,62,62,66,20,18,22,22,26,26,30,30,34,34,38,38,42,66,70,73,73,74,74,74,74,49,49,53,53,57,61,61,61,65,72,72,72,74,74],"gold":246,"neow_bonus":"THREE_ENEMY_KILL","is_daily":false,"chose_seed":false,"campfire_upgraded":8,"win_rate":0.0,"timestamp":1609166479,"path_taken":["M","$","M","M","?","E","R","E","T","E","R","?","?","?","R","BOSS","M","?","M","?","M","E","R","M","T","E","R","?","$","E","R","BOSS","?","?","T","?","T","E","T","E","T","?","?","E","?","?","T","BOSS","T","T","E","BOSS"],"items_purchased_type":["Relic","Relic","Card","Card","Card","Relic","Relic","Card"],"build_version":"2020-12-22","purchased_purges":5,"victory":true,"max_hp_per_floor":[70,70,70,70,70,70,70,70,70,70,70,74,74,74,74,74,74,74,74,74,74,74,74,74,74,74,74,74,74,74,74,74,74,74,74,74,74,74,74,74,74,74,74,74,74,74,74,74,74,74,74,74,74,74,74],"card_choices":[{"not_picked":["Escape Plan","AT_EssenceShift"],"picked":"Bouncing Flask","floor":1.0},{"not_picked":["Deadly Poison","Noxious Fumes","Sucker Punch","Outmaneuver"],"picked":"Well Laid Plans","floor":3.0},{"not_picked":["Dash","REME_ShadowStrike","Terror","MostiFishMod:PoisonShield"],"picked":"Dagger Spray","floor":4.0},{"not_picked":["AT_WomanClash","Outmaneuver","Backflip","MostiFishMod:Confrontation"],"picked":"MostiFishMod:Neurotoxin","floor":6.0},{"not_picked":["Sucker Punch","AT_KingSlayer","Cloak And Dagger","AT_Desolate"],"picked":"Footwork","floor":8.0},{"not_picked":["MostiFishMod:PoisonShield","Endless Agony","Replay:Poison Smokescreen","Flechettes"],"picked":"Backflip","floor":10.0},{"not_picked":["MostiFishMod:FullyArmed","Unload","Atom Bomb","AT_MyraUnstableElement"],"picked":"MostiFishMod:Listen","floor":16.0},{"not_picked":["Blade Dance+1","REME_GreenPollution+1"],"picked":"Deflect","floor":18.0},{"not_picked":["Eviscerate","Outmaneuver"],"picked":"Escape Plan","floor":20.0},{"not_picked":["MostiFishMod:PerfectParry+1","Flying Knee"],"picked":"Bullet Time","floor":22.0},{"not_picked":["Hidden Blade","Calculated Gamble"],"picked":"After Image","floor":23.0},{"not_picked":["Poisoned Stab","Backflip","MostiFishMod:PerfectParry"],"picked":"SKIP","floor":25.0},{"not_picked":["Infinite Blades","MostiFishMod:PerfectParry","Underhanded Strike+1"],"picked":"SKIP","floor":27.0},{"not_picked":["Distraction","Deflect","MostiFishMod:VineMother"],"picked":"SKIP","floor":29.0},{"not_picked":["MostiFishMod:Wind","Terror","Accuracy+1"],"picked":"SKIP","floor":31.0},{"not_picked":["MostiFishMod:GrandStart","MostiFishMod:Opportunism"],"picked":"Night Terror","floor":33.0},{"not_picked":["REME_GreenPollution","AT_Desolate"],"picked":"AT_KneejerkReflex+1","floor":35.0},{"not_picked":["Deadly Poison","Flying Knee","Caltrops"],"picked":"SKIP","floor":36.0},{"not_picked":["Quick Slash+1","Fluid Movement","Acrobatics"],"picked":"SKIP","floor":38.0},{"not_picked":["Distraction","AT_ThistleTea","Quick Slash"],"picked":"SKIP","floor":40.0},{"not_picked":["Doppelganger","Bullet Time"],"picked":"Reflex+1","floor":42.0},{"not_picked":["ReplayTheSpireMod:From All Sides","Dagger Spray","MostiFishMod:Listen"],"picked":"SKIP","floor":46.0},{"not_picked":["Slice+1","ReplayTheSpireMod:Scrap Shanks+1","REME_GreenPollution+1"],"picked":"SKIP","floor":47.0},{"not_picked":["Slice","Bullet Time","AT_KingSlayer"],"picked":"SKIP","floor":54}],"player_experience":762619,"relics_obtained":[{"floor":1.0,"key":"SynthV:TestCard"},{"floor":6.0,"key":"Replay:WaspNest"},{"floor":8.0,"key":"Turnip"},{"floor":9.0,"key":"ReplayTheSpireMod:Shallot"},{"floor":23.0,"key":"Orichalcum"},{"floor":26.0,"key":"Happy Flower"},{"floor":27.0,"key":"ImprovedEquipment"},{"floor":31.0,"key":"ZombieArmy"},{"floor":40.0,"key":"Golden Egg"},{"floor":42.0,"key":"Vajra"},{"floor":44.0,"key":"CatCart"},{"floor":46.0,"key":"Replay:Rubber Ducky"},{"floor":54,"key":"Hololive_LightStick"}],"event_choices":[{"damage_healed":0.0,"max_hp_gain":0.0,"max_hp_loss":0.0,"gold_gain":0.0,"event_name":"Liars Game","player_choice":"Ignored","floor":5.0,"gold_loss":0.0,"damage_taken":0.0},{"damage_healed":0.0,"max_hp_gain":0.0,"max_hp_loss":0.0,"gold_gain":0.0,"event_name":"Scrap Ooze","player_choice":"Fled","floor":14.0,"gold_loss":0.0,"damage_taken":0.0},{"damage_healed":0.0,"max_hp_gain":0.0,"max_hp_loss":0.0,"gold_gain":450.0,"event_name":"Knowing Skull","player_choice":"GOLD GOLD GOLD GOLD GOLD ","floor":21.0,"potions_obtained":[],"gold_loss":0.0,"damage_taken":46.0,"cards_obtained":[]},{"damage_healed":0.0,"max_hp_gain":0.0,"max_hp_loss":0.0,"gold_gain":0.0,"event_name":"OrinTheCat","player_choice":"Fight","floor":44.0,"gold_loss":0.0,"damage_taken":0.0},{"damage_healed":0.0,"max_hp_gain":0.0,"max_hp_loss":0.0,"gold_gain":0.0,"event_name":"SensoryStone","player_choice":"Memory 1","floor":45.0,"gold_loss":0.0,"damage_taken":0.0},{"damage_healed":0.0,"max_hp_gain":0.0,"max_hp_loss":0.0,"gold_gain":0.0,"event_name":"Duplicator","player_choice":"Copied","floor":48.0,"gold_loss":0.0,"damage_taken":0.0,"cards_obtained":["After Image"]}],"is_beta":false,"boss_relics":[{"not_picked":["Replay:Wanted Poster","Hololive_ChaosS"],"picked":"Busted Crown"},{"not_picked":["REME_ChargedStone","Transparent"],"picked":"Painkiller Herb"}],"items_purged_floors":[2,30,37,39,53],"is_endless":false,"potions_floor_spawned":[4,8,18,22,29,31,33,36,42,47],"ascension_level":10}}