{"host":"vjj2i76wt8hkzmo0","time":1609122824,"event":{"mods":["Aspiration","BaseMod","Better Third Choice","Curses Come First","Downfall","Hermit","Minty Spire (QoL Compilation)","Quick Restart","StSLib"],"gold_per_floor":[99,109,172,472,203,236,236,250,250,263,113,195,206,217,230,331,331,106,122,137,150,150,150,150,150,182,182,201,235,251,296,314,416,416,416,428,428,446,463,477,477,489,489,489,489,516,516,531,546,546],"floor_reached":51,"playtime":5970,"items_purged":["Slimebound:Icky","Slimebound:Icky"],"score":780,"play_id":"de79a049-af52-4750-9ed2-e6cfcf499983","local_time":"20201227203344","is_ascension_mode":false,"campfire_choices":[{"floor":1.0,"key":"RECALL"},{"data":"sneckomod:UnknownRareAttack","floor":18.0,"key":"SMITH"},{"floor":25.0,"key":"REST"},{"data":"sneckomod:Unknown3Cost","floor":35.0,"key":"SMITH"},{"floor":47,"key":"REST"}],"circlet_count":0,"master_deck":["sneckomod:Strike+1","sneckomod:Strike+1","sneckomod:Strike+1","sneckomod:Defend+1","sneckomod:Defend+1","sneckomod:Defend+1","sneckomod:TailWhip+1","sneckomod:SnekBite+1","sneckomod:Unknown+1","sneckomod:Unknown+1","sneckomod:Unknown3Cost+1","sneckomod:IronFang+1","sneckomod:QuickBite+1","sneckomod:UnknownStrike+1","sneckomod:SoulDraw+1","sneckomod:IronFang+1","sneckomod:TrashToTreasure+1","sneckomod:WideSting+1","sneckomod:UnknownCommonSkill+1","sneckomod:UnknownClassDEFAULT_GRAY_COLOR+1","sneckomod:UnknownVulnerable+1","sneckomod:SoulCleanse+1","sneckomod:DefensiveFlair+1","sneckomod:UnknownRareAttack+1","CurseOfTheBell","sneckomod:UnknownCommonSkill+1","sneckomod:UnknownVulnerable+1","sneckomod:UnknownBlock+1","sneckomod:UnknownUncommonAttack+1","sneckomod:QuickMove+1","sneckomod:SerpentIdol+1","Flying Knee+1","Slimebound:Equalize+1","Cold Snap+1","Unload+1","expansioncontent:ManipulateTime+1","sneckomod:UnknownBlock+1","Predator+1","Guardian:Gem_Lightblue","FollowUp+1","expansioncontent:PolyBeam+1","expansioncontent:Hexaburn+1","Guardian:Gem_Red"],"relics":["sneckomod:SneckoSoul","Matryoshka","Happy Flower","FossilizedHelix","Question Card","Shuriken","Toxic Egg 2","Calling Bell","Vajra","Pear","Pocketwatch","aspiration:RitualStick","Molten Egg 2","Lizard Tail","PrismaticShard","Bag of Marbles","Black Star","StoneCalendar","Bronze Scales","Potion Belt"],"acts_visited":["TheCity","TheBeyond"],"potions_floor_usage":[50,50,50,50],"damage_taken":[{"damage":0.0,"enemies":"2 Louse","floor":2.0,"turns":3.0},{"damage":21.0,"enemies":"Lagavulin Event","floor":3.0,"turns":6.0},{"damage":5.0,"enemies":"downfall:FleeingMerchant","floor":5.0,"turns":4.0},{"damage":13.0,"enemies":"Gremlin Nob","floor":6.0,"turns":4.0},{"damage":0.0,"enemies":"Jaw Worm","floor":8.0,"turns":3.0},{"damage":0.0,"enemies":"Cultist","floor":10.0,"turns":3.0},{"damage":0.0,"enemies":"downfall:FleeingMerchant","floor":11.0,"turns":4.0},{"damage":0.0,"enemies":"3 Louse","floor":13.0,"turns":2.0},{"damage":0.0,"enemies":"2 Fungi Beasts","floor":14.0,"turns":2.0},{"damage":4.0,"enemies":"Large Slime","floor":15.0,"turns":3.0},{"damage":34.0,"enemies":"downfall:Watcher","floor":16.0,"turns":9.0},{"damage":12.0,"enemies":"Spheric Guardian","floor":19.0,"turns":5.0},{"damage":14.0,"enemies":"3 Byrds","floor":20.0,"turns":6.0},{"damage":44.0,"enemies":"Sentry and Sphere","floor":21.0,"turns":8.0},{"damage":46.0,"enemies":"Slavers","floor":26.0,"turns":4.0},{"damage":19.0,"enemies":"Snake Plant","floor":28.0,"turns":4.0},{"damage":15.0,"enemies":"3 Cultists","floor":29.0,"turns":6.0},{"damage":4.0,"enemies":"Centurion and Healer","floor":30.0,"turns":5.0},{"damage":0.0,"enemies":"Cultist and Chosen","floor":32.0,"turns":5.0},{"damage":52.0,"enemies":"downfall:Ironclad","floor":33.0,"turns":6.0},{"damage":20.0,"enemies":"3 Darklings","floor":36.0,"turns":5.0},{"damage":0.0,"enemies":"Orb Walker","floor":38.0,"turns":2.0},{"damage":0.0,"enemies":"Spire Growth","floor":39.0,"turns":3.0},{"damage":10.0,"enemies":"3 Darklings","floor":40.0,"turns":6.0},{"damage":52.0,"enemies":"Transient","floor":42.0,"turns":5.0},{"damage":44,"enemies":"Nemesis","floor":46,"turns":7},{"damage":6,"enemies":"Maw","floor":48,"turns":6},{"damage":52,"enemies":"4 Shapes","floor":49,"turns":3},{"damage":28,"enemies":"downfall:Defect","floor":50,"turns":5}],"seed_played":"9135084439569712621","potions_obtained":[{"floor":3.0,"key":"Weak Potion"},{"floor":6.0,"key":"DuplicationPotion"},{"floor":13.0,"key":"Weak Potion"},{"floor":15.0,"key":"Swift Potion"},{"floor":19.0,"key":"DuplicationPotion"},{"floor":29.0,"key":"sneckomod:DiceRollPotion"},{"floor":30.0,"key":"Energy Potion"},{"floor":40.0,"key":"hexamod:EctoCoolerPotion"},{"floor":48,"key":"PowerPotion"},{"floor":49,"key":"sneckomod:DiceRollPotion"}],"is_trial":false,"path_per_floor":["R","M","?","?","$","E","T","M","?","M","$","T","M","M","M","B",null,"R","M","M","M","?","?","T","R","E","?","M","M","M","T","M","B",null,"R","M","?","M","M","M","T","M","?","?","?","E","R","M","M","B",null],"character_chosen":"THE_SNECKO","items_purchased":["Happy Flower","sneckomod:SoulDraw","sneckomod:UnknownClassDEFAULT_GRAY_COLOR"],"campfire_rested":2,"item_purchase_floors":[5,5,11],"current_hp_per_floor":[91,91,70,70,66,53,53,53,83,83,85,85,86,86,86,53,106,116,105,92,53,29,29,29,64,19,11,55,72,72,72,72,24,120,120,104,105,105,109,103,103,55,67,67,67,43,79,73,40,12],"gold":546,"neow_bonus":"ONE_RANDOM_RARE_CARD","is_daily":false,"chose_seed":false,"campfire_upgraded":2,"win_rate":0.0,"timestamp":1609122824,"path_taken":["R","M","?","?","$","E","T","M","?","M","?","?","M","?","M","BOSS","R","M","?","M","?","?","T","R","E","?","M","M","M","?","M","BOSS","R","M","?","M","?","M","T","M","?","?","?","E","R","M","M","BOSS"],"items_purchased_type":["Relic","Card","Card"],"build_version":"2020-12-22","purchased_purges":2,"victory":true,"max_hp_per_floor":[91,91,91,91,92,92,92,92,92,92,94,94,95,95,95,96,106,116,117,118,119,119,119,119,119,120,120,120,120,120,120,120,120,120,120,120,121,121,121,121,121,121,121,121,121,121,121,121,121,121],"card_choices":[{"not_picked":["sneckomod:UnknownWeak","sneckomod:UnknownClassBLUE"],"picked":"sneckomod:IronFang","floor":2.0},{"not_picked":["sneckomod:UnknownWeak","sneckomod:DiceBlock"],"picked":"sneckomod:QuickBite","floor":3.0},{"not_picked":["sneckomod:UnknownUncommonSkill","sneckomod:QuickBite"],"picked":"sneckomod:UnknownStrike","floor":5.0},{"not_picked":["sneckomod:QuickBite","sneckomod:QuickMove"],"picked":"sneckomod:IronFang","floor":6.0},{"not_picked":["sneckomod:UnknownClassRED","sneckomod:UnknownExhaust","sneckomod:UnknownUncommonPower"],"picked":"sneckomod:TrashToTreasure","floor":8.0},{"not_picked":["sneckomod:Nope","sneckomod:UnknownCommonAttack","sneckomod:SlitherStrike"],"picked":"sneckomod:WideSting","floor":10.0},{"not_picked":["sneckomod:UnknownVulnerable","sneckomod:IronFang","sneckomod:SoulDraw"],"picked":"sneckomod:UnknownCommonSkill","floor":11.0},{"not_picked":["sneckomod:IronFang","sneckomod:UnknownUncommonAttack","sneckomod:SoulDraw+1"],"picked":"sneckomod:UnknownVulnerable+1","floor":13.0},{"not_picked":["sneckomod:QuickBite","sneckomod:UnknownCommonAttack","sneckomod:UnknownRarePower"],"picked":"sneckomod:SoulCleanse+1","floor":14.0},{"not_picked":["sneckomod:DiceCrush","sneckomod:WideSting","sneckomod:ImprovisedAttack"],"picked":"sneckomod:DefensiveFlair+1","floor":15.0},{"not_picked":["sneckomod:Mudshield","sneckomod:UnknownRareSkill+1","sneckomod:DangerNoodle"],"picked":"sneckomod:UnknownRareAttack","floor":16.0},{"not_picked":["sneckomod:WideSting","sneckomod:DiceCrush","sneckomod:UnknownBlock+1"],"picked":"sneckomod:UnknownCommonSkill+1","floor":19.0},{"not_picked":["sneckomod:UnlimitedRolls","sneckomod:RainOfDice+1","sneckomod:UnknownExhaust+1"],"picked":"sneckomod:UnknownVulnerable+1","floor":20.0},{"not_picked":["sneckomod:QuickMove+1","sneckomod:RainOfDice","sneckomod:UnknownCommonAttack+1"],"picked":"sneckomod:UnknownBlock+1","floor":21.0},{"not_picked":["sneckomod:UnlimitedRolls","sneckomod:UnknownStrike+1","sneckomod:UnknownCommonAttack+1"],"picked":"sneckomod:UnknownUncommonAttack+1","floor":26.0},{"not_picked":["sneckomod:SoulRoll+1","sneckomod:DiceCrush+1","sneckomod:WideSting+1"],"picked":"sneckomod:QuickMove+1","floor":27.0},{"not_picked":["hermit:HoleUp+1","sneckomod:RainOfDice+1","Evaluate+1"],"picked":"sneckomod:SerpentIdol+1","floor":28.0},{"not_picked":["expansioncontent:Chronoboost","champ:GladiatorsShout+1","Doom and Gloom+1"],"picked":"Flying Knee+1","floor":29.0},{"not_picked":["Loop","Guardian:Orbwalk","Guardian:SpikerProtocol"],"picked":"Slimebound:Equalize+1","floor":30.0},{"not_picked":["Steam Power+1","Slimebound:ViciousTackle+1","EmptyBody+1"],"picked":"Cold Snap+1","floor":32.0},{"not_picked":["Wraith Form v2","expansioncontent:Corrupt+1","champ:LastStand"],"picked":"Unload+1","floor":33.0},{"not_picked":["Slimebound:ItLooksTasty+1","hexamod:HauntingEcho+1","hermit:TrackingShot+1"],"picked":"expansioncontent:ManipulateTime+1","floor":36.0},{"not_picked":["Flex+1","hermit:Headshot+1","Body Slam+1"],"picked":"Predator+1","floor":38.0},{"not_picked":["Guardian:Gem_Cyan","champ:RisingSlash+1","Slimebound:FormOfPuddle+1"],"picked":"Guardian:Gem_Lightblue","floor":39.0},{"not_picked":["ClearTheMind+1","Well Laid Plans","hexamod:RainOfEmbers+1"],"picked":"sneckomod:QuickBite+1","floor":40.0},{"not_picked":["champ:PerfectedStrike+1","Slimebound:SplitBruiser+1","Dagger Throw+1"],"picked":"FollowUp+1","floor":42.0},{"not_picked":["Dodge and Roll+1","Dagger Throw+1","Slimebound:RallyTheTroops+1"],"picked":"expansioncontent:PolyBeam+1","floor":46},{"not_picked":["Armaments+1","hexamod:Firestarter+1","sneckomod:UnknownClassDEFAULT_GRAY_COLOR+1"],"picked":"expansioncontent:Hexaburn+1","floor":48},{"not_picked":["hexamod:DynamicBlow+1","aspiration:Polymerization+1","Slimebound:SplitBruiser+1"],"picked":"Guardian:Gem_Red","floor":49}],"player_experience":16118,"relics_obtained":[{"floor":3.0,"key":"Matryoshka"},{"floor":6.0,"key":"FossilizedHelix"},{"floor":7.0,"key":"Question Card"},{"floor":12.0,"key":"Shuriken"},{"floor":12.0,"key":"Toxic Egg 2"},{"floor":17.0,"key":"Vajra"},{"floor":17.0,"key":"Pear"},{"floor":17.0,"key":"Pocketwatch"},{"floor":24.0,"key":"Molten Egg 2"},{"floor":26.0,"key":"Lizard Tail"},{"floor":27.0,"key":"PrismaticShard"},{"floor":31.0,"key":"Bag of Marbles"},{"floor":41.0,"key":"StoneCalendar"},{"floor":46,"key":"Bronze Scales"},{"floor":46,"key":"Potion Belt"}],"event_choices":[{"damage_healed":30.0,"max_hp_gain":0.0,"max_hp_loss":0.0,"gold_gain":0.0,"event_name":"Big Fish","player_choice":"Banana","floor":9.0,"gold_loss":0.0,"damage_taken":0.0},{"damage_healed":0.0,"max_hp_gain":0.0,"max_hp_loss":0.0,"gold_gain":0.0,"event_name":"Vampires","player_choice":"Ignored","floor":23.0,"gold_loss":0.0,"damage_taken":0.0},{"cards_removed":["sneckomod:QuickBite"],"damage_healed":0,"gold_gain":0,"player_choice":"Removed Attack","damage_taken":0,"max_hp_gain":0,"max_hp_loss":0,"event_name":"Falling","floor":45,"gold_loss":0}],"is_beta":false,"boss_relics":[{"not_picked":["Philosopher\u0027s Stone","Sozu"],"picked":"Calling Bell"},{"not_picked":["Velvet Choker","Snecko Eye"],"picked":"Black Star"}],"items_purged_floors":[5,11],"is_endless":false,"potions_floor_spawned":[3,6,13,15,19,28,29,30,32,36,40,42,48,49],"ascension_level":0}}