{"host":"hi7fki77kkmhrce8","time":1609192008,"event":{"mods":["AchievementEnabler","Act Like it!","BaseMod","Beaked The Cultist","Colored Map","Colored Powertips","Downfall","Halation","Jedi Mod","Mad Scientist","Minty Spire (QoL Compilation)","Relic Stats","Replay The Spire","StSLib","SuperFastMode","The Construct","The Hierophant","The Servant 0.9.4"],"gold_per_floor":[99,115,126,145,145,145,170,170,181,193,193,218,237,261,279,376,376,376,388,402,420,66,66,66,84,96,96,108,124,136,136,151,252,252,177,189,208,222,222,255,304,324,335,369,385,73,73,8,20,20,20,20],"floor_reached":50,"playtime":10159,"items_purged":["Guardian:Defend_Guardian","Guardian:Defend_Guardian","Guardian:Clone"],"score":541,"play_id":"24a4b668-7eaf-40d8-98d8-084f39d356dd","local_time":"20201228164648","is_ascension_mode":false,"campfire_choices":[{"data":"Guardian:CurlUp","floor":1,"key":"SMITH"},{"data":"Regret","floor":6,"key":"SMITH"},{"data":"Regret","floor":11,"key":"SMITH"},{"data":"Guardian:ShieldSpikes","floor":23,"key":"SMITH"},{"floor":35,"key":"RECALL"},{"floor":47,"key":"REST"}],"circlet_count":0,"master_deck":["Guardian:Strike_Guardian+1","Guardian:Strike_Guardian+1","Guardian:Strike_Guardian+1","Guardian:Defend_Guardian+1","Guardian:CurlUp+1","Guardian:TwinSlam","Guardian:RollAttack","Guardian:EvasiveProtocol","Guardian:ShieldSpikes","Guardian:ShieldCharger","Guardian:GemFinder","CurseOfTheBell","Guardian:RollAttack","Guardian:Suspension+1","Guardian:TemporalStrike+1","Guardian:RollAttack","Guardian:CrystalBeam","Guardian:SphericShield","Guardian:ShieldSpikes+1","expansioncontent:Chronoboost","Guardian:VentSteam","Guardian:PrismaticBarrier","ReplayTheSpireMod:Trickstab","Guardian:PrimingBeam","Guardian:Gem_Red","Guardian:Gem_Red","Guardian:DecasProtection","Guardian:SphericShield","Guardian:PiercingHide+1","Guardian:ExploitGems","Guardian:Suspension+1","Guardian:Clone+1","Guardian:SpikerProtocol"],"relics":["Guardian:ModeShifter","halation:PrussianBluePaint","Bronze Scales","Regal Pillow","ReplayTheSpireMod:Lightbulb","Calling Bell","Potion Belt","Mummified Hand","jedi:gremlinknob","Vajra","BargainBundle","halation:EternalFortune","Guardian:StasisSlotReductionRelic","downfall:HeartBlessingBlue","jedi:angrymask","Smiling Mask","White Beast Statue","Pantograph"],"acts_visited":["Exordium","TheCity","TheBeyond"],"potions_floor_usage":[10,12,16,26,30,33,33,33,33,40,43,46,48,50,50,50],"damage_taken":[{"damage":0,"enemies":"2 Louse","floor":2,"turns":4},{"damage":2,"enemies":"Jaw Worm","floor":3,"turns":4},{"damage":4,"enemies":"Cultist","floor":4,"turns":3},{"damage":2,"enemies":"Blue Slaver","floor":9,"turns":3},{"damage":5,"enemies":"Large Slime","floor":10,"turns":6},{"damage":12,"enemies":"Gremlin Nob","floor":12,"turns":4},{"damage":0,"enemies":"Exordium Wildlife","floor":13,"turns":2},{"damage":0,"enemies":"Lots of Slimes","floor":15,"turns":4},{"damage":40,"enemies":"downfall:Watcher","floor":16,"turns":16},{"damage":0,"enemies":"3 Byrds","floor":19,"turns":2},{"damage":18,"enemies":"Spheric Guardian","floor":20,"turns":5},{"damage":7,"enemies":"3 Cultists","floor":21,"turns":5},{"damage":5,"enemies":"downfall:FleeingMerchant","floor":22,"turns":4},{"damage":4,"enemies":"Snake Plant","floor":25,"turns":4},{"damage":0,"enemies":"Centurion and Healer","floor":26,"turns":7},{"damage":0,"enemies":"Snecko","floor":28,"turns":4},{"damage":30,"enemies":"Sentry and Sphere","floor":29,"turns":7},{"damage":4,"enemies":"Chosen and Byrds","floor":30,"turns":4},{"damage":14,"enemies":"Centurion and Healer","floor":32,"turns":6},{"damage":2,"enemies":"downfall:Defect","floor":33,"turns":9},{"damage":0,"enemies":"Orb Walker","floor":36,"turns":3},{"damage":11,"enemies":"3 Shapes","floor":37,"turns":6},{"damage":20,"enemies":"Spire Growth","floor":38,"turns":6},{"damage":26,"enemies":"Reptomancer","floor":40,"turns":8},{"damage":0,"enemies":"4 Shapes","floor":42,"turns":3},{"damage":0,"enemies":"Transient","floor":43,"turns":5},{"damage":10,"enemies":"Nemesis","floor":44,"turns":7},{"damage":19,"enemies":"3 Darklings","floor":45,"turns":7},{"damage":0,"enemies":"downfall:FleeingMerchant","floor":46,"turns":4},{"damage":0,"enemies":"downfall:FleeingMerchant","floor":48,"turns":4},{"damage":16,"enemies":"Jaw Worm Horde","floor":49,"turns":5},{"damage":79,"enemies":"downfall:Ironclad","floor":50,"turns":14}],"seed_played":"-3233467281046586706","potions_obtained":[{"floor":4,"key":"FearPotion"},{"floor":9,"key":"LifebloodPotion"},{"floor":10,"key":"Block Potion"},{"floor":26,"key":"Weak Potion"},{"floor":28,"key":"EssenceOfSteel"},{"floor":29,"key":"Adrenaline Potion"},{"floor":32,"key":"Venom Potion"},{"floor":37,"key":"DistilledChaos"},{"floor":40,"key":"Strength Potion"},{"floor":42,"key":"Weak Potion"},{"floor":44,"key":"Guardian:DefensiveModePotion"},{"floor":45,"key":"Adrenaline Potion"},{"floor":46,"key":"sneckomod:MuddlingPotion"},{"floor":48,"key":"jedi:mysterypotion"},{"floor":49,"key":"jedi:wingpotion"}],"is_trial":false,"path_per_floor":["R","M","M","M","?","R","T","?","M","M","R","E","M","T","M","B",null,"R_BF","M","M","M","$","R","T","M","M","?","M","M","M","?","M","B",null,"R","M","M","M","?","E","T","M","M","E","M","$","R","$","M","B"],"character_chosen":"GUARDIAN","items_purchased":["Vajra","BargainBundle","Guardian:CrystalBeam","Guardian:SphericShield","Guardian:ShieldSpikes","Guardian:DefensiveModePotion","Block Potion","Elixir","expansioncontent:Chronoboost","Pantograph"],"campfire_rested":1,"item_purchase_floors":[22,22,22,22,22,22,22,22,22,46],"current_hp_per_floor":[88,88,86,82,82,82,82,82,80,75,75,63,63,63,63,23,88,88,88,70,63,58,58,58,54,54,54,54,24,20,23,9,7,91,101,101,93,76,76,50,50,50,50,40,21,21,68,68,52,0,0,0],"gold":20,"neow_bonus":"TEN_PERCENT_HP_BONUS","is_daily":false,"chose_seed":false,"campfire_upgraded":4,"win_rate":0.0,"timestamp":1609192008,"path_taken":["R","M","M","M","?","R","T","?","M","M","R","E","M","?","M","BOSS","R_BF","M","M","M","$","R","T","M","M","?","M","?","M","?","M","BOSS","R","M","M","M","?","E","T","M","M","E","M","$","R","$","M","BOSS"],"items_purchased_type":["Relic","Relic","Card","Card","Card","Potion","Potion","Potion","Card","Relic"],"build_version":"2020-12-22","purchased_purges":3,"victory":false,"max_hp_per_floor":[88,88,88,88,88,88,88,88,88,88,88,88,88,88,88,88,88,88,88,88,88,88,88,88,88,88,88,88,88,88,91,91,91,91,101,101,104,107,107,107,107,107,107,107,107,107,107,107,107,107,107,107],"relic_stats":{"Regal Pillow":15,"counters":[32,175],"Mummified Hand":[67],"Bronze Scales":[423],"Pantograph":25,"Smiling Mask":125,"obtain_stats":[{"Potion Belt":17,"jedi:angrymask":40,"Regal Pillow":12,"BargainBundle":22,"Guardian:StasisSlotReductionRelic":34,"Guardian:ModeShifter":0,"jedi:gremlinknob":17,"Vajra":22,"Smiling Mask":41,"White Beast Statue":44,"Calling Bell":17,"halation:PrussianBluePaint":5,"Mummified Hand":17,"downfall:HeartBlessingBlue":35,"Bronze Scales":7,"Pantograph":46,"halation:EternalFortune":31,"ReplayTheSpireMod:Lightbulb":14},{"Potion Belt":9,"jedi:angrymask":24,"Regal Pillow":6,"BargainBundle":13,"Guardian:StasisSlotReductionRelic":20,"Guardian:ModeShifter":0,"jedi:gremlinknob":9,"Vajra":13,"Smiling Mask":24,"White Beast Statue":27,"Calling Bell":9,"halation:PrussianBluePaint":3,"Mummified Hand":9,"downfall:HeartBlessingBlue":20,"Bronze Scales":3,"Pantograph":29,"halation:EternalFortune":18,"ReplayTheSpireMod:Lightbulb":7},{"Potion Belt":46,"jedi:angrymask":126,"Regal Pillow":24,"BargainBundle":62,"Guardian:StasisSlotReductionRelic":103,"Guardian:ModeShifter":0,"jedi:gremlinknob":46,"Vajra":62,"Smiling Mask":126,"White Beast Statue":141,"Calling Bell":46,"halation:PrussianBluePaint":11,"Mummified Hand":46,"downfall:HeartBlessingBlue":103,"Bronze Scales":11,"Pantograph":152,"halation:EternalFortune":88,"ReplayTheSpireMod:Lightbulb":26}]},"card_choices":[{"not_picked":["Guardian:PiercingHide","Guardian:Gem_Yellow"],"picked":"Guardian:Clone","floor":2},{"not_picked":["Guardian:Planning","Guardian:PrismaticBarrier"],"picked":"Guardian:RollAttack","floor":3},{"not_picked":["Guardian:PiercingHide","Guardian:VentSteam"],"picked":"Guardian:Gem_Cyan","floor":4},{"not_picked":["Guardian:Repulse","Guardian:TemporalStrike"],"picked":"Guardian:EvasiveProtocol","floor":9},{"not_picked":["Guardian:RollAttack","Guardian:WalkerClaw"],"picked":"Guardian:Gem_Green","floor":10},{"not_picked":["Guardian:PrimingBeam","Guardian:ShieldCharger"],"picked":"Guardian:ShieldSpikes","floor":12},{"not_picked":["Guardian:Gem_Green","Guardian:CrystalBeam"],"picked":"Guardian:Gem_Crimson","floor":13},{"not_picked":["Guardian:FastForward","Guardian:PolyBeam"],"picked":"Guardian:ShieldCharger","floor":15},{"not_picked":["Guardian:HyperBeam_Guardian","Guardian:BaubleBeam"],"picked":"Guardian:GemFinder","floor":16},{"not_picked":["Guardian:Gem_Red","Guardian:Gem_Green"],"picked":"Guardian:Gem_Lightblue","floor":19},{"not_picked":["Guardian:Preprogram","Guardian:ShieldCharger"],"picked":"Guardian:Suspension+1","floor":19},{"not_picked":["Guardian:Gem_Cyan","Guardian:Gem_Lightblue"],"picked":"Guardian:Gem_Green","floor":20},{"not_picked":["Guardian:Preprogram","Guardian:Orbwalk+1"],"picked":"Guardian:TemporalStrike+1","floor":20},{"not_picked":["Guardian:Gem_Cyan","Guardian:Gem_Red"],"picked":"Guardian:Gem_Green","floor":21},{"not_picked":["Guardian:TemporalShield","Guardian:FloatingOrbs+1"],"picked":"Guardian:Gem_Blue","floor":21},{"not_picked":["Guardian:Suspension","Guardian:Incinerate"],"picked":"Guardian:RollAttack","floor":22},{"not_picked":["Guardian:TimeBomb","Guardian:WalkerClaw"],"picked":"Guardian:VentSteam","floor":25},{"not_picked":["Guardian:Gem_Green","Guardian:Gem_Lightblue"],"picked":"Guardian:Gem_Cyan","floor":26},{"not_picked":["Guardian:Orbwalk","Guardian:Suspension"],"picked":"Guardian:Gem_Orange","floor":26},{"not_picked":["Guardian:Gem_Cyan","Guardian:Gem_Lightblue"],"picked":"Guardian:Gem_Red","floor":28},{"not_picked":["Guardian:Suspension","Guardian:Gem_Lightblue"],"picked":"Guardian:Gem_Purple","floor":28},{"not_picked":["Guardian:Gem_Green","Guardian:Gem_Cyan"],"picked":"Guardian:Gem_Red","floor":29},{"not_picked":["Guardian:TemporalShield","Guardian:Reroute"],"picked":"Guardian:Gem_Yellow","floor":29},{"not_picked":["Guardian:Gem_Green","Guardian:Gem_Red"],"picked":"Guardian:Gem_Lightblue","floor":30},{"not_picked":["Guardian:GuardianWhirl","Guardian:CrystalBeam"],"picked":"Guardian:DecasProtection","floor":30},{"not_picked":["Guardian:FastForward","Guardian:Repulse+1"],"picked":"Guardian:Gem_Purple","floor":32},{"not_picked":["Guardian:Gem_Green","Guardian:Gem_Red"],"picked":"Guardian:Gem_Cyan","floor":33},{"not_picked":["Guardian:FastForward","Guardian:CompilePackage"],"picked":"Guardian:Gem_Synthetic","floor":33},{"not_picked":["Guardian:Planning","Guardian:RefractedBeam+1","Guardian:TemporalShield"],"picked":"SKIP","floor":36},{"not_picked":["Guardian:Gem_Purple","Guardian:Reroute","Guardian:Clone"],"picked":"SKIP","floor":37},{"not_picked":["Guardian:Orbwalk+1","Guardian:RefractedBeam+1"],"picked":"Guardian:SphericShield","floor":38},{"not_picked":["Guardian:ShieldCharger","Guardian:HyperBeam_Guardian","Guardian:Suspension+1"],"picked":"SKIP","floor":40},{"not_picked":["Guardian:RefractedBeam","Guardian:ShieldCharger"],"picked":"Guardian:Gem_Green","floor":42},{"not_picked":["Guardian:Gem_Lightblue","Guardian:TemporalShield+1"],"picked":"Guardian:PiercingHide+1","floor":43},{"not_picked":["Guardian:Recover","Guardian:Gem_White"],"picked":"Guardian:Gem_Fragmented","floor":44},{"not_picked":["Guardian:ArmoredProtocol","Guardian:SentryBeam"],"picked":"Guardian:ExploitGems","floor":45},{"not_picked":["Guardian:TimeCapacitor+1","Guardian:CrystalBeam"],"picked":"Guardian:Suspension+1","floor":46},{"not_picked":["Guardian:Gem_Green","Guardian:Planning+1"],"picked":"Guardian:Clone+1","floor":48},{"not_picked":["Guardian:ChargeCore","Guardian:Suspension"],"picked":"Guardian:SpikerProtocol","floor":49}],"player_experience":130021,"relics_obtained":[{"floor":7,"key":"Bronze Scales"},{"floor":12,"key":"Regal Pillow"},{"floor":14,"key":"ReplayTheSpireMod:Lightbulb"},{"floor":17,"key":"Potion Belt"},{"floor":17,"key":"Mummified Hand"},{"floor":17,"key":"jedi:gremlinknob"},{"floor":37,"key":"halation:EternalFortune"},{"floor":38,"key":"halation:EternalFortune"},{"floor":40,"key":"jedi:angrymask"},{"floor":41,"key":"Smiling Mask"},{"floor":44,"key":"White Beast Statue"}],"event_choices":[{"damage_healed":0,"gold_gain":0,"player_choice":"Box","damage_taken":0,"relics_obtained":["halation:PrussianBluePaint"],"max_hp_gain":0,"max_hp_loss":0,"event_name":"Big Fish","floor":5,"gold_loss":0,"cards_obtained":["Regret"]},{"cards_removed":["Guardian:Defend_Guardian"],"damage_healed":0,"gold_gain":0,"player_choice":"Removed Skill","damage_taken":0,"max_hp_gain":0,"max_hp_loss":0,"event_name":"Falling","floor":39,"gold_loss":0}],"is_beta":false,"boss_relics":[{"not_picked":["construct:ClawGrip","Replay:Drink Me"],"picked":"Calling Bell"},{"not_picked":["Cursed Key","Abe\u0027s Treasure"],"picked":"Guardian:StasisSlotReductionRelic"}],"items_purged_floors":[22,46,48],"is_endless":false,"potions_floor_spawned":[4,9,10,26,28,29,32,37,40,42,44,45,46,48,49],"killed_by":"downfall:Ironclad","ascension_level":0}}