{"host":"u9xtr94typ21duox","time":1609125982,"event":{"mods":["BaseMod","Key Reminder","KinomotoSakuraMod(木之本樱)","LagranYue(拉格朗・月)","Marisa（F雨　魔理沙）","Minty Spire (QoL Compilation)","Reimu（博丽灵梦）","Remilia（蕾米莉亚）","Replay The Spire","StSLib","Td1madao Mod","The Administrix","The Bladedancer","The Bug Knight","The Construct","The Cursed","The Gatherer","The Runesmith","The Servant 0.9.4","WarShipGirlsR/战舰少女R mod","Youmu（魂魄妖梦）","vexMod"],"gold_per_floor":[116,133,133,133,133,133,167,167,193,207,235,88,88,10,10,130,130,170,170,200,200,114,114,149,182,231,266,284,8,55,55,55,202,202,227,77,77,110,138,198,234,310,333,388,436,140,182,212,212,220,220],"floor_reached":50,"playtime":1630,"items_purged":["Defend_MRS","Lust_TH","Pain","Sickly"],"score":798,"play_id":"a73c2f08-5750-4a93-ad65-c9d67765a771","local_time":"20201228112622","is_ascension_mode":true,"campfire_choices":[{"data":"UpSweep","floor":6,"key":"SMITH"},{"data":"1","floor":8,"key":"LIFT"},{"data":"2","floor":13,"key":"LIFT"},{"data":"3","floor":15,"key":"LIFT"},{"data":"UltimateShortwave","floor":23,"key":"SMITH"},{"floor":32,"key":"REST"},{"floor":49,"key":"RECALL"}],"circlet_count":0,"master_deck":["Strike_MRS","Strike_MRS","Strike_MRS","Defend_MRS","Defend_MRS","Defend_MRS","MasterSpark","UpSweep+1","Orbital","FinalSpark+1","PropBag","MilkyWay+1","MachineGunSpark","SprinkleStarSeal","Orbital+1","UltimateShortwave+1","Acceleration","BlazeAway+1","Madness","Madness","Parasite","MillisecondPulsars"],"relics":["MiniHakkero","LagranYue:RandomDrawCardRelic","NeowsBlessing","Girya","Oddly Smooth Stone","Replay:Bandana","construct:WeddingRing","WarpedTongs","ReplayTheSpireMod:CursedCoin","RuthlessExorcism:ReiMu","PreservedInsect","Boot","Replay:Bronze Core","Lantern","Runesmith:Locket","Regal Pillow","Replay:Accelerometer","Mango","ReplayTheSpireMod:TigerMarble","Shuriken"],"acts_visited":["Exordium","TheCity","TheBeyond"],"potions_floor_usage":[],"damage_taken":[{"damage":0,"enemies":"Jaw Worm","floor":1,"turns":1},{"damage":0,"enemies":"Small Slimes","floor":2,"turns":1},{"damage":0,"enemies":"Gremlin Nob","floor":7,"turns":1},{"damage":0,"enemies":"2 Louse","floor":10,"turns":2},{"damage":5,"enemies":"HollowMod:MossKnight","floor":11,"turns":6},{"damage":0,"enemies":"Slime Boss","floor":16,"turns":3},{"damage":0,"enemies":"Spheric Guardian","floor":18,"turns":2},{"damage":14,"enemies":"Shell Parasite","floor":20,"turns":3},{"damage":1,"enemies":"Centurion and Healer","floor":24,"turns":3},{"damage":5,"enemies":"Chosen and Byrds","floor":25,"turns":3},{"damage":11,"enemies":"Slavers","floor":27,"turns":2},{"damage":0,"enemies":"Snake Plant","floor":28,"turns":1},{"damage":9,"enemies":"Replay:Snechameleon","floor":30,"turns":2},{"damage":6,"enemies":"Automaton","floor":33,"turns":4},{"damage":0,"enemies":"3 Shapes","floor":35,"turns":2},{"damage":0,"enemies":"3 Darklings","floor":38,"turns":1},{"damage":21,"enemies":"Spire Growth","floor":39,"turns":5},{"damage":0,"enemies":"Reptomancer","floor":40,"turns":2},{"damage":15,"enemies":"3 Darklings","floor":41,"turns":2},{"damage":0,"enemies":"Mind Bloom Boss Battle","floor":42,"turns":3},{"damage":6,"enemies":"R_Hoarder","floor":44,"turns":3},{"damage":16,"enemies":"Spire Growth","floor":45,"turns":3},{"damage":0,"enemies":"Nemesis","floor":47,"turns":2},{"damage":6,"enemies":"Writhing Mass","floor":48,"turns":3},{"damage":21,"enemies":"Time Eater","floor":50,"turns":2}],"seed_played":"1099608132145743333","potions_obtained":[{"floor":10,"key":"Energy Potion"},{"floor":11,"key":"Elixir"},{"floor":18,"key":"ZuzhouPotion:ReiMu"},{"floor":27,"key":"PowerPotion"},{"floor":28,"key":"PowerPotion"}],"is_trial":false,"path_per_floor":["M","M","?","?","?","R","E","R","T","M","E","$","R","$","R","B",null,"M","?","M","?","$","R","M","M","T","E","M","$","E","?","R","B",null,"M","$","?","M","M","E","M","?","T","E","M","$","E","M","R","B"],"character_chosen":"MARISA","items_purchased":["MachineGunSpark","SprinkleStarSeal","ReplayTheSpireMod:CursedCoin","UltimateShortwave","PreservedInsect","Mango"],"campfire_rested":1,"item_purchase_floors":[12,14,22,22,29,46],"current_hp_per_floor":[75,75,75,68,68,68,68,68,68,68,63,63,63,63,63,63,75,75,75,61,61,61,61,60,55,55,44,44,44,35,35,57,51,75,75,75,66,66,45,45,30,30,30,24,8,22,22,16,16,0,0],"gold":220,"neow_bonus":"THREE_ENEMY_KILL","is_daily":false,"chose_seed":false,"campfire_upgraded":2,"win_rate":0.0,"timestamp":1609125982,"path_taken":["M","M","?","?","?","R","E","R","T","M","E","$","R","?","R","BOSS","M","?","M","?","$","R","M","?","T","E","?","$","E","?","R","BOSS","M","$","?","M","M","E","M","?","T","E","M","?","E","M","R","BOSS"],"items_purchased_type":["Card","Card","Relic","Card","Relic","Relic"],"build_version":"2020-12-22","purchased_purges":4,"victory":false,"max_hp_per_floor":[75,75,75,75,75,75,75,75,75,75,75,75,75,75,75,75,75,75,75,75,75,75,75,75,75,75,75,75,75,75,75,75,75,75,75,75,75,75,75,75,75,75,75,75,75,89,89,89,89,89,89],"card_choices":[{"not_picked":["DC","ShootingEcho"],"picked":"Orbital","floor":1},{"not_picked":["ChargeUpSpray","EnergyFlow","Singularity"],"picked":"SKIP","floor":2},{"not_picked":["ChargingUp","UnstableBomb"],"picked":"FinalSpark","floor":7},{"not_picked":["EnergyFlow","ChargingUp"],"picked":"PropBag","floor":10},{"not_picked":["IllusionStar","MeteoricShower"],"picked":"MilkyWay","floor":11},{"not_picked":["MilkyWay","WitchOfGreed"],"picked":"Orbital+1","floor":18},{"not_picked":["LuminesStrike+1","ChargeUpSpray","6A"],"picked":"SKIP","floor":20},{"not_picked":["DC","MagicAbsorber+1","MilkyWay"],"picked":"SKIP","floor":24},{"not_picked":["6A","NonDirectionalLaser","AlicesGift"],"picked":"SKIP","floor":25},{"not_picked":["SatelliteIllusion","MeteoricShower"],"picked":"Acceleration","floor":27},{"not_picked":["EnergyFlow","UnstableBomb","WitchLeyline"],"picked":"SKIP","floor":28},{"not_picked":["DC","ShootTheMoon"],"picked":"BlazeAway+1","floor":30},{"not_picked":["EventHorizon+1","GasGiant","NonDirectionalLaser"],"picked":"SKIP","floor":35},{"not_picked":["6A","EnergyFlow","NonDirectionalLaser+1"],"picked":"SKIP","floor":38},{"not_picked":["DC+1","ShootingEcho","LuminesStrike"],"picked":"SKIP","floor":39},{"not_picked":["PowerUp+1","6A","MagicAbsorber+1"],"picked":"SKIP","floor":40},{"not_picked":["LuminesStrike+1","MagicAbsorber","SprinkleStarSeal+1"],"picked":"SKIP","floor":41},{"not_picked":["GrandCross","UnstableBomb","GalacticHalo+1"],"picked":"SKIP","floor":44},{"not_picked":["ShootTheMoon","ChargeUpSpray+1","SporeBomb"],"picked":"SKIP","floor":45},{"not_picked":["DragonMeteor+1","OpenUniverse","RefractionSpark"],"picked":"SKIP","floor":47},{"not_picked":["PowerUp","DeepEcoloBomb+1"],"picked":"MillisecondPulsars","floor":48}],"player_experience":253646,"relics_obtained":[{"floor":7,"key":"Girya"},{"floor":9,"key":"Oddly Smooth Stone"},{"floor":11,"key":"Replay:Bandana"},{"floor":27,"key":"RuthlessExorcism:ReiMu"},{"floor":30,"key":"Boot"},{"floor":40,"key":"Lantern"},{"floor":42,"key":"Runesmith:Locket"},{"floor":43,"key":"Regal Pillow"},{"floor":44,"key":"Replay:Accelerometer"},{"floor":47,"key":"ReplayTheSpireMod:TigerMarble"}],"event_choices":[{"damage_healed":0,"gold_gain":0,"player_choice":"Ignored","damage_taken":0,"max_hp_gain":0,"max_hp_loss":0,"event_name":"Liars Game","floor":3,"gold_loss":0},{"cards_removed":["Strike_MRS"],"damage_healed":0,"gold_gain":0,"player_choice":"Card Removal","damage_taken":7,"max_hp_gain":0,"max_hp_loss":0,"event_name":"Golden Wing","floor":4,"gold_loss":0},{"damage_healed":0,"gold_gain":0,"player_choice":"Rummage","damage_taken":0,"relics_obtained":["WarpedTongs"],"max_hp_gain":0,"max_hp_loss":0,"event_name":"Accursed Blacksmith","floor":21,"gold_loss":0,"cards_obtained":["Pain"]},{"damage_healed":0,"gold_gain":0,"player_choice":"Embrace Madness","damage_taken":9,"max_hp_gain":0,"max_hp_loss":0,"event_name":"Winding Halls","floor":37,"gold_loss":0,"cards_obtained":["Madness","Madness"]},{"damage_healed":0,"gold_gain":0,"player_choice":"Fight","damage_taken":0,"max_hp_gain":0,"max_hp_loss":0,"event_name":"MindBloom","floor":42,"gold_loss":0}],"is_beta":false,"boss_relics":[{"not_picked":["RedLine:ReiMu","Replay:Drink Me"],"picked":"construct:WeddingRing"},{"not_picked":["Runesmith:UraniumAnvil","Abe\u0027s Treasure"],"picked":"Replay:Bronze Core"}],"items_purged_floors":[12,22,29,36],"is_endless":false,"potions_floor_spawned":[10,11,18,24,27,28,35,38,39,44,48],"killed_by":"Time Eater","ascension_level":2}}