{"host":"krz7pvdql77zertr","time":1609188873,"event":{"mods":["Astrologer","BaseMod","Minty Spire (QoL Compilation)","StSLib","Sumireko Usami"],"gold_per_floor":[111,127,139,139,154,184,202,202,228,259,434,434,133,160,160,260,260,279,297,317,372,297,297,324,324,349,381,60,10,44,56,56,158,158,173,223,223,268,74,106,106,125,195,212,212,212,87,102,102,102],"floor_reached":51,"playtime":2800,"items_purged":["Doubt","astrologer:Strike","Writhe"],"score":837,"play_id":"b3b40d3c-1d6e-4cfa-9673-716a35c28c3f","local_time":"20201228125433","is_ascension_mode":true,"campfire_choices":[{"floor":8.0,"key":"REST"},{"data":"astrologer:NorthStar","floor":12.0,"key":"SMITH"},{"data":"astrologer:CosmicExpanse","floor":15.0,"key":"SMITH"},{"data":"astrologer:Strength","floor":23.0,"key":"SMITH"},{"data":"astrologer:Trine","floor":32.0,"key":"SMITH"},{"data":"astrologer:FrozenStar","floor":41,"key":"SMITH"},{"data":"astrologer:NeutronStar","floor":46,"key":"SMITH"},{"data":"astrologer:Prismatic","floor":49,"key":"SMITH"}],"circlet_count":0,"master_deck":["astrologer:Strike","astrologer:Strike","astrologer:Defend","astrologer:Defend","astrologer:Defend","astrologer:Defend","astrologer:NorthStar+1","astrologer:TheFool+1","astrologer:Radiance","astrologer:NeutronStar+1","astrologer:ShootingStar","astrologer:Justice","astrologer:CosmicExpanse+1","astrologer:SpaceDust","astrologer:ShootingStar","astrologer:Prismatic+1","astrologer:FrozenStar+1","astrologer:NeutronStar+1","astrologer:Strength+1","astrologer:FrozenStar","astrologer:Stardust+1","astrologer:TheHighPriestess+1","astrologer:FrozenStar+1","astrologer:Trine+1","astrologer:Retelling","astrologer:Prismatic+1","astrologer:Quincunx+1","astrologer:Sunrise+1","Regret"],"relics":["astrologer:SkyMirror","Calipers","Vajra","Omamori","Cursed Key","Centennial Puzzle","Eternal Feather","Strawberry","Tiny Chest","Lantern","Anchor","Runic Pyramid","Mango","Toy Ornithopter","Chemical X","Regal Pillow"],"acts_visited":["TheCity","TheBeyond"],"potions_floor_usage":[50,50],"damage_taken":[{"damage":0.0,"enemies":"Small Slimes","floor":1.0,"turns":5.0},{"damage":4.0,"enemies":"Jaw Worm","floor":2.0,"turns":3.0},{"damage":1.0,"enemies":"Cultist","floor":3.0,"turns":3.0},{"damage":0.0,"enemies":"Red Slaver","floor":5.0,"turns":3.0},{"damage":28.0,"enemies":"Gremlin Nob","floor":6.0,"turns":4.0},{"damage":5.0,"enemies":"Looter","floor":7.0,"turns":3.0},{"damage":8.0,"enemies":"Lagavulin","floor":10.0,"turns":7.0},{"damage":9.0,"enemies":"3 Sentries","floor":14.0,"turns":5.0},{"damage":2.0,"enemies":"Slime Boss","floor":16.0,"turns":6.0},{"damage":0.0,"enemies":"Shell Parasite","floor":18.0,"turns":6.0},{"damage":13.0,"enemies":"Spheric Guardian","floor":19.0,"turns":4.0},{"damage":0.0,"enemies":"Chosen and Byrds","floor":20.0,"turns":5.0},{"damage":15.0,"enemies":"Gremlin Leader","floor":24.0,"turns":7.0},{"damage":6.0,"enemies":"Book of Stabbing","floor":27.0,"turns":5.0},{"damage":30.0,"enemies":"Slavers","floor":30.0,"turns":6.0},{"damage":0.0,"enemies":"Centurion and Healer","floor":31.0,"turns":4.0},{"damage":9.0,"enemies":"Automaton","floor":33.0,"turns":7.0},{"damage":25,"enemies":"3 Shapes","floor":35,"turns":6},{"damage":16,"enemies":"Mind Bloom Boss Battle","floor":36,"turns":4},{"damage":2,"enemies":"Giant Head","floor":40,"turns":4},{"damage":4,"enemies":"Orb Walker","floor":42,"turns":3},{"damage":11,"enemies":"Spire Growth","floor":44,"turns":3},{"damage":17,"enemies":"Jaw Worm Horde","floor":48,"turns":4},{"damage":1,"enemies":"Time Eater","floor":50,"turns":3}],"seed_played":"-9142148180059005923","potions_obtained":[{"floor":2.0,"key":"Weak Potion"},{"floor":5.0,"key":"Energy Potion"},{"floor":7.0,"key":"Block Potion"},{"floor":14.0,"key":"Swift Potion"},{"floor":18.0,"key":"FearPotion"},{"floor":27.0,"key":"LiquidMemories"},{"floor":40,"key":"AttackPotion"},{"floor":45,"key":"GamblersBrew"}],"is_trial":false,"path_per_floor":["M","M","M","?","M","E","M","R","T","E","?","R","$","E","R","B",null,"M","M","M","T","?","R","E","?","T","E","$","$","E","M","R","B",null,"M","?","?","T","$","E","R","M","T","M","?","R","$","M","R","B",null],"character_chosen":"ASTROLOGER","items_purchased":["astrologer:Prismatic","astrologer:FrozenStar","astrologer:NeutronStar","astrologer:Strength","astrologer:Retelling","Lantern","PowerPotion","Chemical X","Strength Potion"],"campfire_rested":1,"item_purchase_floors":[13,13,13,13,28,28,29,39,39],"current_hp_per_floor":[77,73,72,57,57,29,24,47,47,39,39,39,39,30,30,28,77,77,64,64,64,64,64,49,49,56,50,50,50,20,20,35,26,84,59,57,57,57,57,55,70,66,66,55,55,73,73,56,71,80],"gold":102,"neow_bonus":"TEN_PERCENT_HP_BONUS","is_daily":false,"chose_seed":false,"campfire_upgraded":7,"win_rate":0.0,"timestamp":1609188873,"path_taken":["M","M","M","?","M","E","M","R","T","E","?","R","?","E","R","BOSS","M","M","?","?","?","R","E","?","T","E","?","$","E","M","R","BOSS","M","?","?","?","$","E","R","M","T","?","?","R","?","M","R","BOSS"],"items_purchased_type":["Card","Card","Card","Card","Card","Relic","Potion","Relic","Potion"],"build_version":"2020-12-22","purchased_purges":3,"victory":true,"max_hp_per_floor":[77,77,77,77,77,77,77,77,77,77,77,77,77,77,77,77,77,77,77,77,77,77,77,77,77,84,84,84,84,84,84,84,84,84,84,98,98,98,98,98,98,98,98,98,98,98,98,98,98,98],"card_choices":[{"not_picked":["astrologer:Conjunction","astrologer:SolarFlare"],"picked":"astrologer:Radiance","floor":1.0},{"not_picked":["astrologer:Conjunction","astrologer:SpaceDust"],"picked":"astrologer:NeutronStar","floor":2.0},{"not_picked":["astrologer:Eclipse","astrologer:Retelling"],"picked":"astrologer:ShootingStar","floor":3.0},{"not_picked":["astrologer:Opposition","astrologer:Moonlight"],"picked":"astrologer:Justice","floor":5.0},{"not_picked":["astrologer:Fireball","astrologer:ReadTheStars"],"picked":"astrologer:CosmicExpanse","floor":6.0},{"not_picked":["astrologer:ReadTheStars","astrologer:SolarFlare"],"picked":"astrologer:SpaceDust","floor":7.0},{"not_picked":["astrologer:ReadTheStars","astrologer:Confirmation"],"picked":"astrologer:ShootingStar","floor":10.0},{"not_picked":["astrologer:SolarFlare","astrologer:Retelling"],"picked":"astrologer:FrozenStar","floor":14.0},{"not_picked":["astrologer:TheStar","astrologer:ShiningStar"],"picked":"astrologer:Stardust+1","floor":18.0},{"not_picked":["astrologer:TheTower+1","astrologer:SolarFlare"],"picked":"astrologer:TheHighPriestess+1","floor":19.0},{"not_picked":["astrologer:SpaceDust","astrologer:TheEmperor"],"picked":"astrologer:FrozenStar+1","floor":20.0},{"not_picked":["astrologer:SpaceDust","astrologer:ReadTheStars+1","astrologer:FrozenStar"],"picked":"SKIP","floor":24.0},{"not_picked":["astrologer:MeteorShower","astrologer:ReadTheStars","astrologer:Judgement"],"picked":"SKIP","floor":27.0},{"not_picked":["astrologer:Moonlight","astrologer:TheHangedMan","astrologer:TheLovers+1"],"picked":"SKIP","floor":30.0},{"not_picked":["astrologer:Moonlight","astrologer:FrozenStar"],"picked":"astrologer:Prismatic","floor":31.0},{"not_picked":["astrologer:Conjunction+1","astrologer:SolarFlare","astrologer:MeteorShower"],"picked":"SKIP","floor":35},{"not_picked":["astrologer:CometStrike","astrologer:Premonition"],"picked":"astrologer:Quincunx+1","floor":36},{"not_picked":["astrologer:Cataclysm","astrologer:Conjunction+1","astrologer:MeteorShower"],"picked":"SKIP","floor":40},{"not_picked":["astrologer:Conjunction","astrologer:Moonlight+1"],"picked":"astrologer:Sunrise+1","floor":42},{"not_picked":["astrologer:Cataclysm","astrologer:SolarFlare","astrologer:Eclipse"],"picked":"SKIP","floor":44},{"not_picked":["astrologer:Opposition+1","astrologer:Conjunction","astrologer:Quincunx+1"],"picked":"SKIP","floor":48}],"player_experience":371753,"relics_obtained":[{"floor":6.0,"key":"Calipers"},{"floor":10.0,"key":"Vajra"},{"floor":14.0,"key":"Omamori"},{"floor":21.0,"key":"Centennial Puzzle"},{"floor":24.0,"key":"Eternal Feather"},{"floor":26.0,"key":"Strawberry"},{"floor":27.0,"key":"Tiny Chest"},{"floor":30.0,"key":"Anchor"},{"floor":36,"key":"Mango"},{"floor":38,"key":"Toy Ornithopter"},{"floor":40,"key":"Regal Pillow"}],"event_choices":[{"damage_healed":0.0,"max_hp_gain":0.0,"max_hp_loss":0.0,"gold_gain":0.0,"event_name":"Shining Light","player_choice":"Entered Light","floor":4.0,"gold_loss":0.0,"damage_taken":15.0,"cards_upgraded":["astrologer:TheFool","astrologer:NeutronStar"]},{"damage_healed":0.0,"max_hp_gain":0.0,"max_hp_loss":0.0,"gold_gain":175.0,"event_name":"Liars Game","player_choice":"AGREE","floor":11.0,"gold_loss":0.0,"damage_taken":0.0,"cards_obtained":["Doubt"]},{"cards_removed":["astrologer:Strike"],"damage_healed":0.0,"max_hp_gain":0.0,"max_hp_loss":0.0,"gold_gain":0.0,"event_name":"Beggar","player_choice":"Gave Gold","floor":22.0,"gold_loss":75.0,"damage_taken":0.0},{"damage_healed":0.0,"max_hp_gain":0.0,"max_hp_loss":0.0,"gold_gain":0.0,"event_name":"The Library","player_choice":"Read","floor":25.0,"gold_loss":0.0,"damage_taken":0.0,"cards_obtained":["astrologer:Trine"]},{"damage_healed":0,"gold_gain":0,"player_choice":"Fight","damage_taken":0,"max_hp_gain":0,"max_hp_loss":0,"event_name":"MindBloom","floor":36,"gold_loss":0},{"damage_healed":0,"gold_gain":0,"player_choice":"Upgraded","damage_taken":0,"max_hp_gain":0,"max_hp_loss":0,"event_name":"Upgrade Shrine","floor":37,"gold_loss":0,"cards_upgraded":["astrologer:Prismatic"]},{"damage_healed":0,"gold_gain":0,"player_choice":"Got Potions","damage_taken":0,"max_hp_gain":0,"max_hp_loss":0,"event_name":"Lab","floor":45,"gold_loss":0}],"is_beta":false,"boss_relics":[{"not_picked":["Philosopher\u0027s Stone","Empty Cage"],"picked":"Cursed Key"},{"not_picked":["SacredBark","Calling Bell"],"picked":"Runic Pyramid"}],"items_purged_floors":[13,28,47],"is_endless":false,"potions_floor_spawned":[2,5,7,14,18,27,40,42,48],"ascension_level":1}}