{"host":"79pwvnyrdes6uj7k","time":1609190125,"event":{"mods":["2.2 Compatiblity","Astrologer","BaseMod","Beaked The Cultist","Colored Powertips","Downfall","Exacting","Friendly Minions","HexUI Lib","Highlight Path","Hubris","Infinite Spire","JesterMod","Mad Scientist","Mimic Mod","Minty Spire (QoL Compilation)","Random Character Button","Replay The Spire","Reworked Bosses","Shop Mod","Somnambulant","StSLib","The Cursed","The Disciple","The Factory","The Judge","The Jungle","The Marked","The Poker Player","The Runesmith","TheHeartMod"],"gold_per_floor":[99,119,119,136,180,180,231,81,92,192,220,53,93,109,128,128,128],"floor_reached":16,"playtime":1244,"items_purged":[],"score":129,"play_id":"04851e39-c810-4d71-b277-a6c915e9f8f3","local_time":"20201228151525","is_ascension_mode":false,"campfire_choices":[{"floor":1,"key":"RECALL"},{"data":"astrologer:DarkMatter","floor":8,"key":"SMITH"}],"circlet_count":0,"master_deck":["astrologer:Strike","astrologer:Strike","astrologer:Strike","astrologer:Strike","astrologer:Defend","astrologer:Defend","astrologer:Defend","astrologer:Defend","astrologer:NorthStar","astrologer:TheFool","astrologer:FrozenStar","astrologer:DarkMatter+1","astrologer:SpaceDust","astrologer:TheHierophant","astrologer:Sunrise","astrologer:Confirmation","astrologer:TheEmperor","astrologer:TheStar","astrologer:TheWorld","astrologer:Judgement","astrologer:Prismatic"],"relics":["astrologer:SkyMirror","Happy Flower","downfall:HeartBlessingBlue","downfall:HeartBlessingRed","downfall:GremlinWheel","Durian"],"acts_visited":["Exordium"],"potions_floor_usage":[10,10,10,16],"damage_taken":[{"damage":0,"enemies":"Small Slimes","floor":2,"turns":3},{"damage":1,"enemies":"Cultist","floor":4,"turns":4},{"damage":0,"enemies":"2 Louse","floor":5,"turns":3},{"damage":0,"enemies":"2 Fungi Beasts","floor":9,"turns":3},{"damage":72,"enemies":"2 Fungi Beasts","floor":10,"turns":6},{"damage":3,"enemies":"Lagavulin","floor":11,"turns":8},{"damage":0,"enemies":"downfall:FleeingMerchant","floor":12,"turns":4},{"damage":0,"enemies":"Lots of Slimes","floor":13,"turns":3},{"damage":0,"enemies":"Large Slime","floor":14,"turns":7},{"damage":0,"enemies":"3 Louse","floor":15,"turns":3},{"damage":11,"enemies":"downfall:Defect","floor":16,"turns":3}],"seed_played":"5277710457601797674","potions_obtained":[{"floor":3,"key":"Weak Potion"},{"floor":3,"key":"Milkshake"},{"floor":3,"key":"Reflective Coating"},{"floor":4,"key":"DistilledChaos"},{"floor":10,"key":"sneckomod:MuddlingPotion"}],"is_trial":false,"path_per_floor":["R","M","?","M","M","?","T","R","M","?","E","$","M","M","M","B"],"character_chosen":"ASTROLOGER","items_purchased":["astrologer:TheEmperor","astrologer:TheStar"],"campfire_rested":0,"item_purchase_floors":[12,12],"current_hp_per_floor":[70,70,70,69,69,69,69,79,79,7,9,9,9,9,9,0,0],"gold":128,"neow_bonus":"RANDOM_COMMON_RELIC","is_daily":false,"chose_seed":false,"campfire_upgraded":1,"win_rate":0.0,"timestamp":1609190125,"path_taken":["R","M","?","M","?","?","T","R","M","?","E","$","M","?","M","BOSS"],"items_purchased_type":["Card","Card"],"build_version":"2020-12-22","purchased_purges":0,"victory":false,"max_hp_per_floor":[70,70,70,70,70,70,70,80,80,80,85,85,85,85,85,85,85],"card_choices":[{"not_picked":["astrologer:Conjunction","astrologer:MeteorShower"],"picked":"astrologer:FrozenStar","floor":2},{"not_picked":["astrologer:Fireball","astrologer:Temperance"],"picked":"astrologer:DarkMatter","floor":4},{"not_picked":["astrologer:Conjunction","astrologer:Eclipse"],"picked":"astrologer:SpaceDust","floor":5},{"not_picked":["astrologer:Eclipse","astrologer:Conjunction"],"picked":"astrologer:TheHierophant","floor":9},{"not_picked":["astrologer:Temperance","astrologer:SpaceDust"],"picked":"astrologer:Sunrise","floor":11},{"not_picked":["astrologer:Opposition","astrologer:Premeditation"],"picked":"astrologer:Confirmation","floor":12},{"not_picked":["astrologer:StarOfRegret","astrologer:Radiance"],"picked":"astrologer:TheWorld","floor":13},{"not_picked":["astrologer:SolarFlare","astrologer:SpaceDust"],"picked":"astrologer:Judgement","floor":14},{"not_picked":["astrologer:Stardust","astrologer:SpaceDust"],"picked":"astrologer:Prismatic","floor":15}],"player_experience":343784,"relics_obtained":[{"floor":10,"key":"downfall:GremlinWheel"},{"floor":11,"key":"Durian"}],"event_choices":[{"damage_healed":0,"gold_gain":0,"player_choice":"Got Potions","damage_taken":0,"max_hp_gain":0,"max_hp_loss":0,"event_name":"Lab","floor":3,"gold_loss":0}],"is_beta":false,"boss_relics":[],"items_purged_floors":[],"is_endless":false,"potions_floor_spawned":[4,5,9,10],"killed_by":"downfall:Defect","ascension_level":0}}