{"host":"6pgtslebjnyv5xmi","time":1609135060,"event":{"mods":["AchievementEnabler","BaseMod","Colored Map","Minty Spire (QoL Compilation)","Rare Cards Sparkle","StSLib","SuperFastMode","everything is the same but u backflip on backflip"],"gold_per_floor":[209,64,64,83,96,96,96,114,167,183,202,222,222,242,242,339,339,358,408,333,333,333],"floor_reached":21,"playtime":826,"items_purged":["Defend_R"],"score":173,"play_id":"4f326dc5-1ecf-4cc0-b0e9-60d5f521d5b7","local_time":"20201228145740","is_ascension_mode":false,"campfire_choices":[{"data":"Bash","floor":6,"key":"SMITH"},{"data":"Dual Wield","floor":13,"key":"SMITH"},{"floor":15,"key":"REST"}],"circlet_count":0,"master_deck":["Strike_R","Strike_R","Strike_R","Strike_R","Strike_R","Defend_R","Defend_R","Defend_R","Bash+1","Dual Wield+1","Impervious"],"relics":["Black Blood","Red Skull","Centennial Puzzle"],"acts_visited":["Exordium","TheCity"],"potions_floor_usage":[11,16,16],"damage_taken":[{"damage":5,"enemies":"Cultist","floor":1,"turns":4},{"damage":4,"enemies":"2 Louse","floor":4,"turns":3},{"damage":5,"enemies":"Small Slimes","floor":5,"turns":3},{"damage":9,"enemies":"2 Fungi Beasts","floor":8,"turns":4},{"damage":17,"enemies":"Red Slaver","floor":10,"turns":6},{"damage":25,"enemies":"Exordium Thugs","floor":11,"turns":4},{"damage":17,"enemies":"Lots of Slimes","floor":12,"turns":5},{"damage":10,"enemies":"Looter","floor":14,"turns":2},{"damage":53,"enemies":"The Guardian","floor":16,"turns":15},{"damage":42,"enemies":"Chosen","floor":18,"turns":7},{"damage":54,"enemies":"Spheric Guardian","floor":21,"turns":7}],"seed_played":"-2546432347209956867","potions_obtained":[{"floor":5,"key":"BlessingOfTheForge"},{"floor":8,"key":"Explosive Potion"},{"floor":10,"key":"Weak Potion"},{"floor":11,"key":"BloodPotion"}],"is_trial":false,"path_per_floor":["M","$","?","M","M","R","?","M","T","M","M","M","R","M","R","B",null,"M","?","$","M"],"character_chosen":"IRONCLAD","items_purchased":["Red Skull"],"campfire_rested":1,"item_purchase_floors":[2],"current_hp_per_floor":[80,80,80,80,80,80,80,77,77,66,47,36,36,32,56,9,80,50,50,50,0,0],"gold":333,"neow_bonus":"HUNDRED_GOLD","is_daily":false,"chose_seed":false,"campfire_upgraded":2,"win_rate":0.0,"timestamp":1609135060,"path_taken":["M","$","?","M","M","R","?","M","T","M","M","M","R","?","R","BOSS","M","?","$","?"],"items_purchased_type":["Relic"],"build_version":"2020-12-22","purchased_purges":1,"victory":false,"max_hp_per_floor":[80,80,80,80,80,80,80,80,80,80,80,80,80,80,80,80,80,80,80,80,80,80],"card_choices":[{"not_picked":["Thunderclap","Clothesline","Headbutt"],"picked":"SKIP","floor":1},{"not_picked":["Wild Strike","Hemokinesis","Rage"],"picked":"SKIP","floor":4},{"not_picked":["Uppercut","Pummel"],"picked":"Dual Wield","floor":5},{"not_picked":["Sever Soul","Rupture","Headbutt"],"picked":"SKIP","floor":8},{"not_picked":["Iron Wave","Warcry","Shrug It Off"],"picked":"SKIP","floor":10},{"not_picked":["Metallicize","True Grit","Flame Barrier"],"picked":"SKIP","floor":11},{"not_picked":["Cleave","Pummel","Headbutt"],"picked":"SKIP","floor":12},{"not_picked":["Clothesline","Headbutt","Thunderclap"],"picked":"SKIP","floor":14},{"not_picked":["Fiend Fire","Demon Form"],"picked":"Impervious","floor":16},{"not_picked":["Sword Boomerang","Reckless Charge","Iron Wave"],"picked":"SKIP","floor":18}],"player_experience":545760,"relics_obtained":[{"floor":9,"key":"Centennial Puzzle"}],"event_choices":[{"damage_healed":0,"gold_gain":0,"player_choice":"Ignored","damage_taken":0,"max_hp_gain":0,"max_hp_loss":0,"event_name":"Liars Game","floor":3,"gold_loss":0},{"damage_healed":0,"gold_gain":0,"player_choice":"0 cards matched","damage_taken":0,"max_hp_gain":0,"max_hp_loss":0,"event_name":"Match and Keep!","floor":7,"gold_loss":0,"cards_obtained":[]},{"damage_healed":0,"gold_gain":100,"player_choice":"Bet on Murderer","damage_taken":0,"max_hp_gain":0,"max_hp_loss":0,"event_name":"The Joust","floor":19,"gold_loss":50}],"is_beta":false,"boss_relics":[{"not_picked":["Fusion Hammer","Tiny House"],"picked":"Black Blood"}],"items_purged_floors":[20],"is_endless":false,"potions_floor_spawned":[5,8,10,11,12],"killed_by":"Spheric Guardian","ascension_level":0}}