{"host":"enmin8e0t0h2jpek","time":1609169018,"event":{"mods":["AchievementEnabler","BaseMod","BetterRewards","Colored Map","Colored Powertips","DeckTracker","Gremlin Skip","Highlight Path","Minty Spire (QoL Compilation)","Quick Restart","Rare Cards Sparkle","Relic Stats","Remove Card Discount Mod","Replay The Spire","Shop Mod","StSLib","SuperFastMode","Transform Curses","slay the spire mod where everything is the same but ironclad has a cowboy hat"],"gold_per_floor":[116,136,156,166,166,191,210,210,233,282,312,412,412,412,432,459,459,491,491,522,549,559,587,633,691,691,641,696,714,770,802,830,860,860,982,982,1022,1022,1068,1093,647,705,740,740,740,740,777,801,824,867,867,883],"floor_reached":53,"playtime":4376,"items_purged":["Defend_G","Defend_G","Defend_G","Defend_G+1","Defend_G","Survivor","Dash","Bite+1","Bite+1","Bite+1","Bite+1","Bite+1","Heel Hook+1","Heel Hook+1","Fluid Movement","Hidden Blade+1","Dagger Throw","Skewer+1","Dagger Spray","Infinite Blades","Hidden Blade+1","Dodge and Roll+1","Riddle With Holes+1"],"score":1711,"play_id":"0955b8b0-416f-4ed2-a70b-48599125186c","local_time":"20201228162338","is_ascension_mode":false,"campfire_choices":[{"floor":8,"key":"DIG"},{"floor":17,"key":"DIG"},{"floor":34,"key":"DIG"},{"floor":44,"key":"DIG"},{"floor":46,"key":"DIG"},{"floor":51,"key":"DIG"}],"circlet_count":0,"master_deck":["Neutralize+1","Infinite Blades","Apotheosis+1","Mind Blast","Blade Dance","Poisoned Stab+1","Slice","Deadly Poison+1","Slice","Deadly Poison+1","Outmaneuver+1","Sadistic Nature+1","PanicButton+1","Dramatic Entrance","Blade Dance+1","Deadly Poison+1","Backstab+1","Bandage Up+1","Blade Dance+1","Distraction+1","Blade Dance+1","Backflip+1","Blade Dance+1","Distraction+1","Blade Dance+1","Masterful Stab","Toxin Wave+1","Crippling Poison+1","Outmaneuver+1","Toxin Wave+1","Bouncing Flask+1","Blade Dance+1","Terror+1","Burst+1","Deadly Poison+1","Deadly Poison+1","Quick Slash+1","Distraction+1","Acrobatics+1","Toxin Wave+1","Crippling Poison+1","Replay:Poison Smokescreen+1","Prepared+1","Outmaneuver+1","Venomology+1","Deadly Poison+1","Bouncing Flask+1","Acrobatics+1","Quick Slash+1","Masterful Stab+1","Deadly Poison+1","Burst+1","Bouncing Flask+1","Poisoned Stab+1","Crippling Poison+1","Poisoned Stab+1","Normality","Pot Of Greed+1","Pot Of Greed+1","Pot Of Greed+1","Pot Of Greed+1","Pot Of Greed+1","Distraction+1","Tactician+1","ReplayTheSpireMod:From All Sides+1","Pot Of Greed+1"],"relics":["Ring of the Snake","Pen Nib","Garlic","Medical Kit","Prayer Wheel","Unceasing Top","Boot","Lizard Tail","MerchantsRug","Shovel","Replay:Baseball","BargainBundle","Torii","Bottled Flame","CaptainsWheel","Toxic Egg 2","Ninja Scroll","Pocketwatch","Pantograph","Simple Rune","Lee\u0027s Waffle","Gambling Chip","DollysMirror","Darkstone Periapt","Letter Opener","TungstenRod","Tingsha","Ice Cream","OrangePellets","Replay:Towering Pillar of Hats","Anchor","MealTicket","ClockworkSouvenir","Calipers","Gremlin Horn","ReplayTheSpireMod:ShopPack","Tough Bandages","Chameleon Ring","Snake Skull","Chemical X","Thread and Needle","Replay:WaspNest","Mirror","Guide Book","Incense Burner","Ancient Tea Set","Bird Faced Urn","HandDrill","Replay:Arrowhead","Durian","The Specimen","Toolbox","Whetstone","FossilizedHelix","ReplayTheSpireMod:TigerMarble","Potion Belt","Replay:Bandana","Blue Doll","Replay:Ringing Soul","ChewingGum","Molten Egg 2","Bag of Marbles","Basket Of Snakes","Replay:Rubber Ducky","Cursed Key","Lantern","InkBottle","StoneCalendar","Replay:Multitool","Eternal Feather","PreservedInsect","Grinning Jar","Orichalcum","Golden Egg"],"acts_visited":["Exordium","TheCity","TheBeyond"],"potions_floor_usage":[21,21,21,29,29,29,32,35,50,52,52],"damage_taken":[{"damage":0,"enemies":"Small Slimes","floor":1,"turns":1},{"damage":0,"enemies":"Cultist","floor":2,"turns":1},{"damage":0,"enemies":"Jaw Worm","floor":3,"turns":1},{"damage":0,"enemies":"Gremlin Gang","floor":4,"turns":1},{"damage":0,"enemies":"Lagavulin","floor":6,"turns":1},{"damage":0,"enemies":"3 Louse","floor":7,"turns":1},{"damage":0,"enemies":"Gremlin Nob","floor":10,"turns":1},{"damage":0,"enemies":"Exordium Thugs","floor":11,"turns":1},{"damage":0,"enemies":"Red Slaver","floor":15,"turns":1},{"damage":0,"enemies":"Blue Slaver","floor":16,"turns":1},{"damage":0,"enemies":"Hexaghost","floor":18,"turns":4},{"damage":0,"enemies":"Chosen","floor":20,"turns":2},{"damage":0,"enemies":"Shell Parasite","floor":21,"turns":1},{"damage":0,"enemies":"Snake Plant","floor":22,"turns":1},{"damage":0,"enemies":"Centurion and Healer","floor":23,"turns":1},{"damage":0,"enemies":"3 Cultists","floor":24,"turns":1},{"damage":0,"enemies":"Book of Stabbing","floor":25,"turns":2},{"damage":0,"enemies":"Snake Plant","floor":29,"turns":1},{"damage":0,"enemies":"Replay:Snechameleon","floor":30,"turns":3},{"damage":0,"enemies":"Chosen and Byrds","floor":31,"turns":1},{"damage":0,"enemies":"Centurion and Healer","floor":32,"turns":1},{"damage":0,"enemies":"Shelled Parasite and Fungi","floor":33,"turns":1},{"damage":0,"enemies":"Collector","floor":35,"turns":3},{"damage":4,"enemies":"3 Shapes","floor":37,"turns":1},{"damage":0,"enemies":"3 Darklings","floor":39,"turns":1},{"damage":0,"enemies":"Sphere and 2 Shapes","floor":40,"turns":1},{"damage":0,"enemies":"R_Hoarder","floor":42,"turns":3},{"damage":0,"enemies":"Spire Growth","floor":43,"turns":1},{"damage":0,"enemies":"Reptomancer","floor":47,"turns":1},{"damage":0,"enemies":"Jaw Worm Horde","floor":48,"turns":1},{"damage":0,"enemies":"3 Darklings","floor":49,"turns":1},{"damage":0,"enemies":"Giant Head","floor":50,"turns":2},{"damage":0,"enemies":"Time Eater","floor":52,"turns":5}],"seed_played":"11417396330440680","potions_obtained":[{"floor":3,"key":"Poison Potion"},{"floor":6,"key":"Fruit Juice"},{"floor":11,"key":"Elixir"},{"floor":15,"key":"BlessingOfTheForge"},{"floor":23,"key":"Adrenaline Potion"},{"floor":24,"key":"Elixir"},{"floor":30,"key":"Adrenaline Potion"},{"floor":31,"key":"SteroidPotion"},{"floor":32,"key":"FairyPotion"},{"floor":35,"key":"Weak Potion"},{"floor":39,"key":"Flashbang"},{"floor":40,"key":"Death Potion"},{"floor":47,"key":"AttackPotion"}],"is_trial":false,"path_per_floor":["M","M","M","M","?","E","M","R","T","E","M","?","PTL","PTL","M","M","R_BF","B",null,"M","M","M","M","M","E","?","?","T","M","E","M","M","M","R","B",null,"M","?","M","M","$","E","M","R","T","R","E","M","M","E","R_BF","B",null],"character_chosen":"THE_SILENT","items_purchased":["Pen Nib","Garlic","Medical Kit","Dagger Throw","Unceasing Top","Boot","MerchantsRug","Skewer","Dagger Spray","Infinite Blades","Shovel","Replay:Baseball","BargainBundle","Apotheosis","Mind Blast","Blade Dance","Poisoned Stab","Bottled Flame","Toxic Egg 2","Ninja Scroll","Slice","Pantograph","Simple Rune","Lee\u0027s Waffle","Deadly Poison+1","Slice","DollysMirror","Outmaneuver+1","Darkstone Periapt","Letter Opener","Tingsha","Ice Cream","OrangePellets","Anchor","MealTicket","ClockworkSouvenir","Infinite Blades","Gremlin Horn","ReplayTheSpireMod:ShopPack","Blade Dance+1","Chameleon Ring","Snake Skull","Chemical X","Deadly Poison+1","Replay:WaspNest","Mirror","Guide Book","Ancient Tea Set","Bird Faced Urn","HandDrill","Backstab+1","Durian","Toolbox","Whetstone","Bandage Up+1","Lantern","InkBottle"],"campfire_rested":0,"item_purchase_floors":[0,0,0,0,0,0,0,0,0,0,0,0,0,0,0,0,0,0,0,0,0,0,0,0,0,0,0,0,0,0,0,0,0,0,0,0,0,0,0,0,0,0,0,0,0,0,0,0,0,0,0,0,0,0,0,41,41],"current_hp_per_floor":[82,82,82,82,82,82,82,82,82,82,82,82,82,82,82,82,82,85,85,88,98,101,104,107,110,80,80,80,83,86,89,92,95,95,98,98,97,97,97,100,104,104,107,107,116,116,119,119,122,125,125,125],"gold":883,"neow_bonus":"","is_daily":false,"chose_seed":false,"campfire_upgraded":0,"win_rate":0.0,"timestamp":1609169018,"path_taken":["M","M","M","M","?","E","M","R","T","E","M","?","PTL","PTL","M","?","R_BF","BOSS","M","M","M","M","M","E","?","?","T","M","E","M","?","M","R","BOSS","M","?","M","M","?","E","M","R","T","R","E","M","M","E","R_BF","BOSS"],"items_purchased_type":["Relic","Relic","Relic","Card","Relic","Relic","Relic","Card","Card","Card","Relic","Relic","Relic","Card","Card","Card","Card","Relic","Relic","Relic","Card","Relic","Relic","Relic","Card","Card","Relic","Card","Relic","Relic","Relic","Relic","Relic","Relic","Relic","Relic","Card","Relic","Relic","Card","Relic","Relic","Relic","Card","Relic","Relic","Relic","Relic","Relic","Relic","Card","Relic","Relic","Relic","Card","Relic","Relic"],"build_version":"2020-12-22","purchased_purges":23,"victory":true,"max_hp_per_floor":[82,82,82,82,82,82,82,82,82,82,82,82,82,82,82,82,82,85,85,88,98,101,104,107,110,80,80,80,83,86,89,92,95,95,98,98,101,101,101,104,104,104,107,107,116,116,119,119,122,125,125,125],"relic_stats":{"Darkstone Periapt":24,"Torii":0,"Gremlin Horn":[36,34],"StoneCalendar":[0],"Snake Skull":[132],"Whetstone":["Strike_R","Strike_R","SandsOfTime","FlyingSleeves","Skewer","Neutralize"],"Boot":[64],"Cursed Key":1,"Lizard Tail":0,"Tough Bandages":[144],"Shovel":6,"Pantograph":0,"Gambling Chip":[35],"Prayer Wheel":37,"MealTicket":19,"HandDrill":[28],"Chemical X":[11],"InkBottle":[24],"Ring of the Snake":[66],"Lee\u0027s Waffle":14,"counters":[118,266],"Tingsha":[130],"Eternal Feather":21,"Pen Nib":[48],"PreservedInsect":524,"Letter Opener":[440],"Orichalcum":[174],"Medical Kit":[0],"OrangePellets":[1],"Bird Faced Urn":[0],"obtain_stats":[{"Golden Egg":9,"Replay:Accelerometer":8,"Whetstone":32,"Ginger":0,"Bottled Tornado":0,"Boot":7,"Sling":0,"Ring of Searing":19,"Replay:Wanted Poster":19,"Blood Vial":0,"Replay:Ringing Soul":0,"Sundial":0,"MealTicket":9,"HandDrill":0,"Replay:Bottled Flurry":0,"Kunai":0,"Replay:Wax Seal":0,"Replay:Bottled Steam":0,"MerchantsRug":0,"Pear":10,"Counterbalance":0,"Blue Candle":8,"ReplayTheSpireMod:Ring of Addiction":19,"Eternal Feather":0,"Tingsha":0,"Pen Nib":10,"Replay:Ancient Bell":34,"Ooze Armor":0,"Bird Faced Urn":0,"ReplayTheSpireMod:Ring of Collecting":0,"Mark of Pain":0,"Kintsugi":0,"Unceasing Top":0,"Regal Pillow":0,"Lantern":14,"Torii":0,"Singing Bowl":0,"Magic Flower":0,"Replay:Purple Gloves":0,"Painkiller Herb":0,"StoneCalendar":3,"Blue Doll":0,"King of Hearts":0,"Replay:Multitool":8,"Bag of Preparation":0,"Cursed Key":0,"Ancient Tea Set":0,"Burning Blood":0,"Pet Ghost":46,"Replay:Rubber Ducky":36,"Matryoshka":0,"Shovel":0,"Replay:M_SmolderingBlood":5,"Ninja Scroll":0,"Toolbox":0,"WingedGreaves":0,"Chemical X":0,"Ring of Panic":0,"Replay:Bottled Eggs":0,"InkBottle":9,"Paper Frog":6,"Potion Belt":0,"Lee\u0027s Waffle":0,"The Specimen":0,"Golden Idol":2,"Self Forming Clay":25,"Basket Of Snakes":30,"Circlet":0,"Damaru":0,"Thread and Needle":0,"PreservedInsect":42,"Omamori":0,"Ring of Greed":9,"Frozen Egg 2":0,"MawBank":12,"GoldenEye":0,"Replay:Arrowhead":0,"Orrery":0,"Durian":0,"Garlic":0,"Bottled Lightning":9,"ReplayTheSpireMod:Ring of Challenge":10,"ReplayTheSpireMod:Lightbulb":0,"Toy Ornithopter":0,"Ice Cream":22,"Divine Protection":0,"Calipers":24,"Tiny House":19,"Gremlin Horn":32,"Vajra":0,"Centennial Puzzle":44,"Lizard Tail":0,"HornCleat":0,"FaceOfCleric":0,"DollysMirror":0,"Strawberry":0,"Honey Jar":0,"Prayer Wheel":47,"Iron Hammer":52,"VioletLotus":17,"Toxic Egg 2":0,"Girya":0,"Happy Flower":45,"ReplayTheSpireMod:CursedCoin":0,"Dead Branch":0,"Oddly Smooth Stone":16,"Replay:Kaleidoscope":49,"Letter Opener":0,"War Paint":0,"Question Card":22,"WarpedTongs":0,"OrangePellets":0,"Replay:Baseball":7,"Bottled Flame":0,"ReplayTheSpireMod:Shallot":0,"Shuriken":0,"Bronze Scales":0,"Simple Rune":51,"Onion Ring":0,"Molten Egg 2":0,"Nloth\u0027s Gift":0,"ReplayTheSpireMod:TigerMarble":39,"Black Star":0,"Grinning Jar":25,"Mirror":0,"Pocketwatch":0,"NlothsMask":0,"Meat on the Bone":0,"ReplayFunnel":0,"Darkstone Periapt":0,"Replay:PocketPolymizer":0,"Black Blood":36,"Melange":0,"Mango":0,"Snake Skull":0,"Incense Burner":0,"Juzu Bracelet":11,"Replay:Mystery Machine":0,"PrismaticShard":0,"ClockworkSouvenir":0,"Dream Catcher":0,"Replay:Bandana":29,"Nunchaku":50,"Tough Bandages":0,"Chameleon Ring":0,"TheAbacus":0,"Mummified Hand":0,"Pantograph":0,"Gambling Chip":0,"Replay:Bottled Snecko":0,"Replay:Drink Me":19,"Runic Pyramid":0,"Gremlin Food":0,"BargainBundle":0,"ReplayTheSpireMod:Ninjato":0,"Replay:Towering Pillar of Hats":0,"Quantum Egg":14,"Guide Book":14,"Replay:WaspNest":0,"Orichalcum":11,"Medical Kit":0,"White Beast Statue":12,"Mercury Hourglass":0,"Peace Pipe":0,"Strange Spoon":45,"Anchor":28,"CaptainsWheel":39,"Pondfish Scales":0,"ChewingGum":19,"Another Sword":0,"Snack Pack":0,"Bag of Marbles":0,"Membership Card":39,"PureWater":31,"FossilizedHelix":0,"TungstenRod":0,"ReplayTheSpireMod:ShopPack":0},{"Golden Egg":30,"Replay:Accelerometer":63,"Whetstone":13,"Ginger":24,"Bottled Tornado":59,"Boot":29,"Sling":32,"Ring of Searing":68,"Replay:Wanted Poster":6,"Blood Vial":24,"Replay:Ringing Soul":24,"Sundial":24,"MealTicket":30,"HandDrill":24,"Replay:Bottled Flurry":24,"Kunai":24,"Replay:Wax Seal":24,"Replay:Bottled Steam":59,"MerchantsRug":0,"Pear":30,"Counterbalance":59,"Blue Candle":63,"ReplayTheSpireMod:Ring of Addiction":68,"Eternal Feather":24,"Tingsha":85,"Pen Nib":30,"Replay:Ancient Bell":74,"Ooze Armor":24,"Bird Faced Urn":24,"ReplayTheSpireMod:Ring of Collecting":24,"Mark of Pain":24,"Kintsugi":24,"Unceasing Top":59,"Regal Pillow":24,"Lantern":32,"Torii":24,"Singing Bowl":59,"Magic Flower":24,"Replay:Purple Gloves":59,"Painkiller Herb":24,"StoneCalendar":34,"Blue Doll":59,"King of Hearts":24,"Replay:Multitool":35,"Bag of Preparation":59,"Cursed Key":24,"Ancient Tea Set":59,"Burning Blood":0,"Pet Ghost":54,"Replay:Rubber Ducky":49,"Matryoshka":24,"Shovel":24,"Replay:M_SmolderingBlood":34,"Ninja Scroll":85,"Toolbox":59,"WingedGreaves":59,"Chemical X":32,"Ring of Panic":24,"Replay:Bottled Eggs":32,"InkBottle":3,"Paper Frog":28,"Potion Belt":24,"Lee\u0027s Waffle":24,"The Specimen":85,"Golden Idol":1,"Self Forming Clay":10,"Basket Of Snakes":104,"Circlet":59,"Damaru":59,"Thread and Needle":32,"PreservedInsect":19,"Omamori":59,"Ring of Greed":30,"Frozen Egg 2":32,"MawBank":37,"GoldenEye":59,"Replay:Arrowhead":59,"Orrery":24,"Durian":32,"Garlic":59,"Bottled Lightning":30,"ReplayTheSpireMod:Ring of Challenge":30,"ReplayTheSpireMod:Lightbulb":59,"Toy Ornithopter":59,"Ice Cream":8,"Divine Protection":32,"Calipers":43,"Tiny House":68,"Gremlin Horn":13,"Vajra":59,"Centennial Puzzle":20,"Lizard Tail":59,"HornCleat":24,"FaceOfCleric":24,"DollysMirror":24,"Strawberry":59,"Honey Jar":24,"Prayer Wheel":21,"Iron Hammer":56,"VioletLotus":67,"Toxic Egg 2":32,"Girya":59,"Happy Flower":20,"ReplayTheSpireMod:CursedCoin":59,"Dead Branch":59,"Oddly Smooth Stone":5,"Replay:Kaleidoscope":22,"Letter Opener":59,"War Paint":24,"Question Card":8,"WarpedTongs":24,"OrangePellets":24,"Replay:Baseball":35,"Bottled Flame":59,"ReplayTheSpireMod:Shallot":59,"Shuriken":32,"Bronze Scales":59,"Simple Rune":23,"Onion Ring":24,"Molten Egg 2":59,"Nloth\u0027s Gift":0,"ReplayTheSpireMod:TigerMarble":16,"Black Star":24,"Grinning Jar":44,"Mirror":24,"Pocketwatch":24,"NlothsMask":24,"Meat on the Bone":59,"ReplayFunnel":59,"Darkstone Periapt":59,"Replay:PocketPolymizer":32,"Black Blood":15,"Melange":59,"Mango":24,"Snake Skull":85,"Incense Burner":24,"Juzu Bracelet":31,"Replay:Mystery Machine":59,"PrismaticShard":32,"ClockworkSouvenir":24,"Dream Catcher":0,"Replay:Bandana":12,"Nunchaku":23,"Tough Bandages":85,"Chameleon Ring":24,"TheAbacus":32,"Mummified Hand":59,"Pantograph":24,"Gambling Chip":59,"Replay:Bottled Snecko":59,"Replay:Drink Me":40,"Runic Pyramid":24,"Gremlin Food":24,"BargainBundle":32,"ReplayTheSpireMod:Ninjato":24,"Replay:Towering Pillar of Hats":59,"Quantum Egg":32,"Guide Book":32,"Replay:WaspNest":24,"Orichalcum":31,"Medical Kit":59,"White Beast Statue":31,"Mercury Hourglass":0,"Peace Pipe":59,"Strange Spoon":53,"Anchor":11,"CaptainsWheel":16,"Pondfish Scales":59,"ChewingGum":96,"Another Sword":32,"Snack Pack":59,"Bag of Marbles":59,"Membership Card":16,"PureWater":73,"FossilizedHelix":0,"TungstenRod":32,"ReplayTheSpireMod:ShopPack":59},{"Golden Egg":112,"Replay:Accelerometer":191,"Whetstone":51,"Ginger":100,"Bottled Tornado":186,"Boot":110,"Sling":114,"Ring of Searing":197,"Replay:Wanted Poster":22,"Blood Vial":100,"Replay:Ringing Soul":100,"Sundial":100,"MealTicket":112,"HandDrill":100,"Replay:Bottled Flurry":100,"Kunai":100,"Replay:Wax Seal":100,"Replay:Bottled Steam":186,"MerchantsRug":0,"Pear":112,"Counterbalance":186,"Blue Candle":191,"ReplayTheSpireMod:Ring of Addiction":197,"Eternal Feather":100,"Tingsha":217,"Pen Nib":112,"Replay:Ancient Bell":203,"Ooze Armor":100,"Bird Faced Urn":100,"ReplayTheSpireMod:Ring of Collecting":100,"Mark of Pain":100,"Kintsugi":100,"Unceasing Top":186,"Regal Pillow":100,"Lantern":114,"Torii":100,"Singing Bowl":186,"Magic Flower":100,"Replay:Purple Gloves":186,"Painkiller Herb":100,"StoneCalendar":119,"Blue Doll":186,"King of Hearts":100,"Replay:Multitool":121,"Bag of Preparation":186,"Cursed Key":100,"Ancient Tea Set":186,"Burning Blood":0,"Pet Ghost":170,"Replay:Rubber Ducky":156,"Matryoshka":100,"Shovel":100,"Replay:M_SmolderingBlood":119,"Ninja Scroll":217,"Toolbox":186,"WingedGreaves":186,"Chemical X":114,"Ring of Panic":100,"Replay:Bottled Eggs":114,"InkBottle":7,"Paper Frog":108,"Potion Belt":100,"Lee\u0027s Waffle":100,"The Specimen":217,"Golden Idol":3,"Self Forming Clay":38,"Basket Of Snakes":243,"Circlet":186,"Damaru":186,"Thread and Needle":114,"PreservedInsect":79,"Omamori":186,"Ring of Greed":112,"Frozen Egg 2":114,"MawBank":125,"GoldenEye":186,"Replay:Arrowhead":186,"Orrery":100,"Durian":114,"Garlic":186,"Bottled Lightning":112,"ReplayTheSpireMod:Ring of Challenge":112,"ReplayTheSpireMod:Lightbulb":186,"Toy Ornithopter":186,"Ice Cream":29,"Divine Protection":114,"Calipers":137,"Tiny House":197,"Gremlin Horn":51,"Vajra":186,"Centennial Puzzle":85,"Lizard Tail":186,"HornCleat":100,"FaceOfCleric":100,"DollysMirror":100,"Strawberry":186,"Honey Jar":100,"Prayer Wheel":88,"Iron Hammer":174,"VioletLotus":196,"Toxic Egg 2":114,"Girya":186,"Happy Flower":85,"ReplayTheSpireMod:CursedCoin":186,"Dead Branch":186,"Oddly Smooth Stone":14,"Replay:Kaleidoscope":91,"Letter Opener":186,"War Paint":100,"Question Card":29,"WarpedTongs":100,"OrangePellets":100,"Replay:Baseball":121,"Bottled Flame":186,"ReplayTheSpireMod:Shallot":186,"Shuriken":114,"Bronze Scales":186,"Simple Rune":94,"Onion Ring":100,"Molten Egg 2":186,"Nloth\u0027s Gift":0,"ReplayTheSpireMod:TigerMarble":64,"Black Star":100,"Grinning Jar":141,"Mirror":100,"Pocketwatch":100,"NlothsMask":100,"Meat on the Bone":186,"ReplayFunnel":186,"Darkstone Periapt":186,"Replay:PocketPolymizer":114,"Black Blood":62,"Melange":186,"Mango":100,"Snake Skull":217,"Incense Burner":100,"Juzu Bracelet":113,"Replay:Mystery Machine":186,"PrismaticShard":114,"ClockworkSouvenir":100,"Dream Catcher":0,"Replay:Bandana":46,"Nunchaku":94,"Tough Bandages":217,"Chameleon Ring":100,"TheAbacus":114,"Mummified Hand":186,"Pantograph":100,"Gambling Chip":186,"Replay:Bottled Snecko":186,"Replay:Drink Me":131,"Runic Pyramid":100,"Gremlin Food":100,"BargainBundle":114,"ReplayTheSpireMod:Ninjato":100,"Replay:Towering Pillar of Hats":186,"Quantum Egg":114,"Guide Book":114,"Replay:WaspNest":100,"Orichalcum":113,"Medical Kit":186,"White Beast Statue":113,"Mercury Hourglass":0,"Peace Pipe":186,"Strange Spoon":167,"Anchor":42,"CaptainsWheel":64,"Pondfish Scales":186,"ChewingGum":231,"Another Sword":114,"Snack Pack":186,"Bag of Marbles":186,"Membership Card":64,"PureWater":202,"FossilizedHelix":0,"TungstenRod":114,"ReplayTheSpireMod:ShopPack":186}],"Unceasing Top":[4],"TungstenRod":2,"Pocketwatch":[6]},"card_choices":[{"not_picked":["HandOfGreed","Mayhem"],"picked":"Sadistic Nature","floor":0},{"not_picked":["Purity","Replay:Bootleg Shield Generator"],"picked":"PanicButton","floor":0},{"not_picked":["ReplayUltimateDefense","ReplayTheSpireMod:Necrogeddon"],"picked":"Dramatic Entrance","floor":0},{"not_picked":["Wraith Form v2","Slice"],"picked":"Blade Dance+1","floor":1},{"not_picked":["Underhanded Strike","Prepared+1"],"picked":"Hidden Blade+1","floor":1},{"not_picked":["Eviscerate","All Out Attack"],"picked":"Distraction+1","floor":2},{"not_picked":["Finisher","Sneak Up+1"],"picked":"Blade Dance+1","floor":2},{"not_picked":["All Out Attack","Dodge and Roll+1"],"picked":"Backflip+1","floor":3},{"not_picked":["Sucker Punch","Flying Knee"],"picked":"Blade Dance+1","floor":3},{"not_picked":["Glass Knife","PiercingWail+1"],"picked":"Distraction+1","floor":4},{"not_picked":["Poisoned Stab","Hidden Blade+1"],"picked":"Blade Dance+1","floor":4},{"not_picked":["Dagger Throw","Eviscerate"],"picked":"Masterful Stab","floor":6},{"not_picked":["Prepared+1","Caltrops"],"picked":"Toxin Wave+1","floor":7},{"not_picked":["Flechettes","Prepared+1"],"picked":"Dodge and Roll+1","floor":7},{"not_picked":["Blur+1","Expertise+1"],"picked":"Crippling Poison+1","floor":10},{"not_picked":["Poisoned Stab","Dodge and Roll+1"],"picked":"Outmaneuver+1","floor":11},{"not_picked":["Underhanded Strike","ReplayTheSpireMod:Scrap Shanks"],"picked":"Toxin Wave+1","floor":11},{"not_picked":["Flechettes","Backstab"],"picked":"Bouncing Flask+1","floor":15},{"not_picked":["ReplayTheSpireMod:Tripwire+1","Terror+1"],"picked":"Blade Dance+1","floor":15},{"not_picked":["Dagger Throw","Replay:Poison Smokescreen+1"],"picked":"Dash","floor":16},{"not_picked":["PiercingWail+1","Dodge and Roll+1"],"picked":"Terror+1","floor":16},{"not_picked":["Malaise+1","Glass Knife"],"picked":"Burst+1","floor":18},{"not_picked":["Sucker Punch","Poisoned Stab"],"picked":"Deadly Poison+1","floor":20},{"not_picked":["Calculated Gamble+1","Acrobatics+1"],"picked":"Hidden Blade+1","floor":20},{"not_picked":["Leg Sweep+1","Acrobatics+1"],"picked":"Deadly Poison+1","floor":21},{"not_picked":["Masterful Stab+1","Dodge and Roll+1"],"picked":"Quick Slash+1","floor":21},{"not_picked":["Die Die Die","Terror+1"],"picked":"Distraction+1","floor":22},{"not_picked":["Blur+1","Dagger Throw"],"picked":"Acrobatics+1","floor":22},{"not_picked":["Backstab","Deadly Poison+1"],"picked":"Toxin Wave+1","floor":23},{"not_picked":["Backflip+1","Sucker Punch"],"picked":"Crippling Poison+1","floor":23},{"not_picked":["ReplayTheSpireMod:Scrap Shanks","Leg Sweep+1"],"picked":"Replay:Poison Smokescreen+1","floor":24},{"not_picked":["Blur+1","Draining Mist+1"],"picked":"Prepared+1","floor":24},{"not_picked":["Draining Mist+1","Endless Agony+1"],"picked":"Outmaneuver+1","floor":25},{"not_picked":["Slice+1","Dodge and Roll+1"],"picked":"Venomology+1","floor":29},{"not_picked":["Underhanded Strike+1","Prepared+1"],"picked":"Deadly Poison+1","floor":29},{"not_picked":["Sucker Punch+1","Replay:Poison Smokescreen+1"],"picked":"Fluid Movement","floor":30},{"not_picked":["Dash+1","Blade Dance+1"],"picked":"Bouncing Flask+1","floor":31},{"not_picked":["Calculated Gamble+1","Underhanded Strike+1"],"picked":"Acrobatics+1","floor":31},{"not_picked":["Eviscerate+1","PiercingWail+1"],"picked":"Quick Slash+1","floor":32},{"not_picked":["Dodge and Roll+1","Deflect+1"],"picked":"Riddle With Holes+1","floor":32},{"not_picked":["Draining Mist+1","Underhanded Strike+1"],"picked":"Masterful Stab+1","floor":33},{"not_picked":["Choke+1","Venomology+1"],"picked":"Deadly Poison+1","floor":33},{"not_picked":["Glass Knife+1","Replay:Bag of Tricks+1"],"picked":"Burst+1","floor":35},{"not_picked":["Underhanded Strike+1","Calculated Gamble+1"],"picked":"Heel Hook+1","floor":37},{"not_picked":["Caltrops+1","Underhanded Strike+1"],"picked":"Heel Hook+1","floor":37},{"not_picked":["All Out Attack+1","Dagger Throw+1","Fluid Movement"],"picked":"SKIP","floor":39},{"not_picked":["Prepared+1","Replay:Poison Smokescreen+1","Acrobatics+1"],"picked":"SKIP","floor":39},{"not_picked":["Hidden Blade+1","Blur+1"],"picked":"Bouncing Flask+1","floor":40},{"not_picked":["Acrobatics+1","PiercingWail+1"],"picked":"Poisoned Stab+1","floor":40},{"not_picked":["ReplayTheSpireMod:Speed Training+1","Underhanded Strike+1","Acrobatics+1"],"picked":"SKIP","floor":42},{"not_picked":["Infinite Blades+1","Dagger Throw+1"],"picked":"Crippling Poison+1","floor":43},{"not_picked":["Tactician+1","Replay:Bag of Tricks+1"],"picked":"Poisoned Stab+1","floor":43},{"not_picked":["Slice+1","ReplayTheSpireMod:Exploit Weakness+1"],"picked":"Distraction+1","floor":47},{"not_picked":["Acrobatics+1","PiercingWail+1","Endless Agony+1"],"picked":"SKIP","floor":48},{"not_picked":["Underhanded Strike+1","Deflect+1","Skewer+1"],"picked":"SKIP","floor":48},{"not_picked":["Finisher+1","Endless Agony+1"],"picked":"Tactician+1","floor":49},{"not_picked":["Hidden Blade+1","Backflip+1","Replay:Poison Smokescreen+1"],"picked":"SKIP","floor":49},{"not_picked":["PiercingWail+1","Dagger Throw+1"],"picked":"ReplayTheSpireMod:From All Sides+1","floor":50}],"player_experience":38026,"relics_obtained":[{"floor":6,"key":"ReplayTheSpireMod:TigerMarble"},{"floor":8,"key":"Potion Belt"},{"floor":9,"key":"Replay:Bandana"},{"floor":10,"key":"Blue Doll"},{"floor":17,"key":"Replay:Ringing Soul"},{"floor":25,"key":"Molten Egg 2"},{"floor":28,"key":"Bag of Marbles"},{"floor":30,"key":"Basket Of Snakes"},{"floor":34,"key":"Replay:Rubber Ducky"},{"floor":42,"key":"StoneCalendar"},{"floor":44,"key":"Replay:Multitool"},{"floor":45,"key":"Eternal Feather"},{"floor":46,"key":"PreservedInsect"},{"floor":47,"key":"Grinning Jar"},{"floor":50,"key":"Orichalcum"},{"floor":51,"key":"Golden Egg"}],"event_choices":[{"damage_healed":0,"gold_gain":0,"player_choice":"Leave","damage_taken":0,"max_hp_gain":0,"max_hp_loss":0,"event_name":"The Cleric","floor":5,"gold_loss":0},{"damage_healed":0,"gold_gain":100,"player_choice":"Pray","damage_taken":0,"max_hp_gain":0,"max_hp_loss":0,"event_name":"Golden Shrine","floor":12,"gold_loss":0},{"damage_healed":0,"gold_gain":0,"player_choice":"Became a vampire","damage_taken":0,"max_hp_gain":0,"max_hp_loss":33,"event_name":"Vampires","floor":26,"gold_loss":0,"cards_obtained":["Bite","Bite","Bite","Bite","Bite"]},{"damage_healed":0,"gold_gain":0,"player_choice":"Bet on Murderer","damage_taken":0,"max_hp_gain":0,"max_hp_loss":0,"event_name":"The Joust","floor":27,"gold_loss":50},{"damage_healed":0,"gold_gain":0,"player_choice":"Upgraded","damage_taken":0,"max_hp_gain":0,"max_hp_loss":0,"event_name":"Upgrade Shrine","floor":38,"gold_loss":0,"cards_upgraded":["Poisoned Stab"]}],"is_beta":false,"boss_relics":[{"not_picked":["Ectoplasm","Replay:Bronze Core"],"picked":"ChewingGum"},{"not_picked":["Calling Bell","Philosopher\u0027s Stone"],"picked":"Cursed Key"}],"items_purged_floors":[41,41,41,41,41,41,41,41,41,41,41,41,41,41,41,41,41,41,41,41,41,41,41],"is_endless":false,"potions_floor_spawned":[3,6,11,15,23,24,30,31,32,33,35,39,40,43,47],"ascension_level":0}}