{"host":"zntn5kfpqqjb7mu3","time":1609140781,"event":{"mods":["AchievementEnabler","Aspiration","BaseMod","Better-Laid Plans","BetterRewards","Colored Map","Colored Powertips","DNKmod","Decade(王小明)","Friendly Minions","Marked Mod","Minty Spire (QoL Compilation)","Permanent Neow","Quick Restart","Rare Cards Sparkle","Relic Stats","Remove Card Discount Mod","Replay The Spire","StSLib","TestMod","Waifu the Spire","vexMod","【遗物卡牌】REMEMod","篝火指南"],"gold_per_floor":[10014,10024,10034,10034,10054,10054,10054,10054],"floor_reached":7,"playtime":555,"items_purged":[],"score":138,"play_id":"90fb680e-4d5b-4f3d-acb5-62cadac2ad99","local_time":"20201228153301","is_ascension_mode":true,"campfire_choices":[{"floor":6,"key":"RECALL"}],"circlet_count":0,"master_deck":["Decade_Attack","Decade_Attack","Decade_Attack","Decade_Attack","KamenRide","Decade_SpecialSkill","Decade_Defend","Decade_Defend","Decade_Defend","Decade_Defend","Doppelganger","KamenRideRyuki","UnarmedAttack8","AutoVajin","Decade_Invisible","RideBooker_Skill_1","PhotonAcceleration"],"relics":["Decadriver","TOEIDeficitBill","testmod-TestBox","REME_ComplimentaryCards","Blue Doll","testmod-ArcanaOfDestiny","Quantum Egg"],"acts_visited":["Exordium"],"potions_floor_usage":[],"damage_taken":[{"damage":0,"enemies":"Cultist","floor":1,"turns":3},{"damage":0,"enemies":"Jaw Worm","floor":2,"turns":2},{"damage":0,"enemies":"Small Slimes","floor":3,"turns":3},{"damage":0,"enemies":"Looter","floor":5,"turns":3},{"damage":18,"enemies":"3 Sentries","floor":7,"turns":6}],"seed_played":"8310433470487299781","potions_obtained":[{"floor":2,"key":"Languid Potion"},{"floor":3,"key":"Languid Potion"},{"floor":5,"key":"Dexterity Potion"}],"is_trial":false,"path_per_floor":["M","M","M","?","M","R","E"],"character_chosen":"Decade","items_purchased":[],"campfire_rested":0,"item_purchase_floors":[],"current_hp_per_floor":[100,100,100,100,100,100,82,82],"gold":10054,"neow_bonus":"RANDOM_COMMON_RELIC","is_daily":false,"chose_seed":false,"campfire_upgraded":0,"win_rate":0.0,"timestamp":1609140781,"path_taken":["M","M","?","?","M","R","E"],"items_purchased_type":[],"build_version":"2020-12-22","purchased_purges":0,"victory":false,"max_hp_per_floor":[100,100,100,100,100,100,100,100],"relic_stats":{"counters":[5,17],"obtain_stats":[{"testmod-TestBox":0,"Quantum Egg":4,"Decadriver":0,"Blue Doll":0,"TOEIDeficitBill":0,"testmod-ArcanaOfDestiny":0,"REME_ComplimentaryCards":0},{"testmod-TestBox":0,"Quantum Egg":3,"Decadriver":0,"Blue Doll":0,"TOEIDeficitBill":0,"testmod-ArcanaOfDestiny":0,"REME_ComplimentaryCards":0},{"testmod-TestBox":0,"Quantum Egg":8,"Decadriver":0,"Blue Doll":0,"TOEIDeficitBill":0,"testmod-ArcanaOfDestiny":0,"REME_ComplimentaryCards":0}]},"card_choices":[{"not_picked":["Decade_Dash1","Kuuga_GouramAttack"],"picked":"KamenRideRyuki","floor":1},{"not_picked":["Blade_Slash","DenO_Ax"],"picked":"UnarmedAttack8","floor":1},{"not_picked":["FormRideDogga","DenO_Sword"],"picked":"AutoVajin","floor":2},{"not_picked":["Kuuga_GouramAttack","Blade_Slash"],"picked":"Decade_Invisible","floor":2},{"not_picked":["PhotonAcceleration","FormRideTitan"],"picked":"RideBooker_Skill_1","floor":3},{"not_picked":["Hibiki_Attack3","Kiva_Bats"],"picked":"PhotonAcceleration","floor":3}],"player_experience":87881,"relics_obtained":[],"event_choices":[{"damage_healed":0,"gold_gain":0,"player_choice":"Gave Potion","damage_taken":0,"relics_obtained":["Quantum Egg"],"max_hp_gain":0,"max_hp_loss":0,"event_name":"WeMeetAgain","floor":4,"gold_loss":0}],"is_beta":false,"boss_relics":[],"items_purged_floors":[],"is_endless":false,"potions_floor_spawned":[2,3,5],"killed_by":"3 Sentries","ascension_level":6}}