{"host":"6xsbn6ynqlzwllfm","time":1609164520,"event":{"mods":["2.2 Compatiblity","BaseMod","Bestiary","Colored Map","Colored Powertips","Curses Come First","Highlight Path","Keyboard Shortcuts","Minty Spire (QoL Compilation)","Quick Restart","Relic Stats","Slay the Relics Exporter","StSLib","SuperFastMode"],"gold_per_floor":[117,117,117,3,3,29,29,39,39,39,64,77,96,129,129,200,200,219,237,74,94,94,94,94,94,94,94,94,106,118,148,148,219,219,230,243,223,242,20,20,50,60,60,91,107,107,140,11,11,11,11,11],"floor_reached":51,"playtime":1649,"items_purged":["Strike_R","Strike_R"],"score":1696,"play_id":"01f15212-226c-490c-ba62-03dde9e03b64","local_time":"20201228090840","is_ascension_mode":true,"campfire_choices":[{"data":"Blood for Blood","floor":7.0,"key":"SMITH"},{"data":"Bash","floor":10.0,"key":"SMITH"},{"data":"Double Tap","floor":15.0,"key":"SMITH"},{"data":"Feed","floor":23,"key":"SMITH"},{"data":"Bloodletting","floor":25,"key":"SMITH"},{"data":"Combust","floor":28,"key":"SMITH"},{"data":"Rupture","floor":32,"key":"SMITH"},{"data":"Brutality","floor":40,"key":"SMITH"},{"floor":46,"key":"REST"},{"data":"Demon Form","floor":49,"key":"SMITH"}],"circlet_count":0,"master_deck":["AscendersBane","Strike_R","Defend_R+1","Defend_R+1","Defend_R","Defend_R","Bash+1","Blood for Blood+1","Ghostly Armor","Cleave+1","Bludgeon+1","Combust+1","Double Tap+1","Impervious","Thunderclap","Feed+1","Rage+1","Bloodletting+1","Brutality+1","Rupture+1","Infernal Blade+1","Impervious","Whirlwind+1","Sword Boomerang+1","Feed+1","Dropkick+1","Demon Form+1"],"relics":["Burning Blood","NeowsBlessing","Pen Nib","Whetstone","Oddly Smooth Stone","Bag of Marbles","Runic Pyramid","Smiling Mask","Molten Egg 2","SlaversCollar","Centennial Puzzle","The Courier","StoneCalendar","Strawberry","PrismaticShard"],"acts_visited":["Exordium","TheCity","TheBeyond"],"potions_floor_usage":[30,36,45,47,47],"damage_taken":[{"damage":0.0,"enemies":"Small Slimes","floor":1.0,"turns":1.0},{"damage":0.0,"enemies":"Gremlin Nob","floor":6.0,"turns":2.0},{"damage":0.0,"enemies":"Jaw Worm","floor":8.0,"turns":1.0},{"damage":22.0,"enemies":"Lagavulin","floor":11.0,"turns":3.0},{"damage":0.0,"enemies":"Cultist","floor":12.0,"turns":2.0},{"damage":0.0,"enemies":"Blue Slaver","floor":13.0,"turns":1.0},{"damage":2.0,"enemies":"Gremlin Nob","floor":14.0,"turns":3.0},{"damage":22,"enemies":"Slime Boss","floor":16,"turns":7},{"damage":20,"enemies":"2 Thieves","floor":18,"turns":3},{"damage":3,"enemies":"Chosen","floor":19,"turns":4},{"damage":7,"enemies":"Snake Plant","floor":21,"turns":4},{"damage":7,"enemies":"3 Cultists","floor":29,"turns":4},{"damage":17,"enemies":"Centurion and Healer","floor":30,"turns":6},{"damage":17,"enemies":"Book of Stabbing","floor":31,"turns":4},{"damage":24,"enemies":"Automaton","floor":33,"turns":5},{"damage":4,"enemies":"Orb Walker","floor":35,"turns":2},{"damage":0,"enemies":"3 Darklings","floor":36,"turns":1},{"damage":19,"enemies":"Jaw Worm Horde","floor":38,"turns":7},{"damage":1,"enemies":"Reptomancer","floor":41,"turns":2},{"damage":33,"enemies":"4 Shapes","floor":42,"turns":6},{"damage":9,"enemies":"Giant Head","floor":44,"turns":5},{"damage":55,"enemies":"Transient","floor":45,"turns":6},{"damage":21,"enemies":"Reptomancer","floor":47,"turns":3},{"damage":68,"enemies":"Time Eater","floor":50,"turns":6},{"damage":22,"enemies":"Awakened One","floor":51,"turns":2}],"seed_played":"-2916843976657378865","potions_obtained":[{"floor":1.0,"key":"FearPotion"},{"floor":6.0,"key":"AttackPotion"},{"floor":12.0,"key":"Fire Potion"},{"floor":13.0,"key":"SmokeBomb"},{"floor":29,"key":"Weak Potion"},{"floor":31,"key":"FearPotion"},{"floor":33,"key":"SteroidPotion"},{"floor":37,"key":"EssenceOfSteel"},{"floor":41,"key":"Explosive Potion"},{"floor":44,"key":"BloodPotion"},{"floor":45,"key":"BlessingOfTheForge"}],"is_trial":false,"path_per_floor":["M","?","?","$","$","E","R","M","T","R","E","M","M","E","R","B",null,"M","M","$","M","?","R","?","R","T","?","R","M","M","E","R","B",null,"M","M","?","M","$","R","E","M","T","E","M","R","E","$","R","B","B"],"character_chosen":"IRONCLAD","items_purchased":["Ghostly Armor","Feed","Centennial Puzzle","PrismaticShard"],"campfire_rested":1,"item_purchase_floors":[4,20,39,48],"current_hp_per_floor":[74,51,44,44,44,50,50,56,56,56,40,46,52,56,56,40,66,52,55,55,57,57,57,57,57,57,57,57,60,53,46,46,32,79,85,91,91,82,82,82,91,68,68,69,42,76,72,72,72,10,0,0],"gold":11,"neow_bonus":"THREE_ENEMY_KILL","is_daily":false,"chose_seed":false,"campfire_upgraded":9,"win_rate":0.0,"timestamp":1609164520,"path_taken":["M","?","?","?","$","E","R","M","T","R","E","?","M","E","R","BOSS","M","M","$","M","?","R","?","R","T","?","R","M","?","E","R","BOSS","M","M","?","M","$","R","E","?","T","E","M","R","E","$","R","BOSS","BOSS"],"items_purchased_type":["Card","Card","Relic","Relic"],"build_version":"2020-12-22","purchased_purges":2,"victory":false,"max_hp_per_floor":[75,75,75,75,75,75,75,75,75,75,75,75,75,75,75,75,75,75,75,75,78,78,78,78,78,78,78,78,82,86,90,90,94,94,98,98,98,102,102,102,106,110,110,114,114,114,125,125,125,125,133,133],"relic_stats":{"Centennial Puzzle":[17],"counters":[25,90],"StoneCalendar":[0],"Pen Nib":[14],"Whetstone":["Bludgeon","Cleave"],"Smiling Mask":50,"obtain_stats":[{"NeowsBlessing":0,"Oddly Smooth Stone":11,"StoneCalendar":44,"Pen Nib":6,"The Courier":41,"Whetstone":9,"Smiling Mask":26,"PrismaticShard":48,"Burning Blood":0,"SlaversCollar":34,"Centennial Puzzle":39,"Strawberry":47,"Molten Egg 2":31,"Bag of Marbles":14,"Runic Pyramid":17},{"NeowsBlessing":0,"Oddly Smooth Stone":4,"StoneCalendar":21,"Pen Nib":2,"The Courier":19,"Whetstone":3,"Smiling Mask":11,"PrismaticShard":23,"Burning Blood":0,"SlaversCollar":15,"Centennial Puzzle":18,"Strawberry":23,"Molten Egg 2":14,"Bag of Marbles":7,"Runic Pyramid":8},{"NeowsBlessing":0,"Oddly Smooth Stone":7,"StoneCalendar":73,"Pen Nib":3,"The Courier":62,"Whetstone":4,"Smiling Mask":31,"PrismaticShard":82,"Burning Blood":0,"SlaversCollar":50,"Centennial Puzzle":60,"Strawberry":82,"Molten Egg 2":45,"Bag of Marbles":13,"Runic Pyramid":20}],"Burning Blood":144},"card_choices":[{"not_picked":["Twin Strike","Headbutt"],"picked":"Blood for Blood","floor":1.0},{"not_picked":["Spot Weakness","Burning Pact"],"picked":"Cleave","floor":6.0},{"not_picked":["Armaments","Sword Boomerang"],"picked":"Bludgeon","floor":8.0},{"not_picked":["Uppercut","Rage"],"picked":"Combust","floor":11.0},{"not_picked":["Thunderclap","Headbutt"],"picked":"Double Tap","floor":14.0},{"not_picked":["Juggernaut","Double Tap"],"picked":"Impervious","floor":16},{"not_picked":["Thunderclap","Clash","Headbutt"],"picked":"SKIP","floor":18},{"not_picked":["Clash","Headbutt"],"picked":"Thunderclap","floor":18},{"not_picked":["Hemokinesis","Shrug It Off"],"picked":"Rage+1","floor":21},{"not_picked":["Body Slam","Inflame"],"picked":"Rupture","floor":29},{"not_picked":["Havoc","Heavy Blade+1"],"picked":"Infernal Blade+1","floor":31},{"not_picked":["Brutality","Double Tap"],"picked":"Impervious","floor":33},{"not_picked":["Iron Wave+1","Flex"],"picked":"Whirlwind+1","floor":35},{"not_picked":["Anger+1","Twin Strike+1"],"picked":"Sword Boomerang+1","floor":42},{"not_picked":["Body Slam+1","Twin Strike+1"],"picked":"Feed+1","floor":44},{"not_picked":["True Grit","Anger+1"],"picked":"Dropkick+1","floor":45},{"not_picked":["Shockwave","Feel No Pain"],"picked":"Demon Form","floor":47}],"player_experience":1061996,"relics_obtained":[{"floor":6.0,"key":"Pen Nib"},{"floor":9.0,"key":"Whetstone"},{"floor":11.0,"key":"Oddly Smooth Stone"},{"floor":14.0,"key":"Bag of Marbles"},{"floor":26,"key":"Smiling Mask"},{"floor":31,"key":"Molten Egg 2"},{"floor":41,"key":"The Courier"},{"floor":44,"key":"StoneCalendar"},{"floor":47,"key":"Strawberry"}],"event_choices":[{"damage_healed":0.0,"max_hp_gain":0.0,"max_hp_loss":0.0,"gold_gain":0.0,"event_name":"Shining Light","player_choice":"Entered Light","floor":2.0,"gold_loss":0.0,"damage_taken":23.0,"cards_upgraded":["Defend_R","Defend_R"]},{"cards_removed":["Strike_R"],"damage_healed":0.0,"max_hp_gain":0.0,"max_hp_loss":0.0,"gold_gain":0.0,"event_name":"Golden Wing","player_choice":"Card Removal","floor":3.0,"gold_loss":0.0,"damage_taken":7.0},{"damage_healed":0,"gold_gain":0,"player_choice":"Ignored","damage_taken":0,"max_hp_gain":0,"max_hp_loss":0,"event_name":"The Mausoleum","floor":22,"gold_loss":0},{"damage_healed":0,"gold_gain":0,"player_choice":"Read","damage_taken":0,"max_hp_gain":0,"max_hp_loss":0,"event_name":"The Library","floor":24,"gold_loss":0,"cards_obtained":["Bloodletting"]},{"damage_healed":0,"gold_gain":0,"cards_transformed":["Strike_R"],"player_choice":"Transformed","damage_taken":0,"max_hp_gain":0,"max_hp_loss":0,"event_name":"Transmorgrifier","floor":27,"gold_loss":0,"cards_obtained":["Brutality"]},{"damage_healed":0,"gold_gain":0,"player_choice":"Bought 1 Potion","damage_taken":0,"max_hp_gain":0,"max_hp_loss":0,"event_name":"The Woman in Blue","floor":37,"gold_loss":0}],"is_beta":false,"boss_relics":[{"not_picked":["Runic Cube","Black Star"],"picked":"Runic Pyramid"},{"not_picked":["Astrolabe","Coffee Dripper"],"picked":"SlaversCollar"}],"items_purged_floors":[4,39],"is_endless":false,"potions_floor_spawned":[1,6,12,13,29,31,33,41,42,44,45],"killed_by":"Awakened One","ascension_level":20}}