{"host":"8vqjvqze17j4iyaj","time":1609135334,"event":{"mods":["Act Like it!","BaseMod","Chen","Colored Powertips","Duelist Mod","Elementarium","Gensokyo","GifTheSpireLib","Infinite Spire","Jorbs\u0027s Wanderer Trilogy","Koishi","Marisa????????","Minty Spire (QoL Compilation)","Rare Cards Sparkle","Reimu??????","Remilia??????","Replay The Spire","StSLib","The Animator","The Cursed","The Forsaken","The Servant 0.9.4","Wandering Minibosses"],"gold_per_floor":[118,118,118,136,61,61,107,127,127,127,127,140,150,150,150,252,252,269,519,519,399,409,437,451,465,519,146,159,159,173,201,201,312,312,326,326,18,18,18,18,45,45,72,83,108,128,128,145,145,153,153],"floor_reached":50,"playtime":4553,"items_purged":["animator:Strike"],"score":612,"play_id":"bff1c188-2b96-4a77-9aa1-8f3cd1880b8e","local_time":"20201227230214","is_ascension_mode":true,"campfire_choices":[{"data":"animator:Demiurge","floor":6,"key":"SMITH"},{"data":"animator:ElricEdward","floor":10,"key":"SMITH"},{"floor":15,"key":"REST"},{"floor":29,"key":"REST"},{"floor":32,"key":"REST"},{"data":"animator:NarberalGamma","floor":40,"key":"SMITH"},{"floor":49,"key":"REST"}],"circlet_count":0,"master_deck":["animator:Strike_Overlord","animator:Defend_Overlord","animator:Strike","animator:Defend","animator:Defend","animator:Defend+1","animator:Cocytus","animator:Demiurge+1","animator:Scar+1","animator:ElricEdward+1","animator:Entoma+3","animator:WinryRockbell","animator:NarberalGamma+1","animator:Aqua","Gensokyo:Apocalypse","animator:RoyMustang+1","animator:ElricAlphonse","animator:Albedo","animator:Genos+1","Gensokyo:PrivateSquare","Pride","animator:Sebas","Gensokyo:Taser"],"relics":["animator:LivingPicture","animator:TheMissingPiece","animator:PurgingStone","Centennial Puzzle","animator:ShionDessert","Gensokyo:LunaticRedEyes","animator:HolyGrailRelic","Gensokyo:MaskOfHope","Orichalcum","infinitespire:Beetle Shell","animator:CerealBox","Whetstone","Empty Cage","Replay:Baseball","DataDisk","Replay:Ringing Soul","infinitespire:Midas Blood"],"acts_visited":["Gensokyo:Gensokyo","Gensokyo:Gensokyoer","Gensokyo:Gensokyoest"],"potions_floor_usage":[16,16,23,23,25,30,45,45,46,50],"damage_taken":[{"damage":7,"enemies":"Gensokyo:3_Fairies","floor":1,"turns":4},{"damage":1,"enemies":"Gensokyo:Python","floor":4,"turns":3},{"damage":35,"enemies":"Gensokyo:Cirno","floor":7,"turns":7},{"damage":4,"enemies":"Gensokyo:2_Kodama","floor":8,"turns":2},{"damage":5,"enemies":"Gensokyo:VengefulSpirit","floor":12,"turns":4},{"damage":1,"enemies":"Gensokyo:2_Rabbits","floor":13,"turns":4},{"damage":13,"enemies":"Gensokyo:Kokoro","floor":16,"turns":9},{"damage":26,"enemies":"Gensokyo:CosmicMonolith","floor":18,"turns":4},{"damage":2,"enemies":"Gensokyo:Chomper","floor":22,"turns":4},{"damage":17,"enemies":"Gensokyo:Koishi","floor":23,"turns":6},{"damage":12,"enemies":"Gensokyo:Mirror_and_Dog","floor":24,"turns":4},{"damage":1,"enemies":"Gensokyo:Chomper_and_Gloop","floor":25,"turns":4},{"damage":17,"enemies":"Gensokyo:Wraith","floor":28,"turns":4},{"damage":10,"enemies":"Gensokyo:Swordslinger","floor":30,"turns":4},{"damage":5,"enemies":"Gensokyo:Tenshi","floor":31,"turns":4},{"damage":60,"enemies":"Gensokyo:Eternal_Rivals","floor":33,"turns":11},{"damage":9,"enemies":"Gensokyo:3_Bats","floor":35,"turns":3},{"damage":11,"enemies":"Gensokyo:Doremy","floor":41,"turns":5},{"damage":17,"enemies":"Gensokyo:AncientGuardian","floor":44,"turns":7},{"damage":24,"enemies":"Gensokyo:Kasen","floor":45,"turns":5},{"damage":22,"enemies":"Gensokyo:AtlasGolem","floor":46,"turns":5},{"damage":20,"enemies":"Gensokyo:SeedOfUnknown","floor":48,"turns":5},{"damage":83,"enemies":"Gensokyo:Scarlet_Devils","floor":50,"turns":11}],"seed_played":"1121823329661906507","potions_obtained":[{"floor":4,"key":"Elixir"},{"floor":8,"key":"Toxic Potion"},{"floor":16,"key":"Swift Potion"},{"floor":22,"key":"Strength Potion"},{"floor":24,"key":"LiquidMemories"},{"floor":25,"key":"LifebloodPotion"},{"floor":28,"key":"ColorlessPotion"},{"floor":31,"key":"GrandPatriotsElixir:ReiMu"},{"floor":41,"key":"Energy Potion"},{"floor":48,"key":"Block Potion"}],"is_trial":false,"path_per_floor":["M","?","COS","M","$","R","E","M","T","R","?","M","M","?","R","B",null,"M","?","?","?","M","E","M","M","T","COS","M","R","M","E","R","B",null,"M","?","$","?","?","R","E","?","T","M","E","M","COS","M","R","B"],"character_chosen":"THE_ANIMATOR","items_purchased":["Replay:Baseball","DataDisk"],"campfire_rested":4,"item_purchase_floors":[37,37],"current_hp_per_floor":[59,59,59,58,58,58,23,21,21,21,21,16,15,15,35,24,76,56,56,56,56,56,41,35,38,38,38,23,49,43,42,69,13,93,88,74,74,74,74,74,69,72,72,59,37,23,23,21,52,0,0],"gold":153,"neow_bonus":"THREE_CARDS","is_daily":false,"chose_seed":false,"campfire_upgraded":3,"win_rate":0.0,"timestamp":1609135334,"path_taken":["M","?","COS","M","$","R","E","M","T","R","?","?","M","?","R","BOSS","M","?","?","?","?","E","M","M","T","COS","M","R","M","E","R","BOSS","M","?","$","?","?","R","E","?","T","?","E","M","COS","M","R","BOSS"],"items_purchased_type":["Relic","Relic"],"build_version":"2020-12-22","purchased_purges":1,"victory":false,"max_hp_per_floor":[66,66,66,66,66,66,66,68,68,68,68,68,68,68,68,68,76,81,77,77,77,79,81,85,87,87,87,87,87,89,91,91,93,93,95,95,95,95,95,95,99,102,102,104,104,104,104,104,104,101,101],"card_choices":[{"not_picked":["animator:Ara","animator:Kaijin"],"picked":"animator:Scar","floor":0},{"not_picked":["animator:AcuraTooru","animator:Tatsumaki","animator:Alexander"],"picked":"SKIP","floor":1},{"not_picked":["animator:Millim","animator:SilverFang"],"picked":"animator:ElricEdward","floor":4},{"not_picked":["animator:Hakurou","animator:Evileye"],"picked":"animator:Entoma","floor":7},{"not_picked":["animator:Hakurou","animator:Ara"],"picked":"animator:WinryRockbell","floor":12},{"not_picked":["animator:SilverFang","animator:Ara"],"picked":"animator:Aqua","floor":13},{"not_picked":["animator:SakuraMatou+1","animator:Lu+1"],"picked":"animator:NarberalGamma","floor":18},{"not_picked":["animator:Demiurge","animator:MumenRider"],"picked":"animator:Aqua","floor":23},{"not_picked":["animator:SilverFang","animator:Ara","animator:EmiyaShirou"],"picked":"SKIP","floor":24},{"not_picked":["animator:Raven+1","animator:EmiyaShirou","animator:Sloth"],"picked":"SKIP","floor":25},{"not_picked":["animator:Pride","animator:WinryRockbell"],"picked":"animator:RoyMustang","floor":28},{"not_picked":["animator:SilverFang","animator:ShinjiMatou","animator:Geryuganshoop"],"picked":"SKIP","floor":30},{"not_picked":["animator:Caster","animator:Sloth"],"picked":"animator:ElricAlphonse","floor":31},{"not_picked":["animator:Eris","animator:Hans"],"picked":"animator:Albedo","floor":33},{"not_picked":["animator:Vanir","animator:Cocytus"],"picked":"animator:Genos+1","floor":35},{"not_picked":["animator:PandorasActor","animator:NarberalGamma"],"picked":"animator:Sebas","floor":41},{"not_picked":["animator:Vesta","animator:SilverFang+1","animator:Genos"],"picked":"SKIP","floor":44},{"not_picked":["animator:Tatsumaki","animator:Add","animator:NarberalGamma+1"],"picked":"SKIP","floor":45},{"not_picked":["animator:Boros","animator:Scar","animator:Laby+1"],"picked":"SKIP","floor":46}],"player_experience":267721,"relics_obtained":[{"floor":7,"key":"Centennial Puzzle"},{"floor":9,"key":"animator:ShionDessert"},{"floor":23,"key":"Orichalcum"},{"floor":26,"key":"infinitespire:Beetle Shell"},{"floor":31,"key":"Whetstone"},{"floor":41,"key":"Replay:Ringing Soul"},{"floor":45,"key":"infinitespire:Midas Blood"}],"event_choices":[],"is_beta":false,"boss_relics":[{"not_picked":["Abe\u0027s Treasure","Calling Bell"],"picked":"animator:HolyGrailRelic"},{"not_picked":["Replay:Ancient Bell","Black Star"],"picked":"Empty Cage"}],"items_purged_floors":[5],"is_endless":false,"potions_floor_spawned":[4,8,16,22,24,25,28,31,41,44,48],"killed_by":"Gensokyo:Scarlet_Devils","ascension_level":1}}