{"host":"s1vy8rtdj748rey3","time":1609173591,"event":{"mods":["Aspiration","BaseMod","Beaked The Cultist","BetterRewards","Block Reminder","Conspire","Downfall","Friendly Minions","GifTheSpireLib","Halation","Hermit","Hubris","Infinite Spire","Jorbs\u0027s Wanderer Trilogy","Lobotomy","LobotomyExtend","Minty Spire (QoL Compilation)","Rare Cards Sparkle","Replay The Spire","Small Relic Pack","StSLib","Stuff the Spire","Transform Curses","Waifu the Spire","vexMod"],"gold_per_floor":[109,124,124,124,143,143,143,143,143,157,122,12,29,43,43,146,146,161,161,161,161,161,161,173,173,246,259,259,259,259,259],"floor_reached":30,"playtime":1325,"items_purged":[],"score":240,"play_id":"f43abe88-7cd5-472a-a719-2ae14ad40fe6","local_time":"20201228203951","is_ascension_mode":true,"campfire_choices":[{"data":"hermit:Combo","floor":6,"key":"SMITH"},{"data":"hermit:PistolWhip","floor":8,"key":"SMITH"},{"floor":15,"key":"REST"},{"data":"ReplayTheSpireMod:Book of Names","floor":23,"key":"SMITH"},{"floor":25,"key":"REST"}],"circlet_count":0,"master_deck":["hermit:Strike_Hermit","hermit:Strike_Hermit","hermit:Strike_Hermit","hermit:Defend_Hermit","hermit:Defend_Hermit","hermit:Defend_Hermit","hermit:Snapshot","hermit:Covet","Replay:Dark Deal+1","hermit:WideOpen","hermit:PistolWhip+1","hermit:SprayPray","hermit:Combo+1","hermit:TakeAim","hermit:Enervate","hermit:TakeAim","hermit:Headshot","hermit:Vantage","hermit:HighNoon","hermit:Spite","hubris:InfiniteBlow","ReplayTheSpireMod:Book of Names+1","hermit:HighCaliber+1","hermit:Brawl+1"],"relics":["StuffTheSpire:OccultApparatus","Replay:Kaleidoscope","hermit:CharredGlove","LetterFromLob","Du-Vu Doll","hubris:TerracottaHorce","hubris:Icosahedron","infinitespire:WardingShard","relicPack:OneForAll","Pear","Quantum Egg","relicPack:DSword"],"acts_visited":["Exordium","TheCity"],"potions_floor_usage":[],"damage_taken":[{"damage":7,"enemies":"2 Louse","floor":1,"turns":2},{"damage":1,"enemies":"Cultist","floor":2,"turns":3},{"damage":12,"enemies":"Jaw Worm","floor":5,"turns":2},{"damage":14,"enemies":"Red Slaver","floor":10,"turns":3},{"damage":0,"enemies":"Large Slime","floor":13,"turns":1},{"damage":23,"enemies":"3 Louse","floor":14,"turns":3},{"damage":28,"enemies":"Slime Boss","floor":16,"turns":7},{"damage":19,"enemies":"Shell Parasite","floor":18,"turns":4},{"damage":30,"enemies":"3 Byrds","floor":24,"turns":5},{"damage":34,"enemies":"Snecko","floor":27,"turns":5},{"damage":20,"enemies":"Shelled Parasite and Fungi","floor":30,"turns":2}],"seed_played":"3111105452928194423","potions_obtained":[{"floor":5,"key":"BlessingOfTheForge"},{"floor":10,"key":"SpeedPotion"},{"floor":16,"key":"hermit:BlackBile"}],"is_trial":false,"path_per_floor":["M","M","?","?","M","R","?","R","T","M","?","$","M","M","R","B",null,"M","?","?","AVR","?","R","M","R","T","M","T","?","M"],"character_chosen":"HERMIT","items_purchased":["hermit:CharredGlove","Replay:Dark Deal","hermit:WideOpen","hermit:Enervate","hermit:TakeAim"],"campfire_rested":2,"item_purchase_floors":[0,0,0,12,12],"current_hp_per_floor":[68,67,67,67,55,55,55,55,55,41,59,59,59,36,58,30,64,45,45,45,45,45,45,45,67,77,43,43,8,3,3],"gold":259,"neow_bonus":"","is_daily":false,"chose_seed":false,"campfire_upgraded":3,"win_rate":0.0,"timestamp":1609173591,"path_taken":["M","M","?","?","?","R","?","R","T","?","?","$","M","M","R","BOSS","M","?","?","AVR","?","R","M","R","T","?","?","?","M"],"items_purchased_type":["Relic","Card","Card","Card","Card"],"build_version":"2020-12-22","purchased_purges":0,"victory":false,"max_hp_per_floor":[75,75,75,75,75,75,75,75,75,75,75,75,75,75,75,75,75,75,75,75,75,75,75,75,75,85,85,85,85,85,85],"card_choices":[{"not_picked":["hermit:Midnight","hermit:Ricochet"],"picked":"hermit:PistolWhip","floor":1},{"not_picked":["hermit:Desperado","hermit:BodyArmor"],"picked":"hermit:SprayPray","floor":2},{"not_picked":["hermit:Headshot","hermit:LowProfile"],"picked":"hermit:Combo","floor":5},{"not_picked":["hermit:WideOpen","hermit:ItchyTrigger"],"picked":"hermit:TakeAim","floor":10},{"not_picked":["hermit:WideOpen","hermit:Horror"],"picked":"hermit:Headshot","floor":13},{"not_picked":["hermit:Enervate","hermit:Maintenance"],"picked":"hermit:Vantage","floor":14},{"not_picked":["hermit:Dissolve","hermit:DeadOrAlive"],"picked":"hermit:HighNoon","floor":16},{"not_picked":["hermit:WideOpen","hermit:HighCaliber"],"picked":"hermit:Spite","floor":18},{"not_picked":["hermit:WideOpen","hermit:Vantage"],"picked":"hermit:HighCaliber+1","floor":24},{"not_picked":["hermit:LowProfile","hermit:Gestalt"],"picked":"hermit:Brawl+1","floor":27}],"player_experience":199686,"relics_obtained":[{"floor":1,"key":"LetterFromLob"},{"floor":9,"key":"Du-Vu Doll"},{"floor":26,"key":"Pear"},{"floor":28,"key":"Quantum Egg"}],"event_choices":[{"damage_healed":0,"gold_gain":0,"player_choice":"Upgraded","damage_taken":0,"max_hp_gain":0,"max_hp_loss":0,"event_name":"Upgrade Shrine","floor":4,"gold_loss":0,"cards_upgraded":["Replay:Dark Deal"]},{"cards_removed":["hermit:Strike_Hermit"],"damage_healed":0,"gold_gain":0,"player_choice":"Card Removal","damage_taken":0,"max_hp_gain":0,"max_hp_loss":0,"event_name":"Wheel of Change","floor":7,"gold_loss":0},{"damage_healed":18,"gold_gain":0,"player_choice":"Healed","damage_taken":0,"max_hp_gain":0,"max_hp_loss":0,"event_name":"The Cleric","floor":11,"gold_loss":35}],"is_beta":false,"boss_relics":[{"not_picked":["hubris:RunicObelisk","hermit:BartenderGlass"],"picked":"hubris:TerracottaHorce"}],"items_purged_floors":[],"is_endless":false,"potions_floor_spawned":[5,10,16,24],"killed_by":"Shelled Parasite and Fungi","ascension_level":2}}