{"host":"t8xcc1szlyy3f8no","time":1609181568,"event":{"mods":["BaseMod","BetterRewards","Colored Map","Colored Powertips","Downfall","Duelist Mod","Minty Spire (QoL Compilation)","Quick Restart","Rare Cards Sparkle","Spicy Shops","StSLib","SuperFastMode","The Construct"],"gold_per_floor":[140,140,151,51,77,77,42,60,133,149,24,43,69,81,81,184,184,198,198,198,9,23,54,54,69,69,84,104,131,150,167,167,167,167],"floor_reached":33,"playtime":1998,"items_purged":["theDuelist:Sparks","theDuelist:VampireCurse","theDuelist:Sparks"],"score":316,"play_id":"b2965646-9c0f-4964-b36e-ee234458a203","local_time":"20201228185248","is_ascension_mode":false,"campfire_choices":[{"data":"theDuelist:ForbiddenLance","floor":6,"key":"SMITH"},{"data":"theDuelist:SmashingGround","floor":15,"key":"SMITH"},{"data":"theDuelist:ForbiddenLance+1","floor":24,"key":"SMITH"},{"floor":32,"key":"REST"}],"circlet_count":0,"master_deck":["theDuelist:IrisEarthMother+1","theDuelist:MysticalElf+1","theDuelist:ClearKuriboh+1","theDuelist:SkilledDarkMagician+1","theDuelist:MagiciansRobe","theDuelist:ForbiddenLance+2","theDuelist:FairyBox","theDuelist:NeoMagic","theDuelist:SmashingGround+1","theDuelist:Yami","theDuelist:ScrapFactory","theDuelist:Sparks","theDuelist:WonderWand","theDuelist:WingedKuriboh","theDuelist:MysticalElf","theDuelist:TimeWizard+1","theDuelist:DarkMagician","theDuelist:NeoMagic","theDuelist:CastleWalls","theDuelist:SpiritHarp","theDuelist:MillenniumShield","theDuelist:FogKing+1","theDuelist:Illusionist","theDuelist:CircleFireKings+1","theDuelist:GoblinSecret"],"relics":["theDuelist:MillenniumPuzzle","theDuelist:CardPoolRelic","theDuelist:CardPoolBasicRelic","theDuelist:BoosterPackPoolRelic","theDuelist:CardPoolAddRelic","theDuelist:CardPoolMinusRelic","theDuelist:CardPoolSaveRelic","theDuelist:CardPoolOptionsRelic","War Paint","TungstenRod","theDuelist:MillenniumArmor","theDuelist:MetronomeRelicD","theDuelist:BoosterPackMonsterEgg","Philosopher\u0027s Stone","MutagenicStrength","PreservedInsect","Darkstone Periapt","Eternal Feather","Boot"],"acts_visited":["Exordium","TheCity"],"potions_floor_usage":[13,16,16,16,30,30,30,33,33],"damage_taken":[{"damage":0,"enemies":"2 Louse","floor":1,"turns":4},{"damage":2,"enemies":"Small Slimes","floor":3,"turns":6},{"damage":0,"enemies":"Jaw Worm","floor":8,"turns":6},{"damage":0,"enemies":"Exordium Wildlife","floor":10,"turns":4},{"damage":0,"enemies":"Lots of Slimes","floor":12,"turns":9},{"damage":15,"enemies":"3 Sentries","floor":13,"turns":9},{"damage":0,"enemies":"Blue Slaver","floor":14,"turns":6},{"damage":28,"enemies":"The Guardian","floor":16,"turns":11},{"damage":0,"enemies":"Shell Parasite","floor":18,"turns":8},{"damage":0,"enemies":"2 Thieves","floor":22,"turns":3},{"damage":0,"enemies":"theDuelist:KaibaA2","floor":23,"turns":2},{"damage":10,"enemies":"Snake Plant","floor":25,"turns":4},{"damage":14,"enemies":"Centurion and Healer","floor":27,"turns":7},{"damage":0,"enemies":"Snecko","floor":28,"turns":5},{"damage":18,"enemies":"Book of Stabbing","floor":29,"turns":5},{"damage":21,"enemies":"3 Cultists","floor":30,"turns":6},{"damage":0,"enemies":"Cultist and Chosen","floor":31,"turns":4},{"damage":68,"enemies":"Automaton","floor":33,"turns":6}],"seed_played":"-2816762094631999220","potions_obtained":[{"floor":1,"key":"theDuelist:SolderPotionB"},{"floor":8,"key":"Regen Potion"},{"floor":12,"key":"SkillPotion"},{"floor":13,"key":"theDuelist:CoolBottle"},{"floor":18,"key":"theDuelist:FlamingBottle"},{"floor":27,"key":"GamblersBrew"},{"floor":28,"key":"theDuelist:SolderPotionB"},{"floor":30,"key":"theDuelist:CoolBottle"},{"floor":31,"key":"GamblersBrew"}],"is_trial":false,"path_per_floor":["M","?","M","$","?","R","?","M","T","M","$","M","E","M","R","B",null,"M","?","?","$","M","E","R","M","T","M","M","E","M","M","R","B"],"character_chosen":"THE_DUELIST","items_purchased":["theDuelist:WonderWand","theDuelist:SmashingGround","Juzu Bracelet","War Paint","theDuelist:Yami","PreservedInsect"],"campfire_rested":1,"item_purchase_floors":[0,0,0,0,21,21],"current_hp_per_floor":[44,44,42,42,42,42,62,62,62,62,62,62,47,47,47,34,80,80,80,80,80,80,80,80,70,70,56,56,38,17,17,56,0,0],"gold":167,"neow_bonus":"","is_daily":false,"chose_seed":false,"campfire_upgraded":3,"win_rate":0.0,"timestamp":1609181568,"path_taken":["M","?","M","$","?","R","?","M","T","M","$","M","E","M","R","BOSS","M","?","?","?","M","E","R","M","T","M","M","E","?","M","R","BOSS"],"items_purchased_type":["Card","Card","Relic","Relic","Card","Relic"],"build_version":"2020-12-22","purchased_purges":3,"victory":false,"max_hp_per_floor":[80,80,80,80,80,80,80,80,80,80,80,80,80,80,80,80,80,80,80,80,80,80,80,80,80,80,80,80,80,80,80,80,80,80],"card_choices":[{"not_picked":["theDuelist:SpellShatteringArrow","theDuelist:ThousandEyesIdol","theDuelist:LordD","theDuelist:CircleFireKings"],"picked":"theDuelist:SpiritHarp","floor":1},{"not_picked":["theDuelist:AttackTheMoon","theDuelist:GraniteLoyalist","theDuelist:RainbowOverdragon","theDuelist:WormWarlord"],"picked":"theDuelist:ForbiddenLance","floor":3},{"not_picked":["theDuelist:InjectionFairy","theDuelist:AltarTribute","theDuelist:NeoMagic","theDuelist:GeminiElf"],"picked":"theDuelist:MagiciansRobe","floor":8},{"not_picked":["theDuelist:InjectionFairy","theDuelist:SangaThunder","theDuelist:MysticalElf","theDuelist:CrystalWingDragon"],"picked":"theDuelist:Illusionist","floor":10},{"not_picked":["theDuelist:Hinotama","theDuelist:BattleFootballer","theDuelist:RainbowBridge","theDuelist:GemArmadillo"],"picked":"theDuelist:ScrapFactory","floor":12},{"not_picked":["theDuelist:BigEye","theDuelist:LightningRodLord","theDuelist:CatapultZone","theDuelist:RedHeadedOni"],"picked":"theDuelist:WingedKuriboh","floor":13},{"not_picked":["theDuelist:DarkMagician+1","theDuelist:CrystalWingDragon+1","theDuelist:ExodiaRL+1","theDuelist:MagiciansRod"],"picked":"theDuelist:GoblinSecret","floor":14},{"not_picked":["theDuelist:ExodiaHead+1","theDuelist:RainbowDarkDragon+1","theDuelist:VoidVanishment","theDuelist:SangaWater+1"],"picked":"theDuelist:IrisEarthMother+1","floor":16},{"not_picked":["theDuelist:SilentDoom","theDuelist:MagicalBlast","theDuelist:CallAtlanteans+1","theDuelist:MagiciansRobe+1"],"picked":"theDuelist:CircleFireKings+1","floor":18},{"not_picked":["theDuelist:SilentDoom+1","theDuelist:ApprenticeIllusionMagician+1","theDuelist:FuryFire+1","theDuelist:DianKeto+1"],"picked":"theDuelist:ClearKuriboh+1","floor":22},{"not_picked":["theDuelist:SangaThunder+1","theDuelist:FlyingSaucer+1","theDuelist:ThousandEyesIdol+1","theDuelist:ExodiaLA+1"],"picked":"theDuelist:FairyBox","floor":23},{"not_picked":["theDuelist:SpellShatteringArrow","theDuelist:SilentDoom","theDuelist:OnslaughtFireKings+1","theDuelist:CallAtlanteans+1","theDuelist:GoblinSecret+1"],"picked":"SKIP","floor":25},{"not_picked":["theDuelist:NeoMagic+1","theDuelist:GeminiElf+1","theDuelist:Mudballman+1","theDuelist:InjectionFairy+1","theDuelist:StatueAnguishPattern"],"picked":"SKIP","floor":27},{"not_picked":["theDuelist:NeoMagic+1","theDuelist:GeminiElf+1","theDuelist:Mudballman+1","theDuelist:InjectionFairy+1","theDuelist:StatueAnguishPattern"],"picked":"SKIP","floor":27},{"not_picked":["theDuelist:ExodiaRL+1","theDuelist:LordD+1","theDuelist:MindAir+1","theDuelist:DarkMagicianGirl+1"],"picked":"theDuelist:SkilledDarkMagician+1","floor":28},{"not_picked":["theDuelist:DokiDoki+1","theDuelist:DummyGolem+1","theDuelist:EvilswarmHeliotrope+1","theDuelist:GolemSentry+1","theDuelist:MagicHoleGolem+1"],"picked":"SKIP","floor":29},{"not_picked":["theDuelist:BlizzardWarrior+1","theDuelist:NeoMagic+1","theDuelist:InjectionFairy+1","theDuelist:DarkMagician+1"],"picked":"theDuelist:FogKing+1","floor":30},{"not_picked":["theDuelist:DarkMagician+1","theDuelist:DoomShaman+1","theDuelist:Relinquished+1","theDuelist:Graverobber+1"],"picked":"theDuelist:TimeWizard+1","floor":31}],"player_experience":39573,"relics_obtained":[{"floor":9,"key":"theDuelist:MetronomeRelicD"},{"floor":13,"key":"theDuelist:BoosterPackMonsterEgg"},{"floor":23,"key":"Darkstone Periapt"},{"floor":26,"key":"Eternal Feather"},{"floor":29,"key":"Boot"}],"event_choices":[{"damage_healed":0,"gold_gain":0,"player_choice":"Took item - Received: Millennium Armor","duelist":true,"damage_taken":0,"max_hp_gain":0,"max_hp_loss":0,"event_name":"Millennium Items","floor":2,"gold_loss":0},{"damage_healed":0,"gold_gain":0,"player_choice":"Sold Castle Walls+ for 26 Gold.","duelist":true,"damage_taken":0,"max_hp_gain":0,"max_hp_loss":0,"event_name":"Card Trader","floor":5,"gold_loss":0},{"damage_healed":20,"gold_gain":0,"player_choice":"Healed","damage_taken":0,"max_hp_gain":0,"max_hp_loss":0,"event_name":"The Cleric","floor":7,"gold_loss":35},{"total_magic_score":75,"gold_gain":0,"duelist":true,"damage_taken":0,"relics_obtained":[],"points":1,"max_hp_gain":0,"max_hp_loss":0,"spent_points":{"magic":1,"greed":0,"war":0,"power":0,"hunger":0},"event_name":"Nameless Tomb","floor":19,"gold_loss":0,"cards_obtained":[]},{"damage_healed":0,"gold_gain":0,"player_choice":"Inject Mutagens","damage_taken":0,"relics_obtained":["MutagenicStrength"],"max_hp_gain":0,"max_hp_loss":0,"event_name":"Drug Dealer","floor":20,"gold_loss":0}],"is_beta":false,"boss_relics":[{"not_picked":["Tiny House","Ectoplasm"],"picked":"Philosopher\u0027s Stone"}],"items_purged_floors":[0,4,11],"is_endless":false,"potions_floor_spawned":[1,8,12,13,18,27,28,30,31],"killed_by":"Automaton","ascension_level":0}}