{"host":"c5j8t0wyh2hvx9ju","time":1609139312,"event":{"mods":["Astrologer","BaseMod","BetterRewards","HololiveMod","Minty Spire (QoL Compilation)","Prisma Mod","StSLib"],"gold_per_floor":[118,118,138,154,61,89,161,173,173,185,185,260,287,301,301,301,301],"floor_reached":16,"playtime":548,"items_purged":[],"score":146,"play_id":"970b6a74-1acd-4ee5-97a2-49c8e51b4fe8","local_time":"20201228160832","is_ascension_mode":true,"campfire_choices":[{"floor":11,"key":"REST"},{"floor":15,"key":"REST"}],"circlet_count":0,"master_deck":["Strike_B","Strike_B","Strike_B","Strike_B","Defend_B","Defend_B","Defend_B","Defend_B","Zap","Dualcast","Capacitor","Steam","Gash","Chaos","Ball Lightning","Steam","Conserve Battery"],"relics":["Cracked Core","NeowsBlessing","CultistMask","Lantern","Shuriken","Vajra","Potion Belt"],"acts_visited":["Exordium"],"potions_floor_usage":[6,6,13,13,16,16],"damage_taken":[{"damage":0,"enemies":"Jaw Worm","floor":1,"turns":1},{"damage":0,"enemies":"Cultist","floor":3,"turns":1},{"damage":0,"enemies":"Small Slimes","floor":4,"turns":1},{"damage":36,"enemies":"Lagavulin","floor":6,"turns":8},{"damage":5,"enemies":"2 Fungi Beasts","floor":8,"turns":4},{"damage":8,"enemies":"Exordium Wildlife","floor":10,"turns":4},{"damage":4,"enemies":"Gremlin Nob","floor":13,"turns":3},{"damage":8,"enemies":"Blue Slaver","floor":14,"turns":4},{"damage":43,"enemies":"Slime Boss","floor":16,"turns":10}],"seed_played":"1901797078302542561","potions_obtained":[{"floor":1,"key":"DuplicationPotion"},{"floor":3,"key":"Fire Potion"},{"floor":4,"key":"Dexterity Potion"},{"floor":10,"key":"AttackPotion"},{"floor":13,"key":"Swift Potion"},{"floor":14,"key":"DistilledChaos"}],"is_trial":false,"path_per_floor":["M","?","M","M","$","E","T","M","T","M","R","?","E","M","R","B"],"character_chosen":"DEFECT","items_purchased":["Gash","Block Potion"],"campfire_rested":2,"item_purchase_floors":[5,5],"current_hp_per_floor":[68,68,68,68,68,32,32,27,27,19,41,30,26,18,40,0,0],"gold":301,"neow_bonus":"THREE_ENEMY_KILL","is_daily":false,"chose_seed":false,"campfire_upgraded":0,"win_rate":0.0,"timestamp":1609139312,"path_taken":["M","?","M","?","?","E","?","M","T","M","R","?","E","M","R","BOSS"],"items_purchased_type":["Card","Potion"],"build_version":"2020-12-22","purchased_purges":0,"victory":false,"max_hp_per_floor":[75,75,75,75,75,75,75,75,75,75,75,75,75,75,75,75,75],"card_choices":[{"not_picked":["Go for the Eyes","Sweeping Beam"],"picked":"Capacitor","floor":1},{"not_picked":["Amplify","Coolheaded"],"picked":"Steam","floor":3},{"not_picked":["Compile Driver","Tempest","Fusion"],"picked":"SKIP","floor":4},{"not_picked":["Lockon","Redo","Hello World"],"picked":"SKIP","floor":6},{"not_picked":["Sweeping Beam","Go for the Eyes"],"picked":"Chaos","floor":8},{"not_picked":["Fusion","Darkness"],"picked":"Ball Lightning","floor":10},{"not_picked":["Rebound","Static Discharge"],"picked":"Steam","floor":13},{"not_picked":["Reboot","Rebound"],"picked":"Conserve Battery","floor":14}],"player_experience":874231,"relics_obtained":[{"floor":6,"key":"Lantern"},{"floor":7,"key":"Shuriken"},{"floor":9,"key":"Vajra"},{"floor":13,"key":"Potion Belt"}],"event_choices":[{"damage_healed":0,"gold_gain":0,"player_choice":"Trade","damage_taken":0,"relics_obtained":["CultistMask"],"max_hp_gain":0,"max_hp_loss":0,"event_name":"FaceTrader","floor":2,"gold_loss":0},{"damage_healed":0,"gold_gain":75,"player_choice":"Gather Gold","damage_taken":11,"max_hp_gain":0,"max_hp_loss":0,"event_name":"World of Goop","floor":12,"gold_loss":0}],"is_beta":false,"boss_relics":[],"items_purged_floors":[],"is_endless":false,"potions_floor_spawned":[1,3,4,10,13,14],"killed_by":"Slime Boss","ascension_level":6}}