{"host":"wgmbtq7u7cgqo6r7","time":1609133698,"event":{"mods":["BaseMod","Minty Spire (QoL Compilation)","Rare Cards Sparkle","StSLib","The Cursed","everything is the same but u backflip on backflip"],"gold_per_floor":[116,126,145,156,173,201,212,212,212,229,229,229,262,4,4,100,100,110,110,209,221,221,253,267,267,267,267,294,309,328,339,339,443,443,461,479,479,0,222,222,222,222,222,234,234,234,288,298,298,298,298,298,3,36,36],"floor_reached":56,"playtime":3324,"items_purged":["TheCursedMod:Strike_TheCursed"],"score":1154,"play_id":"f6e129bf-473e-4ce7-ab9e-5ce09395996f","local_time":"20201228003458","is_ascension_mode":false,"campfire_choices":[{"floor":8,"key":"REST"},{"floor":11,"key":"REST"},{"floor":15,"key":"REST"},{"floor":25,"key":"REST"},{"floor":27,"key":"RECALL"},{"floor":32,"key":"REST"},{"data":"TheCursedMod:VoidForm","floor":40,"key":"SMITH"},{"data":"TheCursedMod:CollectTribute","floor":42,"key":"SMITH"},{"data":"TheCursedMod:StunningStrike","floor":46,"key":"SMITH"},{"data":"TheCursedMod:CursedBlade","floor":49,"key":"SMITH"},{"data":"TheCursedMod:FleshFromBone","floor":52,"key":"SMITH"}],"circlet_count":0,"master_deck":["TheCursedMod:Strike_TheCursed","TheCursedMod:Strike_TheCursed","TheCursedMod:Defend_TheCursed+1","TheCursedMod:Defend_TheCursed","TheCursedMod:Defend_TheCursed","TheCursedMod:Defend_TheCursed","TheCursedMod:CursedWand","TheCursedMod:CleanUpWorkshop","TheCursedMod:Dregs","TheCursedMod:WearCloak","TheCursedMod:SoulCrush","TheCursedMod:CursedBlade+1","TheCursedMod:Wield","TheCursedMod:Obscuration+1","TheCursedMod:FleshFromBone+1","TheCursedMod:SpitefulPray","TheCursedMod:CursedBoomerang","TheCursedMod:CircleOfCorruption","TheCursedMod:CollectTribute+1","CurseOfTheBell","TheCursedMod:SoulReap+1","Shame","TheCursedMod:SpitefulStrike","TheCursedMod:LuckyCharm+1","TheCursedMod:VoidForm+1","TheCursedMod:AbyssShockwave+1","TheCursedMod:HellfireBreathing+1","TheCursedMod:StunningStrike+1","TheCursedMod:CursedArmor+1","TheCursedMod:VoidForm+1"],"relics":["TheCursedMod:BlackMagic101","Toy Ornithopter","Unceasing Top","Oddly Smooth Stone","Bag of Preparation","Mummified Hand","Calling Bell","Art of War","Mercury Hourglass","Ice Cream","Eternal Feather","Potion Belt","Mango","Red Mask","Snecko Eye","Lee\u0027s Waffle","HornCleat","Bottled Flame","CaptainsWheel","DollysMirror","War Paint","TheCursedMod:BloodyHarpoon"],"acts_visited":["Exordium","TheCity","TheBeyond","TheEnding"],"potions_floor_usage":[6,16,16,29,33,54,55,55,55,55],"damage_taken":[{"damage":3,"enemies":"Jaw Worm","floor":1,"turns":4},{"damage":2,"enemies":"Small Slimes","floor":2,"turns":5},{"damage":1,"enemies":"2 Louse","floor":3,"turns":2},{"damage":9,"enemies":"Large Slime","floor":4,"turns":7},{"damage":7,"enemies":"Exordium Wildlife","floor":5,"turns":4},{"damage":41,"enemies":"Lagavulin","floor":6,"turns":10},{"damage":2,"enemies":"Blue Slaver","floor":7,"turns":5},{"damage":0,"enemies":"3 Louse","floor":10,"turns":2},{"damage":15,"enemies":"3 Sentries","floor":13,"turns":11},{"damage":23,"enemies":"Slime Boss","floor":16,"turns":11},{"damage":3,"enemies":"Shell Parasite","floor":18,"turns":4},{"damage":4,"enemies":"Chosen","floor":21,"turns":6},{"damage":63,"enemies":"Gremlin Leader","floor":23,"turns":9},{"damage":1,"enemies":"Snecko","floor":24,"turns":6},{"damage":23,"enemies":"Masked Bandits","floor":28,"turns":4},{"damage":26,"enemies":"Snake Plant","floor":29,"turns":6},{"damage":6,"enemies":"Cultist and Chosen","floor":30,"turns":7},{"damage":0,"enemies":"3 Cultists","floor":31,"turns":3},{"damage":32,"enemies":"Champ","floor":33,"turns":9},{"damage":4,"enemies":"Orb Walker","floor":35,"turns":3},{"damage":2,"enemies":"3 Darklings","floor":36,"turns":3},{"damage":2,"enemies":"Spire Growth","floor":44,"turns":4},{"damage":25,"enemies":"2 Orb Walkers","floor":47,"turns":4},{"damage":1,"enemies":"Jaw Worm Horde","floor":48,"turns":3},{"damage":14,"enemies":"Awakened One","floor":50,"turns":7},{"damage":9,"enemies":"Shield and Spear","floor":54,"turns":4},{"damage":69,"enemies":"The Heart","floor":55,"turns":5}],"seed_played":"-3331977182628364858","potions_obtained":[{"floor":2,"key":"Ancient Potion"},{"floor":5,"key":"SteroidPotion"},{"floor":6,"key":"SpeedPotion"},{"floor":13,"key":"Energy Potion"},{"floor":16,"key":"Fruit Juice"},{"floor":24,"key":"ColorlessPotion"},{"floor":30,"key":"Dexterity Potion"},{"floor":31,"key":"GamblersBrew"},{"floor":33,"key":"Fruit Juice"},{"floor":36,"key":"PowerPotion"},{"floor":54,"key":"Fire Potion"}],"is_trial":false,"path_per_floor":["M","M","M","M","M","E","M","R","T","M","R","?","E","$","R","B",null,"M","?","?","M","?","E","M","R","T","R","?","M","M","M","R","B",null,"M","M","?","$","?","R","?","R","T","M","?","R","?","M","R","B",null,"R","$","E","B",null],"character_chosen":"THE_CURSED","items_purchased":["Mummified Hand","Lee\u0027s Waffle","HornCleat","DollysMirror","War Paint"],"campfire_rested":5,"item_purchase_floors":[14,38,38,53,53],"current_hp_per_floor":[72,70,69,60,53,17,15,37,37,37,59,52,37,37,59,51,80,77,77,77,78,78,22,28,67,81,94,71,57,58,58,94,83,99,95,97,97,106,106,106,101,101,101,99,99,101,97,96,101,101,101,101,101,97,87],"gold":36,"neow_bonus":"RANDOM_COMMON_RELIC","is_daily":false,"chose_seed":false,"campfire_upgraded":5,"win_rate":0.0,"timestamp":1609133698,"path_taken":["M","M","M","M","M","E","M","R","T","M","R","?","E","$","R","BOSS","M","?","?","M","?","E","M","R","T","R","?","M","M","M","R","BOSS","M","M","?","$","?","R","?","R","T","M","?","R","?","M","R","BOSS","R","$","E","BOSS"],"items_purchased_type":["Relic","Relic","Relic","Relic","Relic"],"build_version":"2020-12-22","purchased_purges":1,"victory":true,"max_hp_per_floor":[75,75,75,75,75,75,75,75,75,75,75,75,75,75,75,80,80,80,80,80,80,80,80,80,80,94,94,94,94,94,94,94,99,99,99,99,99,106,106,106,101,101,101,101,101,101,101,101,101,101,101,101,101,101,101],"card_choices":[{"not_picked":["TheCursedMod:CircleOfCorruption","TheCursedMod:CursedMace"],"picked":"TheCursedMod:WearCloak","floor":1},{"not_picked":["TheCursedMod:CircleOfFocus","TheCursedMod:FleshFromBone"],"picked":"TheCursedMod:SoulCrush","floor":2},{"not_picked":["TheCursedMod:SpitefulPray","TheCursedMod:SoulCrush"],"picked":"TheCursedMod:CursedBlade","floor":3},{"not_picked":["TheCursedMod:CircleOfAmplification","TheCursedMod:CursedMace"],"picked":"TheCursedMod:Wield","floor":4},{"not_picked":["TheCursedMod:SmokeScreen","TheCursedMod:BloodBarrier"],"picked":"TheCursedMod:Obscuration","floor":5},{"not_picked":["TheCursedMod:SpitefulPray","TheCursedMod:SoulCrush"],"picked":"TheCursedMod:FleshFromBone","floor":6},{"not_picked":["TheCursedMod:CircleOfCorruption","TheCursedMod:PrepareRite"],"picked":"TheCursedMod:SpitefulPray","floor":7},{"not_picked":["TheCursedMod:CursedBlade","TheCursedMod:Torture"],"picked":"TheCursedMod:CursedBoomerang","floor":10},{"not_picked":["TheCursedMod:TacticalStrike","TheCursedMod:VitalStrike"],"picked":"TheCursedMod:CircleOfCorruption","floor":13},{"not_picked":["TheCursedMod:CircleOfAbyss","TheCursedMod:DemonSword"],"picked":"TheCursedMod:CollectTribute","floor":16},{"not_picked":["TheCursedMod:Grudge","TheCursedMod:SpitefulStrike"],"picked":"TheCursedMod:SoulReap+1","floor":18},{"not_picked":["TheCursedMod:RapidMovement","TheCursedMod:SaltUponWound","TheCursedMod:CircleOfBlood+1"],"picked":"SKIP","floor":21},{"not_picked":["TheCursedMod:VitalStrike+1","TheCursedMod:TacticalStrike"],"picked":"TheCursedMod:SpitefulStrike","floor":23},{"not_picked":["TheCursedMod:Stretching+1","TheCursedMod:Stigma","TheCursedMod:RapidMovement"],"picked":"SKIP","floor":24},{"not_picked":["TheCursedMod:Stigma","TheCursedMod:Wield"],"picked":"TheCursedMod:LuckyCharm+1","floor":28},{"not_picked":["TheCursedMod:Stretching","TheCursedMod:WearCloak+1"],"picked":"TheCursedMod:VoidForm","floor":29},{"not_picked":["TheCursedMod:SoulReap","TheCursedMod:RavingStaff"],"picked":"TheCursedMod:AbyssShockwave+1","floor":30},{"not_picked":["TheCursedMod:CursedAmulet","TheCursedMod:Obscuration+1"],"picked":"TheCursedMod:HellfireBreathing+1","floor":31},{"not_picked":["TheCursedMod:ShockAndAwe","TheCursedMod:ParallelWorld"],"picked":"TheCursedMod:StunningStrike","floor":33},{"not_picked":["TheCursedMod:SpitefulPlan+1","TheCursedMod:RavingStaff"],"picked":"TheCursedMod:CursedArmor+1","floor":35},{"not_picked":["TheCursedMod:CircleOfFlame+1","TheCursedMod:SoulCrush","TheCursedMod:DoubleShield"],"picked":"SKIP","floor":36},{"not_picked":["TheCursedMod:HellsGateOpen+1","TheCursedMod:TroublousMinions","TheCursedMod:Wield"],"picked":"SKIP","floor":44},{"not_picked":["TheCursedMod:VitalStrike","TheCursedMod:SpitefulStrike+1","TheCursedMod:CircleOfCorruption+1"],"picked":"SKIP","floor":48},{"not_picked":["TheCursedMod:RapidMovement+1","TheCursedMod:CursedShiv+1","TheCursedMod:AntiAging"],"picked":"SKIP","floor":54}],"player_experience":114419,"relics_obtained":[{"floor":6,"key":"Unceasing Top"},{"floor":13,"key":"Bag of Preparation"},{"floor":17,"key":"Art of War"},{"floor":17,"key":"Mercury Hourglass"},{"floor":17,"key":"Ice Cream"},{"floor":23,"key":"Potion Belt"},{"floor":26,"key":"Mango"},{"floor":28,"key":"Red Mask"},{"floor":43,"key":"Bottled Flame"},{"floor":47,"key":"CaptainsWheel"},{"floor":54,"key":"TheCursedMod:BloodyHarpoon"}],"event_choices":[{"damage_healed":0,"gold_gain":0,"player_choice":"Success","damage_taken":7,"relics_obtained":["Oddly Smooth Stone"],"max_hp_gain":0,"max_hp_loss":0,"event_name":"Scrap Ooze","floor":12,"gold_loss":0},{"damage_healed":0,"gold_gain":0,"player_choice":"Stole Relic","damage_taken":0,"relics_obtained":["Eternal Feather"],"max_hp_gain":0,"max_hp_loss":0,"event_name":"Addict","floor":19,"gold_loss":0,"cards_obtained":["Shame"]},{"damage_healed":0,"gold_gain":99,"player_choice":"Stole From Cult","damage_taken":0,"max_hp_gain":0,"max_hp_loss":0,"event_name":"Nest","floor":20,"gold_loss":0},{"damage_healed":0,"gold_gain":0,"player_choice":"Ignored","damage_taken":0,"max_hp_gain":0,"max_hp_loss":0,"event_name":"Ghosts","floor":22,"gold_loss":0},{"damage_healed":0,"gold_gain":0,"player_choice":"Fought Bandits","damage_taken":0,"max_hp_gain":0,"max_hp_loss":0,"event_name":"Masked Bandits","floor":28,"gold_loss":0},{"cards_removed":["TheCursedMod:Strike_TheCursed"],"damage_healed":0,"gold_gain":0,"player_choice":"Removed Attack","damage_taken":0,"max_hp_gain":0,"max_hp_loss":0,"event_name":"Falling","floor":37,"gold_loss":0},{"damage_healed":0,"gold_gain":222,"player_choice":"Wore Mask","damage_taken":0,"max_hp_gain":0,"max_hp_loss":0,"event_name":"Tomb of Lord Red Mask","floor":39,"gold_loss":0},{"damage_healed":0,"gold_gain":0,"player_choice":"Max HP","damage_taken":0,"max_hp_gain":0,"max_hp_loss":5,"event_name":"Winding Halls","floor":41,"gold_loss":0},{"damage_healed":0,"gold_gain":0,"player_choice":"Memory 1","damage_taken":0,"max_hp_gain":0,"max_hp_loss":0,"event_name":"SensoryStone","floor":45,"gold_loss":0},{"damage_healed":0,"gold_gain":0,"player_choice":"Fight","damage_taken":0,"max_hp_gain":0,"max_hp_loss":0,"event_name":"Mysterious Sphere","floor":47,"gold_loss":0}],"is_beta":false,"boss_relics":[{"not_picked":["Ectoplasm","Runic Pyramid"],"picked":"Calling Bell"},{"not_picked":["Busted Crown","Runic Dome"],"picked":"Snecko Eye"}],"items_purged_floors":[38],"is_endless":false,"potions_floor_spawned":[2,5,6,13,16,24,30,31,33,36,54],"ascension_level":0}}