{"host":"q0qnzbgdx8oqogg9","time":1609128356,"event":{"mods":["BaseMod","Minty Spire (QoL Compilation)","Slay-I","StSLib"],"gold_per_floor":[112,127,144,160,160,160,171,185,185,197,5,21,52,65,65,168,168,168,14,14,14,14,14,14,14],"floor_reached":24,"playtime":916,"items_purged":[],"score":235,"play_id":"9a4f6c7c-ed5f-4506-920d-ca6e1fc9abed","local_time":"20201227230556","is_ascension_mode":true,"campfire_choices":[{"data":"Mayhem","floor":6,"key":"SMITH"},{"data":"Armaments","floor":15,"key":"SMITH"},{"data":"Reaper","floor":23,"key":"SMITH"}],"circlet_count":0,"master_deck":["Strike_R","Strike_R","Strike_R","Strike_R","Defend_R","Defend_R","Defend_R","Defend_R","Bash","Mayhem+1","Iron Wave","Cleave","Clothesline","Anger","Warcry","Armaments+1","Spot Weakness","Immolate","Hemokinesis+1","Shrug It Off","Reaper+1","Flame Barrier","Reaper+1"],"relics":["Burning Blood","Lee\u0027s Waffle","Vajra","Ectoplasm","Orrery"],"acts_visited":["Exordium","TheCity"],"potions_floor_usage":[4,13,13,24,24,24],"damage_taken":[{"damage":0,"enemies":"Small Slimes","floor":1,"turns":4},{"damage":1,"enemies":"Cultist","floor":2,"turns":5},{"damage":4,"enemies":"2 Louse","floor":3,"turns":3},{"damage":31,"enemies":"Gremlin Gang","floor":4,"turns":5},{"damage":10,"enemies":"Red Slaver","floor":7,"turns":4},{"damage":5,"enemies":"2 Fungi Beasts","floor":8,"turns":4},{"damage":16,"enemies":"Exordium Wildlife","floor":10,"turns":5},{"damage":2,"enemies":"Looter","floor":12,"turns":3},{"damage":5,"enemies":"3 Sentries","floor":13,"turns":4},{"damage":9,"enemies":"Blue Slaver","floor":14,"turns":3},{"damage":45,"enemies":"Slime Boss","floor":16,"turns":9},{"damage":28,"enemies":"Spheric Guardian","floor":18,"turns":4},{"damage":20,"enemies":"Shell Parasite","floor":21,"turns":8},{"damage":29,"enemies":"Snake Plant","floor":22,"turns":6},{"damage":62,"enemies":"Book of Stabbing","floor":24,"turns":5}],"seed_played":"2118116402372581473","potions_obtained":[{"floor":3,"key":"AttackPotion"},{"floor":4,"key":"BloodPotion"},{"floor":7,"key":"DuplicationPotion"},{"floor":12,"key":"Explosive Potion"},{"floor":16,"key":"PowerPotion"},{"floor":22,"key":"AttackPotion"}],"is_trial":false,"path_per_floor":["M","M","M","M","?","R","M","M","T","M","$","M","E","M","R","B",null,"M","$","?","M","M","R","E"],"character_chosen":"IRONCLAD","items_purchased":["Lee\u0027s Waffle","Warcry","Orrery"],"campfire_rested":0,"item_purchase_floors":[11,11,19],"current_hp_per_floor":[62,67,69,44,44,44,40,41,41,31,87,87,87,84,84,45,87,65,65,65,51,33,33,0,0],"gold":14,"neow_bonus":"RANDOM_COLORLESS_2","is_daily":false,"chose_seed":false,"campfire_upgraded":3,"win_rate":0.0,"timestamp":1609128356,"path_taken":["M","M","M","M","?","R","?","M","T","M","$","M","E","?","R","BOSS","M","$","?","?","M","R","E"],"items_purchased_type":["Relic","Card","Relic"],"build_version":"2020-12-22","purchased_purges":0,"victory":false,"max_hp_per_floor":[80,80,80,80,80,80,80,80,80,80,87,87,87,87,87,87,87,87,87,87,87,87,87,87,87],"card_choices":[{"not_picked":["Panache","Magnetism"],"picked":"Mayhem","floor":0},{"not_picked":["Combust","Havoc"],"picked":"Iron Wave","floor":1},{"not_picked":["Sever Soul","Rupture"],"picked":"Cleave","floor":2},{"not_picked":["Dark Embrace","Second Wind","Rupture"],"picked":"SKIP","floor":3},{"not_picked":["Thunderclap","Blood for Blood"],"picked":"Clothesline","floor":4},{"not_picked":["Sword Boomerang","Rage","Cleave"],"picked":"SKIP","floor":7},{"not_picked":["Havoc","Heavy Blade","Dropkick"],"picked":"SKIP","floor":8},{"not_picked":["Heavy Blade","Sword Boomerang"],"picked":"Anger","floor":10},{"not_picked":["Cleave","Clothesline","Headbutt"],"picked":"SKIP","floor":12},{"not_picked":["Berserk","Dark Embrace"],"picked":"Armaments","floor":13},{"not_picked":["Shrug It Off","Uppercut"],"picked":"Spot Weakness","floor":14},{"not_picked":["Juggernaut","Barricade"],"picked":"Immolate","floor":16},{"not_picked":["Headbutt+1","Clothesline"],"picked":"Hemokinesis+1","floor":18},{"not_picked":["Thunderclap","Pommel Strike"],"picked":"Shrug It Off","floor":19},{"not_picked":["Clothesline","Heavy Blade+1"],"picked":"Reaper","floor":19},{"not_picked":["Dropkick+1","Fiend Fire"],"picked":"Flame Barrier","floor":19},{"not_picked":["Sword Boomerang","Carnage"],"picked":"Reaper","floor":21},{"not_picked":["Intimidate+1","Rupture","Body Slam+1"],"picked":"SKIP","floor":22}],"player_experience":194195,"relics_obtained":[{"floor":13,"key":"Vajra"}],"event_choices":[{"cards_removed":["Strike_R"],"damage_healed":0,"gold_gain":0,"player_choice":"Purged","damage_taken":0,"max_hp_gain":0,"max_hp_loss":0,"event_name":"Purifier","floor":5,"gold_loss":0},{"damage_healed":0,"gold_gain":0,"player_choice":"Forge","damage_taken":0,"max_hp_gain":0,"max_hp_loss":0,"event_name":"Accursed Blacksmith","floor":20,"gold_loss":0,"cards_upgraded":["Reaper"]}],"is_beta":false,"boss_relics":[{"not_picked":["SacredBark","Runic Dome"],"picked":"Ectoplasm"}],"items_purged_floors":[],"is_endless":false,"potions_floor_spawned":[3,4,7,12,16,22],"killed_by":"Book of Stabbing","ascension_level":3}}