{"host":"nkolxg4se00n20yf","time":1609169010,"event":{"mods":["BaseMod","CatGirl Mod","Chen","Colored Map","Colored Powertips","Downfall","Friendly Minions","Infinite Spire","Kiyohime????","Marisa????????","Minty Spire (QoL Compilation)","StSLib","Td1madao Mod","The Administrix","The Cursed","The Exalted","The Hierophant","The Servant 0.9.4"],"gold_per_floor":[363,373,391,403,111,137,137,157,180,190,206,226,259,259,259,355,355,375,391,391,407,407,440,440,471,471,471,499,499,499,119,119,221,221,235,235,44,63,63,63,63,63,139,139,139],"floor_reached":44,"playtime":2009,"items_purged":[],"score":812,"play_id":"0fc7b959-94d8-4acd-babb-75208d94a4fc","local_time":"20201228162330","is_ascension_mode":true,"campfire_choices":[{"floor":7.0,"key":"REST"},{"floor":15.0,"key":"REST"},{"data":"Fusion","floor":24.0,"key":"SMITH"},{"floor":27.0,"key":"REST"},{"floor":30.0,"key":"REST"},{"floor":32.0,"key":"REST"},{"floor":40.0,"key":"REST"},{"data":"Creative AI","floor":42,"key":"SMITH"}],"circlet_count":0,"master_deck":["AscendersBane","Strike_B","Strike_B","Strike_B","Defend_B","Defend_B","Defend_B","Defend_B","Zap","Dualcast","Conserve Battery","Sweeping Beam","FTL","Turbo","Doom and Gloom","Streamline","Ball Lightning","Fusion+1","Auto Shields","Skim","Sweeping Beam","Machine Learning","Steam+1","Sweeping Beam+1","infinitespire:TheBestDefense","Rebound","Defragment","Darkness","Chaos","Aggregate","Creative AI+1","Reboot","Secret Weapon","Self Repair","White Noise+1","White Noise+1","infinitespire:DeathsTouch"],"relics":["DollysMirror","Bag of Marbles","Odd Mushroom","Burning Blood","Uniform","Strange Spoon","KiyohimeMod:UnlimitedPranaSupply","theCatGirl:LostAndFound","PureWater","Dream Catcher","sneckomod:SneckoTalon","champ:BerserkersGuideToSlaughter","Bromod:ArcaneAwakening","Smiling Mask","Bromod:DragonsCurse","infinitespire:Chaos","Cables"],"acts_visited":["Exordium","TheCity","TheBeyond"],"potions_floor_usage":[],"damage_taken":[{"damage":4.0,"enemies":"2 Louse","floor":1.0,"turns":3.0},{"damage":0.0,"enemies":"Cultist","floor":2.0,"turns":4.0},{"damage":2.0,"enemies":"Jaw Worm","floor":3.0,"turns":4.0},{"damage":0.0,"enemies":"2 Fungi Beasts","floor":4.0,"turns":2.0},{"damage":20.0,"enemies":"Gremlin Nob","floor":6.0,"turns":4.0},{"damage":0.0,"enemies":"Looter","floor":8.0,"turns":2.0},{"damage":3.0,"enemies":"Blue Slaver","floor":10.0,"turns":3.0},{"damage":2.0,"enemies":"Large Slime","floor":11.0,"turns":4.0},{"damage":1.0,"enemies":"Looter","floor":12.0,"turns":3.0},{"damage":15.0,"enemies":"3 Sentries","floor":13.0,"turns":4.0},{"damage":27.0,"enemies":"The Guardian","floor":16.0,"turns":9.0},{"damage":6.0,"enemies":"Spheric Guardian","floor":18.0,"turns":3.0},{"damage":34.0,"enemies":"2 Thieves","floor":19.0,"turns":4.0},{"damage":0.0,"enemies":"Sentry and Sphere","floor":21.0,"turns":3.0},{"damage":17.0,"enemies":"Book of Stabbing","floor":23.0,"turns":4.0},{"damage":11.0,"enemies":"Gremlin Leader","floor":25.0,"turns":6.0},{"damage":27.0,"enemies":"Nightmare","floor":28.0,"turns":7.0},{"damage":50.0,"enemies":"Champ","floor":33.0,"turns":12.0},{"damage":7.0,"enemies":"Orb Walker","floor":35.0,"turns":3.0},{"damage":28.0,"enemies":"3 Shapes","floor":38.0,"turns":3.0},{"damage":38,"enemies":"Nightmare","floor":44,"turns":3}],"seed_played":"-3526975449987748283","potions_obtained":[{"floor":1.0,"key":"LiquidBronze"},{"floor":2.0,"key":"Swift Potion"},{"floor":3.0,"key":"Slimebound:ThreeZeroPotion"},{"floor":8.0,"key":"Swift Potion"},{"floor":11.0,"key":"Dexterity Potion"},{"floor":18.0,"key":"Dexterity Potion"},{"floor":21.0,"key":"SkillPotion"},{"floor":23.0,"key":"infinitespire:BlackPotion"},{"floor":33.0,"key":"Weak Potion"},{"floor":38.0,"key":"SteroidPotion"}],"is_trial":false,"path_per_floor":["M","M","M","M","$","E","R","M","T","M","M","M","E","?","R","B",null,"M","M","AVR","M","?","E","R","E","T","R","NM","?","R","$","R","B",null,"M","?","$","M","AVR","R","?","R","T","NM"],"character_chosen":"DEFECT","items_purchased":["Darkstone Periapt","Doom and Gloom","Creative AI","Mercury Hourglass","infinitespire:Lucky Rock","Self Repair"],"campfire_rested":6,"item_purchase_floors":[5,5,31,31,37,37],"current_hp_per_floor":[46,46,44,44,44,24,46,46,46,43,41,40,25,25,47,20,61,55,21,82,82,82,65,65,54,54,78,51,35,59,59,82,32,70,63,63,63,42,42,66,66,66,66,0,0],"gold":139,"neow_bonus":"TWO_FIFTY_GOLD","is_daily":false,"chose_seed":false,"campfire_upgraded":2,"win_rate":0.0,"timestamp":1609169010,"path_taken":["M","M","M","M","$","E","R","M","T","M","M","M","E","?","R","BOSS","M","?","AVR","M","?","E","R","E","T","R","NM","?","R","$","R","BOSS","M","?","$","M","AVR","R","?","R","T","NM"],"items_purchased_type":["Relic","Card","Card","Relic","Relic","Card"],"build_version":"2020-12-22","purchased_purges":0,"victory":false,"max_hp_per_floor":[75,75,75,75,75,75,75,75,75,75,75,75,75,75,75,75,75,75,75,82,82,82,82,82,82,82,82,82,82,82,82,82,82,82,82,82,82,82,82,82,82,82,82,21,21],"card_choices":[{"not_picked":["Heatsinks","Leap"],"picked":"Conserve Battery","floor":1.0},{"not_picked":["Consume","Conserve Battery"],"picked":"Sweeping Beam","floor":2.0},{"not_picked":["Turbo","Redo"],"picked":"FTL","floor":3.0},{"not_picked":["Undo","Go for the Eyes"],"picked":"Turbo","floor":4.0},{"not_picked":["Force Field","Stack"],"picked":"Streamline","floor":6.0},{"not_picked":["Stack","Compile Driver"],"picked":"Ball Lightning","floor":8.0},{"not_picked":["Darkness","Cold Snap"],"picked":"Fusion","floor":10.0},{"not_picked":["Redo","Gash"],"picked":"Auto Shields","floor":11.0},{"not_picked":["Rip and Tear","Hologram"],"picked":"Skim","floor":12.0},{"not_picked":["Heatsinks","Go for the Eyes"],"picked":"Sweeping Beam","floor":13.0},{"not_picked":["Fission","Seek"],"picked":"Machine Learning","floor":16.0},{"not_picked":["Cold Snap","Glacier"],"picked":"Steam+1","floor":18.0},{"not_picked":["Coolheaded","Storm"],"picked":"Sweeping Beam+1","floor":19.0},{"not_picked":["Static Discharge","Meteor Strike"],"picked":"Rebound","floor":21.0},{"not_picked":["Gash","Streamline"],"picked":"Darkness","floor":23.0},{"not_picked":["Leap","Redo"],"picked":"Chaos","floor":25.0},{"not_picked":["Chaos","Scrape+1"],"picked":"Aggregate","floor":28.0},{"not_picked":["All For One+1","Rainbow"],"picked":"Reboot","floor":33.0},{"not_picked":["Ball Lightning+1"],"picked":"SKIP","floor":35.0},{"not_picked":[],"picked":"Secret Weapon","floor":36.0},{"not_picked":[],"picked":"White Noise+1","floor":38.0}],"player_experience":1060325,"relics_obtained":[{"floor":6.0,"key":"Letter Opener"},{"floor":9.0,"key":"Lantern"},{"floor":13.0,"key":"Bag of Marbles"},{"floor":23.0,"key":"Boot"},{"floor":25.0,"key":"Tiny Chest"},{"floor":26.0,"key":"Molten Egg 2"},{"floor":28.0,"key":"PreservedInsect"},{"floor":29.0,"key":"Nilry\u0027s Codex"},{"floor":43,"key":"Cables"}],"event_choices":[{"cards_removed":["Strike_B"],"damage_healed":0.0,"max_hp_gain":0.0,"max_hp_loss":0.0,"gold_gain":0.0,"event_name":"Bonfire Elementals","player_choice":"Offered Basic","floor":14.0,"gold_loss":0.0,"damage_taken":0.0},{"damage_healed":0.0,"max_hp_gain":0.0,"max_hp_loss":0.0,"gold_gain":0.0,"event_name":"The Library","player_choice":"Read","floor":22.0,"gold_loss":0.0,"damage_taken":0.0,"cards_obtained":["Defragment"]},{"damage_healed":0.0,"max_hp_gain":0.0,"max_hp_loss":0.0,"gold_gain":0.0,"event_name":"Cursed Tome","player_choice":"Obtained Book","floor":29.0,"gold_loss":0.0,"damage_taken":16.0},{"damage_healed":0.0,"max_hp_gain":0.0,"max_hp_loss":0.0,"gold_gain":0.0,"event_name":"SensoryStone","player_choice":"Memory 1","floor":36.0,"gold_loss":0.0,"damage_taken":0.0}],"is_beta":false,"boss_relics":[{"not_picked":["Runic Pyramid","Philosopher\u0027s Stone"],"picked":"Nuclear Battery"},{"not_picked":["FrozenCore","Astrolabe"],"picked":"Busted Crown"}],"items_purged_floors":[],"is_endless":true,"potions_floor_spawned":[1,2,3,8,11,12,18,21,23,33,38],"killed_by":"Nightmare","ascension_level":12}}