{"host":"0luxfixkkfk9wck3","time":1609130647,"event":{"mods":["BaseMod","Downfall","Highlight Path","Minty Spire (QoL Compilation)","StSLib"],"gold_per_floor":[99,119,119,132,232,257,257,289,164,174,174,84,34,47,66,166,166,116,133,153,153,90,90,90,105,55,75,25,56,6,91,108,210,210,310,323,152,152,162,174,226,226,176,211,228,178,193,42,52,52,52,85,10,10,10],"floor_reached":56,"playtime":2681,"items_purged":["Slimebound:Strike_Slimebound","Slimebound:Defend_Slimebound","Slimebound:Strike_Slimebound","Slimebound:Strike_Slimebound","Slimebound:Defend_Slimebound"],"score":1880,"play_id":"b05546c5-bcf7-4621-8caa-148505054cc9","local_time":"20201227224407","is_ascension_mode":false,"campfire_choices":[{"data":"Sadistic Nature","floor":1.0,"key":"SMITH"},{"floor":9.0,"key":"DIG"},{"floor":13.0,"key":"DIG"},{"floor":18.0,"key":"RECALL"},{"floor":26.0,"key":"DIG"},{"data":"Apotheosis","floor":28.0,"key":"SMITH"},{"floor":30.0,"key":"DIG"},{"floor":35.0,"key":"DIG"},{"floor":43.0,"key":"DIG"},{"floor":46.0,"key":"DIG"},{"data":"1","floor":54.0,"key":"LIFT"}],"circlet_count":0,"master_deck":["Slimebound:Tackle","Slimebound:Defend_Slimebound","Slimebound:Defend_Slimebound","Slimebound:Split","Slimebound:CorrosiveSpit","Sadistic Nature+1","Slimebound:SplitSpecialist","Slimebound:GoopSpray+1","Slimebound:SamplingLick","Slimebound:RainOfGoop+1","Slimebound:SlimeTap","Slimebound:ItLooksTasty","Slimebound:LeechLife","Slimebound:HauntingLick+1","Apotheosis+1","Slimebound:RainOfGoop+1","Slimebound:SlimeTap","Slimebound:Teamwork+1","Slimebound:MegaLick+1","Slimebound:AcidTongue","Slimebound:HauntingLick+1","Slimebound:MegaLick+1","Slimebound:FormOfPuddle+1","Slimebound:RainOfGoop+1","Slimebound:LevelUp+1"],"relics":["Slimebound:AbsorbEndCombat","Slimebound:GreedOozeRelic","Shovel","Gremlin Horn","Blue Candle","downfall:HeartBlessingGreen","Happy Flower","Ornamental Fan","Slimebound:TarBlob","Membership Card","Mummified Hand","Toxic Egg 2","Girya","Philosopher\u0027s Stone","downfall:HeartBlessingBlue","downfall:HeartBlessingRed","Old Coin","Akabeko","Art of War","Meat on the Bone","Bag of Marbles","War Paint","Potion Belt","Eternal Feather","OrangePellets"],"acts_visited":["Exordium","TheCity","TheBeyond","TheEnding"],"potions_floor_usage":[55,55,55],"damage_taken":[{"damage":12.0,"enemies":"Small Slimes","floor":2.0,"turns":2.0},{"damage":8.0,"enemies":"Jaw Worm","floor":4.0,"turns":3.0},{"damage":29.0,"enemies":"3 Sentries","floor":6.0,"turns":4.0},{"damage":23.0,"enemies":"Gremlin Nob","floor":8.0,"turns":3.0},{"damage":4.0,"enemies":"Cultist","floor":10.0,"turns":3.0},{"damage":4.0,"enemies":"downfall:FleeingMerchant","floor":12.0,"turns":4.0},{"damage":4.0,"enemies":"Blue Slaver","floor":14.0,"turns":2.0},{"damage":4.0,"enemies":"3 Louse","floor":15.0,"turns":3.0},{"damage":13.0,"enemies":"downfall:Defect","floor":16.0,"turns":4.0},{"damage":7.0,"enemies":"Chosen","floor":19.0,"turns":2.0},{"damage":6.0,"enemies":"downfall:FleeingMerchant","floor":20.0,"turns":4.0},{"damage":21.0,"enemies":"3 Byrds","floor":25.0,"turns":3.0},{"damage":13.0,"enemies":"Cultist and Chosen","floor":27.0,"turns":2.0},{"damage":6.0,"enemies":"Slavers","floor":29.0,"turns":2.0},{"damage":7.0,"enemies":"Snake Plant","floor":32.0,"turns":2.0},{"damage":29.0,"enemies":"downfall:Ironclad","floor":33.0,"turns":3.0},{"damage":0.0,"enemies":"3 Darklings","floor":36.0,"turns":2.0},{"damage":6.0,"enemies":"3 Shapes","floor":39.0,"turns":3.0},{"damage":9.0,"enemies":"Spire Growth","floor":40.0,"turns":3.0},{"damage":12.0,"enemies":"Giant Head","floor":44.0,"turns":4.0},{"damage":12.0,"enemies":"Sphere and 2 Shapes","floor":45.0,"turns":2.0},{"damage":27.0,"enemies":"Writhing Mass","floor":47.0,"turns":3.0},{"damage":0.0,"enemies":"Jaw Worm Horde","floor":49.0,"turns":2.0},{"damage":7.0,"enemies":"downfall:Watcher","floor":50.0,"turns":3.0},{"damage":31.0,"enemies":"downfall:CharBossMerchant","floor":52.0,"turns":4.0},{"damage":49,"enemies":"downfall:NeowBoss","floor":55,"turns":16}],"seed_played":"2847138210220115784","potions_obtained":[{"floor":2.0,"key":"Regen Potion"},{"floor":6.0,"key":"Slimebound:SlimyTonguePotion"},{"floor":8.0,"key":"Fruit Juice"},{"floor":16.0,"key":"AttackPotion"},{"floor":19.0,"key":"SpeedPotion"},{"floor":33.0,"key":"EntropicBrew"},{"floor":52.0,"key":"Swift Potion"}],"is_trial":false,"path_per_floor":["R","M","?","M","?","E","T","E","R","M","?","$","R","M","M","B",null,"R","M","$","?","$","?","T","M","R","M","R","E","R","?","M","B",null,"R","M","$","?","M","M","T","T","R","E","M","R","M","?","M","B",null,"E","$","R","B",null],"character_chosen":"SLIMEBOUND","items_purchased":["Membership Card","Apotheosis","Slimebound:AcidTongue","Akabeko","DistilledChaos","Block Potion","OrangePellets"],"campfire_rested":0,"item_purchase_floors":[20,20,37,37,48,48,53],"current_hp_per_floor":[54,50,50,48,48,43,43,35,35,39,39,45,45,47,51,50,59,59,59,59,59,59,49,49,48,48,64,64,64,64,52,49,48,64,74,74,74,74,74,74,74,74,74,74,74,74,52,52,54,49,74,59,59,74,74],"gold":10,"neow_bonus":"RANDOM_COLORLESS_2","is_daily":false,"chose_seed":false,"campfire_upgraded":2,"win_rate":0.0,"timestamp":1609130647,"path_taken":["R","M","?","M","?","E","T","E","R","?","?","$","R","?","M","BOSS","R","M","$","?","$","?","T","M","R","M","R","E","R","?","M","BOSS","R","M","$","?","M","M","T","?","R","E","M","R","?","?","M","BOSS","E","$","R","BOSS"],"items_purchased_type":["Relic","Card","Card","Relic","Potion","Potion","Relic"],"build_version":"2020-12-22","purchased_purges":5,"victory":true,"max_hp_per_floor":[54,54,54,54,54,54,54,59,59,59,59,59,59,59,59,59,59,59,59,59,59,59,64,64,64,64,64,64,64,64,64,64,64,64,74,74,74,74,74,74,74,74,74,74,74,74,74,74,74,74,74,74,74,74,74],"card_choices":[{"not_picked":["Panache","expansioncontent:DashGenerateEvil"],"picked":"Sadistic Nature","floor":0.0},{"not_picked":["Slimebound:GrowthPunch","Slimebound:SlimeSpikes"],"picked":"Slimebound:SplitSpecialist","floor":2.0},{"not_picked":["Slimebound:SplitBruiser","Slimebound:SlimeTap"],"picked":"Slimebound:GoopSpray","floor":4.0},{"not_picked":["Slimebound:ServeAndProtect","Slimebound:Dissolve"],"picked":"Slimebound:SamplingLick","floor":6.0},{"not_picked":["Slimebound:TongueLash","Slimebound:MegaLick"],"picked":"Slimebound:RainOfGoop","floor":8.0},{"not_picked":["Slimebound:DisruptingSlam","Slimebound:LeechingTouch"],"picked":"Slimebound:SlimeTap","floor":10.0},{"not_picked":["Slimebound:LeechingTouch","Slimebound:SlimeSpikes"],"picked":"Slimebound:ItLooksTasty","floor":12.0},{"not_picked":["Slimebound:SplitMire","Slimebound:ViciousTackle","Slimebound:SlimeSpikes"],"picked":"SKIP","floor":14.0},{"not_picked":["Slimebound:FlameTackle","Slimebound:Prepare","Slimebound:GrowthPunch"],"picked":"SKIP","floor":15.0},{"not_picked":["Slimebound:DuplicatedForm","Slimebound:CheckThePlaybook"],"picked":"Slimebound:LeechLife","floor":16.0},{"not_picked":["Slimebound:LeechingTouch","Slimebound:SlimeSpikes","Slimebound:GrowthPunch"],"picked":"SKIP","floor":19.0},{"not_picked":["Slimebound:SplitMire","Slimebound:ServeAndProtect+1"],"picked":"Slimebound:HauntingLick+1","floor":20.0},{"not_picked":["Slimebound:RejuvenatingLick+1","Slimebound:SplitAcid"],"picked":"Slimebound:RainOfGoop","floor":25.0},{"not_picked":["Slimebound:SelfFormingGoo","Slimebound:ViciousTackle+1"],"picked":"Slimebound:SlimeTap","floor":27.0},{"not_picked":["Slimebound:ComboTackle","Slimebound:SplitMire+1","Slimebound:SplitLeeching+1"],"picked":"SKIP","floor":29.0},{"not_picked":["Slimebound:SplitSpecialist+1","Slimebound:SplitLeeching+1","Slimebound:GrowthPunch"],"picked":"SKIP","floor":32.0},{"not_picked":["Slimebound:MassRepurpose+1","Slimebound:Darklings+1"],"picked":"Slimebound:Teamwork+1","floor":33.0},{"not_picked":["Slimebound:RollThrough+1","Slimebound:Chomp+1"],"picked":"Slimebound:MegaLick+1","floor":36.0},{"not_picked":["Slimebound:ItLooksTasty","Slimebound:SplitMire+1","Slimebound:GoopSpray+1"],"picked":"SKIP","floor":39.0},{"not_picked":["Slimebound:RejuvenatingLick+1","Slimebound:LeechingTouch+1"],"picked":"Slimebound:HauntingLick+1","floor":40.0},{"not_picked":["Slimebound:DivideAndConquer+1","Slimebound:SlimeBrawl+1","Slimebound:Schlurp+1"],"picked":"SKIP","floor":44.0},{"not_picked":["Slimebound:ComboTackle","Slimebound:SplitMire+1"],"picked":"Slimebound:MegaLick+1","floor":45.0},{"not_picked":["Slimebound:GoopSpray+1","Slimebound:Dissolve+1"],"picked":"Slimebound:FormOfPuddle+1","floor":47.0},{"not_picked":["Slimebound:FinishingTackle+1","Slimebound:LeechEnergy"],"picked":"Slimebound:RainOfGoop+1","floor":49.0},{"not_picked":["Slimebound:Darklings+1","Slimebound:FinishingTackle+1"],"picked":"Slimebound:LevelUp+1","floor":52.0}],"player_experience":10771101,"relics_obtained":[{"floor":6.0,"key":"Shovel"},{"floor":7.0,"key":"Gremlin Horn"},{"floor":8.0,"key":"Blue Candle"},{"floor":9.0,"key":"Happy Flower"},{"floor":13.0,"key":"Ornamental Fan"},{"floor":26.0,"key":"Mummified Hand"},{"floor":29.0,"key":"Toxic Egg 2"},{"floor":30.0,"key":"Girya"},{"floor":35.0,"key":"Old Coin"},{"floor":41.0,"key":"Art of War"},{"floor":42.0,"key":"Meat on the Bone"},{"floor":43.0,"key":"Bag of Marbles"},{"floor":44.0,"key":"War Paint"},{"floor":46.0,"key":"Potion Belt"},{"floor":52.0,"key":"Eternal Feather"}],"event_choices":[{"damage_healed":0.0,"max_hp_gain":0.0,"max_hp_loss":0.0,"gold_gain":0.0,"event_name":"Upgrade Shrine","player_choice":"Upgraded","floor":11.0,"gold_loss":0.0,"damage_taken":0.0,"cards_upgraded":["Slimebound:RainOfGoop"]},{"damage_healed":0.0,"max_hp_gain":0.0,"max_hp_loss":0.0,"gold_gain":0.0,"event_name":"Ghosts","player_choice":"Ignored","floor":21.0,"gold_loss":0.0,"damage_taken":0.0}],"is_beta":false,"boss_relics":[{"not_picked":["Coffee Dripper","Astrolabe"],"picked":"Slimebound:TarBlob"},{"not_picked":["Snecko Eye","Pandora\u0027s Box"],"picked":"Philosopher\u0027s Stone"}],"items_purged_floors":[12,20,22,37,48],"is_endless":false,"potions_floor_spawned":[2,6,8,16,19,27,33,36,40,45,52],"ascension_level":0}}