{"host":"a4s27ghlnr83kbqz","time":1609156704,"event":{"mods":["AchievementEnabler","BaseMod","Colored Map","Minty Spire (QoL Compilation)","Permanent Neow","SuperFastMode"],"gold_per_floor":[412,432,196,196,215,215,242,252,275,275,106,118,118,131,131,209,209,228,228,143,143,162,162,196,196,196,214,214,214],"floor_reached":28,"playtime":662,"items_purged":["Normality"],"score":482,"play_id":"c4ae29a8-61d0-44ad-adb2-e3895158a64f","local_time":"20201228195824","is_ascension_mode":true,"campfire_choices":[{"data":"Streamline","floor":6,"key":"SMITH"},{"data":"Glacier","floor":10,"key":"SMITH"},{"data":"Consume","floor":13,"key":"SMITH"},{"data":"White Noise","floor":15,"key":"SMITH"},{"floor":23,"key":"REST"}],"circlet_count":0,"master_deck":["AscendersBane","Strike_B","Strike_B","Defend_B","Defend_B","Defend_B","Defend_B","Zap","Dualcast","FTL","Streamline+1","Seek","Stack","Gash","Self Repair","Glacier+1","Go for the Eyes","Rip and Tear","White Noise+1","Force Field","Melter","Consume+1","Capacitor","Amplify","Defragment"],"relics":["Cracked Core","Old Coin","DataDisk","Bag of Marbles","Orrery","Sozu","Regal Pillow","Pocketwatch","Red Mask","SsserpentHead","Mercury Hourglass"],"acts_visited":["Exordium","TheCity"],"potions_floor_usage":[14,16,24],"damage_taken":[{"damage":5,"enemies":"Small Slimes","floor":1,"turns":3},{"damage":5,"enemies":"2 Louse","floor":2,"turns":2},{"damage":7,"enemies":"Jaw Worm","floor":5,"turns":2},{"damage":18,"enemies":"3 Sentries","floor":7,"turns":6},{"damage":9,"enemies":"3 Louse","floor":8,"turns":3},{"damage":6,"enemies":"Exordium Thugs","floor":12,"turns":3},{"damage":6,"enemies":"Lots of Slimes","floor":14,"turns":3},{"damage":0,"enemies":"The Guardian","floor":16,"turns":11},{"damage":25,"enemies":"3 Byrds","floor":18,"turns":6},{"damage":22,"enemies":"2 Thieves","floor":22,"turns":4},{"damage":52,"enemies":"Masked Bandits","floor":24,"turns":6},{"damage":17,"enemies":"3 Cultists","floor":27,"turns":5},{"damage":19,"enemies":"Cultist and Chosen","floor":28,"turns":4}],"seed_played":"-9106576890450919819","potions_obtained":[{"floor":1,"key":"Swift Potion"},{"floor":2,"key":"DuplicationPotion"},{"floor":14,"key":"Dexterity Potion"}],"is_trial":false,"path_per_floor":["M","M","$","?","M","R","E","M","T","R","$","M","R","M","R","B",null,"M","?","?","T","M","R","?","?","T","M","M"],"character_chosen":"DEFECT","items_purchased":["Seek","Orrery"],"campfire_rested":1,"item_purchase_floors":[3,11],"current_hp_per_floor":[59,54,54,54,47,47,29,27,27,27,27,28,28,22,22,29,61,50,50,50,50,28,64,19,19,19,9,0,0],"gold":214,"neow_bonus":"ONE_RARE_RELIC","is_daily":false,"chose_seed":false,"campfire_upgraded":4,"win_rate":0.0,"timestamp":1609156704,"path_taken":["M","M","$","?","M","R","E","M","T","R","$","M","R","M","R","BOSS","M","?","?","?","M","R","?","?","T","M","M"],"items_purchased_type":["Card","Relic"],"build_version":"2020-12-22","purchased_purges":1,"victory":false,"max_hp_per_floor":[71,71,71,71,71,71,71,71,71,71,71,71,71,71,71,71,71,71,71,71,71,71,71,71,71,71,71,71,71],"card_choices":[{"not_picked":["Stack","Auto Shields"],"picked":"FTL","floor":1},{"not_picked":["Beam Cell","Hologram"],"picked":"Streamline","floor":2},{"not_picked":["Heatsinks","Static Discharge"],"picked":"Gash","floor":5},{"not_picked":["Go for the Eyes","Aggregate"],"picked":"Self Repair","floor":7},{"not_picked":["Reinforced Body","Go for the Eyes"],"picked":"Glacier","floor":8},{"not_picked":["Skim","Compile Driver"],"picked":"Go for the Eyes","floor":11},{"not_picked":["Lockon","Rebound"],"picked":"Rip and Tear","floor":11},{"not_picked":["Blizzard","Ball Lightning"],"picked":"White Noise","floor":11},{"not_picked":["Compile Driver","Barrage"],"picked":"Force Field","floor":11},{"not_picked":["Scrape","Barrage"],"picked":"Melter","floor":11},{"not_picked":["Buffer","Stack"],"picked":"Consume","floor":12},{"not_picked":["Recycle","Fusion"],"picked":"Capacitor","floor":14},{"not_picked":["Multi-Cast","Rainbow"],"picked":"Amplify","floor":16},{"not_picked":["Steam","Stack","Barrage"],"picked":"SKIP","floor":18},{"not_picked":["Skim","Static Discharge","Barrage"],"picked":"SKIP","floor":22},{"not_picked":["Genetic Algorithm","Hologram"],"picked":"Defragment","floor":24},{"not_picked":["Darkness","Gash","Beam Cell"],"picked":"SKIP","floor":27}],"player_experience":1057493,"relics_obtained":[{"floor":7,"key":"DataDisk"},{"floor":9,"key":"Bag of Marbles"},{"floor":21,"key":"Pocketwatch"},{"floor":24,"key":"Red Mask"},{"floor":26,"key":"Mercury Hourglass"}],"event_choices":[{"damage_healed":0,"gold_gain":0,"cards_transformed":["Strike_B"],"player_choice":"Change","damage_taken":0,"max_hp_gain":0,"max_hp_loss":0,"event_name":"Living Wall","floor":4,"gold_loss":0,"cards_obtained":["Stack"]},{"cards_removed":["Strike_B"],"damage_healed":0,"gold_gain":0,"player_choice":"Elegance","damage_taken":0,"max_hp_gain":0,"max_hp_loss":0,"event_name":"Back to Basics","floor":19,"gold_loss":0},{"damage_healed":0,"gold_gain":0,"player_choice":"Obtained Relic","damage_taken":0,"relics_obtained":["Regal Pillow"],"max_hp_gain":0,"max_hp_loss":0,"event_name":"Addict","floor":20,"gold_loss":85},{"damage_healed":0,"gold_gain":0,"player_choice":"Fought Bandits","damage_taken":0,"max_hp_gain":0,"max_hp_loss":0,"event_name":"Masked Bandits","floor":24,"gold_loss":0},{"damage_healed":0,"gold_gain":0,"player_choice":"Trade","damage_taken":0,"relics_obtained":["SsserpentHead"],"max_hp_gain":0,"max_hp_loss":0,"event_name":"FaceTrader","floor":25,"gold_loss":0}],"is_beta":false,"boss_relics":[{"not_picked":["Velvet Choker","Coffee Dripper"],"picked":"Sozu"}],"items_purged_floors":[3],"is_endless":false,"potions_floor_spawned":[1,2,7,14,18,24],"killed_by":"Cultist and Chosen","ascension_level":16}}