{"host":"ygfasg9u7olr7skw","time":1609192634,"event":{"mods":["AchievementEnabler","BaseMod","Better Note","Better Vampires","Colored Powertips","Minty Spire (QoL Compilation)","Replay The Spire","Spicy Shops","StSLib","The IronCluck"],"gold_per_floor":[113,113,133,6,26,26,26,26,76,109,123,133,133,146,146,244,244,254,254,265,265,275,275,275,275,301,301,301,46,59,77,106,122,122,219,219,232,107,157,8,24,24,24,24,24,41,59,77,77,77,88,88,88,88,88],"floor_reached":54,"playtime":4066,"items_purged":["Strike_B","Strike_B","Zap"],"score":560,"play_id":"702244db-c95e-43a3-a988-3c6dd0517476","local_time":"20201228165714","is_ascension_mode":true,"campfire_choices":[{"data":"Gash","floor":6,"key":"SMITH"},{"floor":13,"key":"REST"},{"data":"Dualcast","floor":15,"key":"PURGE"},{"floor":23,"key":"REST"},{"floor":27,"key":"REST"},{"floor":34,"key":"REST"},{"data":"Beam Cell","floor":42,"key":"SMITH"},{"floor":53,"key":"REST"}],"circlet_count":0,"master_deck":["Defend_B","Defend_B","Gash+1","Go for the Eyes","Genetic Algorithm","Rebound","Sweeping Beam","Gash","All For One","Beam Cell+1","Go for the Eyes+1","Skim"],"relics":["Cracked Core","CultistMask","Toy Ornithopter","Orichalcum","MutagenicStrength","Nloth\u0027s Gift","Red Mask","Durian","HandDrill","Pen Nib","Nuclear Battery","Replay:Kaleidoscope","Replay:Antivirus Software","Omamori"],"acts_visited":["Exordium","TheCity","TheBeyond"],"potions_floor_usage":[16,22,39,41,47,47,54],"damage_taken":[{"damage":0,"enemies":"2 Louse","floor":1,"turns":3},{"damage":0,"enemies":"Cultist","floor":3,"turns":2},{"damage":7,"enemies":"Jaw Worm","floor":5,"turns":2},{"damage":13,"enemies":"Replay:BlueRogue","floor":10,"turns":7},{"damage":12,"enemies":"Exordium Thugs","floor":11,"turns":3},{"damage":6,"enemies":"Looter","floor":12,"turns":3},{"damage":6,"enemies":"Exordium Wildlife","floor":14,"turns":4},{"damage":35,"enemies":"The Guardian","floor":16,"turns":10},{"damage":0,"enemies":"3 Byrds","floor":18,"turns":4},{"damage":16,"enemies":"2 Thieves","floor":20,"turns":4},{"damage":25,"enemies":"Snake Plant","floor":22,"turns":4},{"damage":21,"enemies":"Masked Bandits","floor":26,"turns":5},{"damage":13,"enemies":"Snecko","floor":30,"turns":5},{"damage":12,"enemies":"Shelled Parasite and Fungi","floor":31,"turns":5},{"damage":8,"enemies":"Slavers","floor":32,"turns":5},{"damage":14,"enemies":"3 Cultists","floor":33,"turns":5},{"damage":7,"enemies":"Automaton","floor":35,"turns":6},{"damage":4,"enemies":"3 Shapes","floor":37,"turns":4},{"damage":27,"enemies":"Mind Bloom Boss Battle","floor":39,"turns":5},{"damage":0,"enemies":"Orb Walker","floor":41,"turns":1},{"damage":41,"enemies":"Writhing Mass","floor":46,"turns":5},{"damage":21,"enemies":"4 Shapes","floor":47,"turns":4},{"damage":9,"enemies":"Maw","floor":48,"turns":5},{"damage":3,"enemies":"Sphere and 2 Shapes","floor":51,"turns":3},{"damage":49,"enemies":"Time Eater","floor":54,"turns":6}],"seed_played":"-4091475318903467021","potions_obtained":[{"floor":3,"key":"LiquidBronze"},{"floor":5,"key":"Venom Potion"},{"floor":10,"key":"SpeedPotion"},{"floor":18,"key":"ColorlessPotion"},{"floor":30,"key":"Strength Potion"},{"floor":35,"key":"Adrenaline Potion"},{"floor":39,"key":"Swift Potion"},{"floor":47,"key":"Fruit Juice"},{"floor":48,"key":"Weak Potion"},{"floor":51,"key":"Adrenaline Potion"}],"is_trial":false,"path_per_floor":["M","?","M","$","M","R","?","?","T","E","M","M","R","M","R","B",null,"M","?","M","?","M","R","PTL","PTL","?","R","T","$","M","M","E","M","R","B",null,"M","$","?","$","M","R","?","$","T","M","M","M","PTL","PTL","M","?","R","B"],"character_chosen":"DEFECT","items_purchased":["Go for the Eyes","HandDrill","Replay:Antivirus Software"],"campfire_rested":5,"item_purchase_floors":[4,29,40],"current_hp_per_floor":[75,75,75,75,68,68,68,85,85,72,60,54,79,73,73,43,85,85,85,69,69,49,74,74,74,53,78,83,83,70,58,50,36,63,56,90,86,86,63,63,68,68,68,68,68,27,21,12,12,12,9,9,37,0,0],"gold":88,"neow_bonus":"ONE_RANDOM_RARE_CARD","is_daily":false,"chose_seed":false,"campfire_upgraded":2,"win_rate":0.0,"timestamp":1609192634,"path_taken":["M","?","M","$","?","R","?","?","T","E","M","?","R","M","R","BOSS","M","?","M","?","?","R","PTL","PTL","?","R","T","?","M","M","E","M","R","BOSS","M","$","?","$","M","R","?","$","T","M","M","M","PTL","PTL","M","?","R","BOSS"],"items_purchased_type":["Card","Relic","Relic"],"build_version":"2020-12-22","purchased_purges":3,"victory":false,"max_hp_per_floor":[75,75,75,75,75,75,75,85,85,85,85,85,85,85,85,85,85,85,85,85,85,85,85,85,85,85,85,90,90,90,90,90,90,90,90,90,90,90,90,90,90,90,90,90,90,90,95,95,95,95,95,95,95,95,95],"card_choices":[{"not_picked":["Sweeping Beam","BasicCrystalCard","Rip and Tear"],"picked":"SKIP","floor":1},{"not_picked":["BasicCrystalCard","Beam Cell"],"picked":"Gash","floor":3},{"not_picked":["Rebound","Melter"],"picked":"Genetic Algorithm","floor":5},{"not_picked":["Melter","ReplayTheSpireMod:System Scan"],"picked":"Rebound","floor":10},{"not_picked":["Glacier","Go for the Eyes","Hologram"],"picked":"SKIP","floor":11},{"not_picked":["Turbo","Leap"],"picked":"Sweeping Beam","floor":12},{"not_picked":["Hyperbeam","Barrage"],"picked":"Gash","floor":14},{"not_picked":["Meteor Strike","Echo Form"],"picked":"All For One","floor":16},{"not_picked":["Steam","ReplaySolidLightProjector+1","Turbo+1"],"picked":"SKIP","floor":18},{"not_picked":["Genetic Algorithm","Chaos+1","Streamline+1"],"picked":"SKIP","floor":20},{"not_picked":["Compile Driver","Double Energy","Redo"],"picked":"SKIP","floor":22},{"not_picked":["Leap","Conserve Battery"],"picked":"Beam Cell","floor":26},{"not_picked":["Panic Button","Storm","Mirror Shield"],"picked":"SKIP","floor":30},{"not_picked":["Capacitor","Ball Lightning","Melter"],"picked":"SKIP","floor":31},{"not_picked":["Hyperbeam","Meteor Strike","Turbo"],"picked":"SKIP","floor":32},{"not_picked":["Stack","Multi-Cast","Streamline"],"picked":"SKIP","floor":33},{"not_picked":["Auto Shields+1","Leap"],"picked":"Go for the Eyes+1","floor":37},{"not_picked":["Panic Button+1","Doom and Gloom+1","Coolheaded+1"],"picked":"SKIP","floor":41},{"not_picked":["Mirror Shield","Ball Lightning+1","Hello World"],"picked":"SKIP","floor":46},{"not_picked":["Beam Cell","Sweeping Beam+1","Chill"],"picked":"SKIP","floor":47},{"not_picked":["Barrage","Doom and Gloom","Leap"],"picked":"SKIP","floor":48},{"not_picked":["Rebound","Fusion"],"picked":"Skim","floor":51}],"player_experience":174934,"relics_obtained":[{"floor":9,"key":"Toy Ornithopter"},{"floor":10,"key":"Orichalcum"},{"floor":26,"key":"Red Mask"},{"floor":28,"key":"Durian"},{"floor":32,"key":"Pen Nib"},{"floor":39,"key":"Replay:Kaleidoscope"},{"floor":45,"key":"Omamori"}],"event_choices":[{"damage_healed":0,"gold_gain":0,"player_choice":"Trade","damage_taken":0,"relics_obtained":["CultistMask"],"max_hp_gain":0,"max_hp_loss":0,"event_name":"FaceTrader","floor":2,"gold_loss":0},{"cards_removed":["Biased Cognition"],"damage_healed":7,"gold_gain":0,"player_choice":"Offered Rare","damage_taken":0,"max_hp_gain":10,"max_hp_loss":0,"event_name":"Bonfire Elementals","floor":8,"gold_loss":0},{"damage_healed":0,"gold_gain":0,"player_choice":"Inject Mutagens","damage_taken":0,"relics_obtained":["MutagenicStrength"],"max_hp_gain":0,"max_hp_loss":0,"event_name":"Drug Dealer","floor":19,"gold_loss":0},{"damage_healed":0,"gold_gain":0,"player_choice":"Traded Relic","damage_taken":0,"relics_obtained":["Nloth\u0027s Gift"],"max_hp_gain":0,"max_hp_loss":0,"event_name":"N\u0027loth","floor":21,"relics_lost":["Empty Cage"],"gold_loss":0},{"damage_healed":0,"gold_gain":0,"player_choice":"Fought Bandits","damage_taken":0,"max_hp_gain":0,"max_hp_loss":0,"event_name":"Masked Bandits","floor":26,"gold_loss":0},{"damage_healed":0,"gold_gain":0,"player_choice":"Fight","damage_taken":0,"max_hp_gain":0,"max_hp_loss":0,"event_name":"MindBloom","floor":39,"gold_loss":0},{"cards_removed":["Defend_B"],"damage_healed":0,"gold_gain":0,"player_choice":"Removed Skill","damage_taken":0,"max_hp_gain":0,"max_hp_loss":0,"event_name":"Falling","floor":43,"gold_loss":0}],"is_beta":false,"boss_relics":[{"not_picked":["Replay:Wanted Poster","Astrolabe"],"picked":"Empty Cage"},{"not_picked":["Replay:Grab Bag","Painkiller Herb"],"picked":"Nuclear Battery"}],"items_purged_floors":[4,29,38],"is_endless":false,"potions_floor_spawned":[3,5,10,12,18,30,35,39,47,48,51],"killed_by":"Time Eater","ascension_level":2}}