{"host":"2qv44oxt58ptq59r","time":1609165583,"event":{"mods":["AchievementEnabler","BaseMod","Colored Powertips","Highlight Path","Minty Spire (QoL Compilation)","Permanent Neow","StSLib"],"gold_per_floor":[116,116,116,116,136,136,168,182,182,200,46,46,57,75,75,179,179,198,198,211,226,226,226,226,226,226,226,22,32,43,43,43,138,138,157,171,171,171],"floor_reached":37,"playtime":7304,"items_purged":[],"score":396,"play_id":"1d561ab3-0950-44f5-9ee9-861db0b91b73","local_time":"20201228142623","is_ascension_mode":false,"campfire_choices":[{"data":"Bash","floor":6.0,"key":"SMITH"},{"floor":12.0,"key":"REST"},{"floor":15.0,"key":"RECALL"},{"data":"Blind","floor":23.0,"key":"SMITH"},{"data":"Demon Form","floor":27.0,"key":"SMITH"},{"data":"Juggernaut","floor":32,"key":"SMITH"}],"circlet_count":0,"master_deck":["Strike_R+1","Strike_R+1","Strike_R+1","Strike_R+1","Strike_R+1","Defend_R+1","Defend_R+1","Defend_R+1","Defend_R+1","Bash+1","Blind+1","Blood for Blood","Shockwave","Disarm","Juggernaut+1","Rupture","Disarm","Feed","Clothesline+1","Sword Boomerang+1","Demon Form+1","Rage","Blood for Blood","Barricade+1","Feel No Pain+1","Pommel Strike+1"],"relics":["Burning Blood","Gremlin Horn","StrikeDummy","ClockworkSouvenir","SlaversCollar","Frozen Egg 2","Lee\u0027s Waffle","Pear"],"acts_visited":["Exordium","TheCity","TheBeyond"],"potions_floor_usage":[29,29,33,36,37],"damage_taken":[{"damage":0.0,"enemies":"2 Louse","floor":1.0,"turns":2.0},{"damage":6.0,"enemies":"Jaw Worm","floor":5.0,"turns":4.0},{"damage":67.0,"enemies":"3 Sentries","floor":7.0,"turns":17.0},{"damage":2.0,"enemies":"Small Slimes","floor":8.0,"turns":3.0},{"damage":4.0,"enemies":"Blue Slaver","floor":10.0,"turns":3.0},{"damage":0.0,"enemies":"3 Louse","floor":13.0,"turns":2.0},{"damage":7.0,"enemies":"2 Fungi Beasts","floor":14.0,"turns":4.0},{"damage":19.0,"enemies":"Slime Boss","floor":16.0,"turns":10.0},{"damage":11.0,"enemies":"Chosen","floor":18.0,"turns":6.0},{"damage":24.0,"enemies":"3 Byrds","floor":20.0,"turns":7.0},{"damage":23.0,"enemies":"Centurion and Healer","floor":21.0,"turns":7.0},{"damage":12,"enemies":"Snake Plant","floor":29,"turns":4},{"damage":14,"enemies":"Snecko","floor":30,"turns":5},{"damage":44,"enemies":"Automaton","floor":33,"turns":7},{"damage":36,"enemies":"3 Darklings","floor":35,"turns":5},{"damage":31,"enemies":"Orb Walker","floor":36,"turns":5},{"damage":59,"enemies":"Transient","floor":37,"turns":5}],"seed_played":"-3574135199855042108","potions_obtained":[{"floor":5.0,"key":"Dexterity Potion"},{"floor":10.0,"key":"Block Potion"},{"floor":13.0,"key":"SkillPotion"},{"floor":14.0,"key":"Explosive Potion"},{"floor":21.0,"key":"FearPotion"},{"floor":30,"key":"Strength Potion"},{"floor":33,"key":"Fire Potion"},{"floor":35,"key":"GamblersBrew"}],"is_trial":false,"path_per_floor":["M","?","?","?","M","R","E","M","T","M","$","R","M","M","R","B",null,"M","?","M","M","?","R","?","?","T","R","$","M","M","T","R","B",null,"M","M","M"],"character_chosen":"IRONCLAD","items_purchased":["ClockworkSouvenir","Lee\u0027s Waffle","PowerPotion"],"campfire_rested":1,"item_purchase_floors":[11,28,28],"current_hp_per_floor":[80,80,80,80,80,80,19,23,23,25,25,49,55,54,54,41,80,78,78,60,46,46,46,46,46,46,46,93,90,82,92,92,54,106,76,54,0,0],"gold":171,"neow_bonus":"RANDOM_COLORLESS","is_daily":false,"chose_seed":false,"campfire_upgraded":4,"win_rate":0.0,"timestamp":1609165583,"path_taken":["M","?","?","?","M","R","E","M","T","M","?","R","M","M","R","BOSS","M","?","M","M","?","R","?","?","T","R","$","M","?","?","R","BOSS","M","M","M"],"items_purchased_type":["Relic","Relic","Potion"],"build_version":"2020-12-22","purchased_purges":0,"victory":false,"max_hp_per_floor":[80,80,80,80,80,80,80,80,80,80,80,80,80,80,80,80,80,83,83,83,86,86,86,86,86,86,86,93,96,96,106,106,106,106,106,109,109,109],"card_choices":[{"not_picked":["Mind Blast","Deep Breath"],"picked":"Blind","floor":0.0},{"not_picked":["Cleave","Twin Strike","Pummel"],"picked":"SKIP","floor":1.0},{"not_picked":["Hemokinesis","Rampage"],"picked":"Blood for Blood","floor":5.0},{"not_picked":["Clothesline","Headbutt"],"picked":"Shockwave","floor":7.0},{"not_picked":["Headbutt","Clash"],"picked":"Disarm","floor":8.0},{"not_picked":["Armaments","Body Slam"],"picked":"Juggernaut","floor":10.0},{"not_picked":["Wild Strike","Body Slam"],"picked":"Rupture","floor":13.0},{"not_picked":["Body Slam","Entrench"],"picked":"Disarm","floor":14.0},{"not_picked":["Impervious","Exhume"],"picked":"Feed","floor":16.0},{"not_picked":["Havoc","Inflame"],"picked":"Clothesline+1","floor":18.0},{"not_picked":["Sentinel","Headbutt","Armaments"],"picked":"SKIP","floor":20.0},{"not_picked":["True Grit","Blood for Blood"],"picked":"Sword Boomerang+1","floor":21.0},{"not_picked":["Intimidate+1","Clothesline+1"],"picked":"Rage","floor":29},{"not_picked":["Havoc+1","Anger+1"],"picked":"Blood for Blood","floor":30},{"not_picked":["Corruption+1","Reaper"],"picked":"Barricade+1","floor":33},{"not_picked":["Armaments","Heavy Blade"],"picked":"Feel No Pain+1","floor":35},{"not_picked":["Thunderclap","Wild Strike"],"picked":"Pommel Strike+1","floor":36}],"player_experience":5055196,"relics_obtained":[{"floor":7.0,"key":"Gremlin Horn"},{"floor":9.0,"key":"StrikeDummy"},{"floor":26.0,"key":"Frozen Egg 2"},{"floor":31,"key":"Pear"}],"event_choices":[{"damage_healed":0.0,"max_hp_gain":0.0,"max_hp_loss":0.0,"gold_gain":0.0,"event_name":"The Cleric","player_choice":"Leave","floor":2.0,"gold_loss":0.0,"damage_taken":0.0},{"damage_healed":0.0,"max_hp_gain":0.0,"max_hp_loss":0.0,"gold_gain":0.0,"event_name":"Golden Wing","player_choice":"Ignored","floor":3.0,"gold_loss":0.0,"damage_taken":0.0},{"damage_healed":0.0,"max_hp_gain":0.0,"max_hp_loss":0.0,"gold_gain":0.0,"event_name":"Liars Game","player_choice":"Ignored","floor":4.0,"gold_loss":0.0,"damage_taken":0.0},{"damage_healed":0.0,"max_hp_gain":0.0,"max_hp_loss":0.0,"gold_gain":0.0,"event_name":"Vampires","player_choice":"Ignored","floor":19.0,"gold_loss":0.0,"damage_taken":0.0},{"damage_healed":0.0,"max_hp_gain":0.0,"max_hp_loss":0.0,"gold_gain":0.0,"event_name":"Back to Basics","player_choice":"Simplicity","floor":22.0,"gold_loss":0.0,"damage_taken":0.0,"cards_upgraded":["Strike_R","Strike_R","Strike_R","Strike_R","Strike_R","Defend_R","Defend_R","Defend_R","Defend_R"]},{"damage_healed":0.0,"max_hp_gain":0.0,"max_hp_loss":0.0,"gold_gain":0.0,"event_name":"The Library","player_choice":"Read","floor":24.0,"gold_loss":0.0,"damage_taken":0.0,"cards_obtained":["Demon Form"]},{"damage_healed":0.0,"max_hp_gain":0.0,"max_hp_loss":0.0,"gold_gain":0.0,"event_name":"NoteForYourself","player_choice":"Ignored","floor":25.0,"gold_loss":0.0,"damage_taken":0.0}],"is_beta":false,"boss_relics":[{"not_picked":["Astrolabe","Empty Cage"],"picked":"SlaversCollar"},{"not_picked":["Snecko Eye","Pandora\u0027s Box","Coffee Dripper"]}],"items_purged_floors":[],"is_endless":false,"potions_floor_spawned":[5,10,13,14,21,30,33,35],"killed_by":"Transient","ascension_level":0}}