{"host":"0ydzwspkajt4brzd","time":1609187323,"event":{"mods":["AchievementEnabler","BaseMod","Colored Map","DeckTracker","Googly Eyes","Highlight Path","Minty Spire (QoL Compilation)","Quick Restart","Random Character Button","Rare Cards Sparkle"],"gold_per_floor":[112,125,140,140,10,41,41,41,41,53,81,96,121,137,137,236,236,236,236],"floor_reached":18,"playtime":1052,"items_purged":[],"score":221,"play_id":"8e42224d-d2e7-4e31-881f-46dd73a989fe","local_time":"20201228122843","is_ascension_mode":true,"campfire_choices":[{"data":"Cleave","floor":7.0,"key":"SMITH"},{"data":"Fiend Fire","floor":15.0,"key":"SMITH"}],"circlet_count":0,"master_deck":["Strike_R","Strike_R","Strike_R","Defend_R","Defend_R","Defend_R","Defend_R","Bash","Fiend Fire+1","Second Wind","Thunderclap","Bloodletting","Battle Trance","True Grit","Cleave+1","Ghostly Armor","Clothesline","Reaper","Juggernaut"],"relics":["Burning Blood","Toy Ornithopter","Vajra","Gremlin Horn","Oddly Smooth Stone","Busted Crown"],"acts_visited":["Exordium","TheCity"],"potions_floor_usage":[],"damage_taken":[{"damage":10.0,"enemies":"Small Slimes","floor":1.0,"turns":3.0},{"damage":0.0,"enemies":"Cultist","floor":2.0,"turns":2.0},{"damage":2.0,"enemies":"Jaw Worm","floor":3.0,"turns":2.0},{"damage":25.0,"enemies":"Gremlin Nob","floor":6.0,"turns":4.0},{"damage":0.0,"enemies":"Exordium Wildlife","floor":8.0,"turns":3.0},{"damage":8.0,"enemies":"Large Slime","floor":10.0,"turns":5.0},{"damage":18.0,"enemies":"Lagavulin","floor":11.0,"turns":7.0},{"damage":8.0,"enemies":"Looter","floor":12.0,"turns":2.0},{"damage":18.0,"enemies":"Gremlin Nob","floor":13.0,"turns":5.0},{"damage":2.0,"enemies":"Exordium Wildlife","floor":14.0,"turns":4.0},{"damage":39.0,"enemies":"The Guardian","floor":16.0,"turns":10.0},{"damage":18,"enemies":"Spheric Guardian","floor":18,"turns":4}],"seed_played":"-6258841292264903934","potions_obtained":[{"floor":3.0,"key":"AttackPotion"},{"floor":6.0,"key":"AttackPotion"},{"floor":11.0,"key":"EntropicBrew"},{"floor":12.0,"key":"SpeedPotion"},{"floor":13.0,"key":"Fruit Juice"}],"is_trial":false,"path_per_floor":["M","M","M","?","$","E","R","M","T","M","E","M","E","M","R","B",null,"M"],"character_chosen":"IRONCLAD","items_purchased":["Battle Trance","True Grit","Cleave"],"campfire_rested":0,"item_purchase_floors":[5,5,5],"current_hp_per_floor":[76,80,80,80,80,61,61,67,67,65,58,56,49,53,53,30,85,67,67],"gold":236,"neow_bonus":"TRANSFORM_CARD","is_daily":false,"chose_seed":false,"campfire_upgraded":2,"win_rate":0.0,"timestamp":1609187323,"path_taken":["M","M","M","?","?","E","R","M","T","M","E","?","E","M","R","BOSS","M"],"items_purchased_type":["Card","Card","Card"],"build_version":"2020-12-22","purchased_purges":0,"victory":false,"max_hp_per_floor":[80,80,80,80,80,80,80,80,80,80,80,80,80,80,80,85,85,85,85],"card_choices":[{"not_picked":["Clash","Intimidate"],"picked":"Second Wind","floor":1.0},{"not_picked":["Perfected Strike","Iron Wave"],"picked":"Thunderclap","floor":2.0},{"not_picked":["Pommel Strike","Cleave"],"picked":"Bloodletting","floor":3.0},{"not_picked":["Body Slam","Pommel Strike"],"picked":"Ghostly Armor","floor":6.0},{"not_picked":["Twin Strike","Cleave"],"picked":"Clothesline","floor":8.0},{"not_picked":["Twin Strike","Clash","Heavy Blade"],"picked":"SKIP","floor":10.0},{"not_picked":["Thunderclap","Clash","Shockwave"],"picked":"SKIP","floor":11.0},{"not_picked":["Barricade","Evolve","Iron Wave"],"picked":"SKIP","floor":12.0},{"not_picked":["Wild Strike","Body Slam"],"picked":"Reaper","floor":13.0},{"not_picked":["Clothesline","Heavy Blade","Warcry"],"picked":"SKIP","floor":14.0},{"not_picked":["Barricade","Exhume"],"picked":"Juggernaut","floor":16.0}],"player_experience":325096,"relics_obtained":[{"floor":6.0,"key":"Toy Ornithopter"},{"floor":9.0,"key":"Vajra"},{"floor":11.0,"key":"Gremlin Horn"},{"floor":13.0,"key":"Oddly Smooth Stone"}],"event_choices":[{"cards_removed":["Strike_R"],"damage_healed":0.0,"max_hp_gain":0.0,"max_hp_loss":0.0,"gold_gain":0.0,"event_name":"Bonfire Elementals","player_choice":"Offered Basic","floor":4.0,"gold_loss":0.0,"damage_taken":0.0}],"is_beta":false,"boss_relics":[{"not_picked":["Coffee Dripper","Tiny House"],"picked":"Busted Crown"}],"items_purged_floors":[],"is_endless":false,"potions_floor_spawned":[3,6,11,12,13,14],"killed_by":"Spheric Guardian","ascension_level":4}}