{"host":"J","time":1609193371,"event":{"mods":["AchievementEnabler","BaseMod","Block Reminder","Highlight Path","Minty Spire (QoL Compilation)","Permanent Neow","Quick Restart","Relic Stats","UnlockEverythingMod"],"gold_per_floor":[110,125,105,125,137,137,166,166,166,201,201,201,201,218,218,295,295,295],"floor_reached":17,"playtime":2344,"items_purged":[],"score":330,"play_id":"041844ac-c857-48e0-bd32-81cb9c373f55","local_time":"20201228230931","is_ascension_mode":true,"campfire_choices":[{"data":"Accuracy","floor":6.0,"key":"SMITH"},{"floor":8.0,"key":"REST"},{"data":"Night Terror","floor":15.0,"key":"SMITH"}],"circlet_count":0,"master_deck":["AscendersBane","Strike_G","Strike_G","Strike_G","Defend_G","Defend_G","Defend_G","Defend_G","Defend_G","Survivor","Neutralize","Accuracy+1","Infinite Blades","Envenom","Night Terror+1","Venomology+1","Endless Agony","Glass Knife","CurseOfTheBell"],"relics":["WristBlade","Ice Cream","Ornamental Fan","Toxic Egg 2","Calling Bell","Bag of Preparation","Darkstone Periapt","StoneCalendar"],"acts_visited":["Exordium","TheCity"],"potions_floor_usage":[16,16,16],"damage_taken":[{"damage":5.0,"enemies":"2 Louse","floor":1.0,"turns":4.0},{"damage":9.0,"enemies":"Cultist","floor":2.0,"turns":6.0},{"damage":0.0,"enemies":"Jaw Worm","floor":4.0,"turns":5.0},{"damage":4.0,"enemies":"Blue Slaver","floor":5.0,"turns":5.0},{"damage":25.0,"enemies":"3 Sentries","floor":7.0,"turns":8.0},{"damage":15.0,"enemies":"Lagavulin","floor":10.0,"turns":6.0},{"damage":3.0,"enemies":"3 Louse","floor":14.0,"turns":3.0},{"damage":4,"enemies":"The Guardian","floor":16,"turns":10}],"seed_played":"7697482271188681529","potions_obtained":[{"floor":1.0,"key":"ColorlessPotion"},{"floor":3.0,"key":"SneckoOil"},{"floor":4.0,"key":"PowerPotion"},{"floor":5.0,"key":"Poison Potion"},{"floor":7.0,"key":"Swift Potion"}],"is_trial":false,"path_per_floor":["M","M","?","M","M","R","E","R","T","E","?","?","?","M","R","B",null],"character_chosen":"THE_SILENT","items_purchased":[],"campfire_rested":1,"item_purchase_floors":[],"current_hp_per_floor":[54,45,45,45,41,41,16,35,35,20,13,18,18,15,15,11,56,56],"gold":295,"neow_bonus":"BOSS_RELIC","is_daily":false,"chose_seed":false,"campfire_upgraded":2,"win_rate":0.0,"timestamp":1609193371,"path_taken":["M","M","?","?","M","R","E","R","T","E","?","?","?","M","R","BOSS"],"items_purchased_type":[],"build_version":"2020-12-18","purchased_purges":0,"victory":false,"max_hp_per_floor":[66,66,66,66,66,66,66,66,66,66,66,71,71,71,71,71,71,71],"relic_stats":{"Darkstone Periapt":0,"counters":[8,47],"Ornamental Fan":[24],"StoneCalendar":[0],"Bag of Preparation":[0],"obtain_stats":[{"Ice Cream":7,"Calling Bell":17,"Darkstone Periapt":17,"WristBlade":0,"Ornamental Fan":9,"StoneCalendar":17,"Bag of Preparation":17,"Toxic Egg 2":10,"Ring of the Snake":0},{"Ice Cream":5,"Calling Bell":8,"Darkstone Periapt":8,"WristBlade":0,"Ornamental Fan":5,"StoneCalendar":8,"Bag of Preparation":8,"Toxic Egg 2":6,"Ring of the Snake":0},{"Ice Cream":28,"Calling Bell":47,"Darkstone Periapt":47,"WristBlade":0,"Ornamental Fan":28,"StoneCalendar":47,"Bag of Preparation":47,"Toxic Egg 2":34,"Ring of the Snake":0}]},"card_choices":[{"not_picked":["Choke","Slice"],"picked":"Accuracy","floor":1.0},{"not_picked":["Poisoned Stab","Sucker Punch"],"picked":"Infinite Blades","floor":2.0},{"not_picked":["Dagger Spray","Quick Slash"],"picked":"Envenom","floor":4.0},{"not_picked":["Outmaneuver","Underhanded Strike","Acrobatics"],"picked":"SKIP","floor":5.0},{"not_picked":["Outmaneuver","Poisoned Stab"],"picked":"Night Terror","floor":7.0},{"not_picked":["Dagger Spray","Reflex+1"],"picked":"Venomology+1","floor":10.0},{"not_picked":["Backstab","Poisoned Stab"],"picked":"Endless Agony","floor":14.0},{"not_picked":["Night Terror+1","Grand Finale"],"picked":"Glass Knife","floor":16}],"player_experience":207415,"relics_obtained":[{"floor":7.0,"key":"Ice Cream"},{"floor":9.0,"key":"Ornamental Fan"},{"floor":10.0,"key":"Toxic Egg 2"},{"floor":17,"key":"Bag of Preparation"},{"floor":17,"key":"Darkstone Periapt"},{"floor":17,"key":"StoneCalendar"}],"event_choices":[{"damage_healed":0.0,"max_hp_gain":0.0,"max_hp_loss":0.0,"gold_gain":0.0,"event_name":"The Woman in Blue","player_choice":"Bought 1 Potion","floor":3.0,"gold_loss":0.0,"damage_taken":0.0},{"cards_removed":["Strike_G"],"damage_healed":0.0,"max_hp_gain":0.0,"max_hp_loss":0.0,"gold_gain":0.0,"event_name":"Golden Wing","player_choice":"Card Removal","floor":11.0,"gold_loss":0.0,"damage_taken":7.0},{"damage_healed":0.0,"max_hp_gain":5.0,"max_hp_loss":0.0,"gold_gain":0.0,"event_name":"Big Fish","player_choice":"Donut","floor":12.0,"gold_loss":0.0,"damage_taken":0.0},{"cards_removed":["Strike_G"],"damage_healed":0.0,"max_hp_gain":0.0,"max_hp_loss":0.0,"gold_gain":0.0,"event_name":"Living Wall","player_choice":"Forget","floor":13.0,"gold_loss":0.0,"damage_taken":0.0}],"is_beta":true,"boss_relics":[{"not_picked":["Sozu","SacredBark"],"picked":"Calling Bell"}],"items_purged_floors":[],"is_endless":false,"potions_floor_spawned":[1,4,5,7],"ascension_level":20}}