{"host":"v711dtdb46xe9u7l","time":1609164689,"event":{"mods":["BaseMod","Minty Spire (QoL Compilation)","StSLib"],"gold_per_floor":[119,134,19,19,19,45,60,91,91,104,104,115,115,35,35,132,132,152,167,178,189,189,189,189,189],"floor_reached":24,"playtime":983,"items_purged":["Strike_B"],"score":291,"play_id":"c7fa466c-a837-4b80-a99a-a71ec7907efe","local_time":"20201228141129","is_ascension_mode":true,"campfire_choices":[{"floor":13,"key":"REST"},{"floor":15,"key":"REST"},{"floor":23,"key":"REST"}],"circlet_count":0,"master_deck":["Strike_B","Strike_B","Defend_B","Defend_B","Defend_B","Zap","Dualcast","Barrage","Redo","Scrape","Reinforced Body","Multi-Cast","Coolheaded","Self Repair","Lockon+1","Biased Cognition+1","Doom and Gloom+1","Conserve Battery+1","Self Repair","Stack+1","Barrage+1"],"relics":["Cracked Core","NeowsBlessing","Pen Nib","HornCleat","Potion Belt","Mercury Hourglass","Astrolabe"],"acts_visited":["Exordium","TheCity"],"potions_floor_usage":[8,12,16,16,19,24],"damage_taken":[{"damage":0,"enemies":"Small Slimes","floor":1,"turns":1},{"damage":0,"enemies":"Jaw Worm","floor":2,"turns":1},{"damage":0,"enemies":"Gremlin Nob","floor":6,"turns":1},{"damage":0,"enemies":"2 Louse","floor":7,"turns":2},{"damage":65,"enemies":"3 Sentries","floor":8,"turns":13},{"damage":2,"enemies":"2 Fungi Beasts","floor":10,"turns":3},{"damage":0,"enemies":"Large Slime","floor":12,"turns":4},{"damage":36,"enemies":"Slime Boss","floor":16,"turns":7},{"damage":0,"enemies":"Chosen","floor":18,"turns":5},{"damage":12,"enemies":"2 Thieves","floor":19,"turns":3},{"damage":57,"enemies":"Centurion and Healer","floor":20,"turns":6},{"damage":0,"enemies":"Snecko","floor":21,"turns":3},{"damage":40,"enemies":"Book of Stabbing","floor":24,"turns":5}],"seed_played":"-6379472014073767393","potions_obtained":[{"floor":6,"key":"SteroidPotion"},{"floor":8,"key":"SpeedPotion"},{"floor":10,"key":"SteroidPotion"},{"floor":12,"key":"AttackPotion"},{"floor":18,"key":"Regen Potion"},{"floor":19,"key":"BlessingOfTheForge"}],"is_trial":false,"path_per_floor":["M","M","$","?","?","E","M","E","T","M","T","M","R","$","R","B",null,"M","M","M","M","?","R","E"],"character_chosen":"DEFECT","items_purchased":["Scrape","Self Repair"],"campfire_rested":3,"item_purchase_floors":[3,14],"current_hp_per_floor":[75,75,75,75,68,68,68,3,3,1,1,1,23,23,45,16,60,67,60,17,17,17,39,0,0],"gold":189,"neow_bonus":"THREE_ENEMY_KILL","is_daily":false,"chose_seed":false,"campfire_upgraded":0,"win_rate":0.0,"timestamp":1609164689,"path_taken":["M","M","$","?","?","E","M","E","T","M","?","M","R","?","R","BOSS","M","M","M","M","?","R","E"],"items_purchased_type":["Card","Card"],"build_version":"2020-12-22","purchased_purges":1,"victory":false,"max_hp_per_floor":[75,75,75,75,75,75,75,75,75,75,75,75,75,75,75,75,75,75,75,75,75,75,75,75,75],"card_choices":[{"not_picked":["Rebound","Ball Lightning"],"picked":"Barrage","floor":1},{"not_picked":["Cold Snap","Stack"],"picked":"Redo","floor":2},{"not_picked":["Ball Lightning","Fission"],"picked":"Reinforced Body","floor":6},{"not_picked":["Storm","Coolheaded","Go for the Eyes"],"picked":"SKIP","floor":7},{"not_picked":["Recycle","Conserve Battery"],"picked":"Multi-Cast","floor":8},{"not_picked":["White Noise","Streamline"],"picked":"Coolheaded","floor":10},{"not_picked":["Beam Cell","Gash","Coolheaded"],"picked":"SKIP","floor":12},{"not_picked":["Multi-Cast","Biased Cognition"],"picked":"Seek","floor":16},{"not_picked":["Stack","Turbo"],"picked":"Conserve Battery+1","floor":18},{"not_picked":["Conserve Battery","Barrage+1"],"picked":"Self Repair","floor":19},{"not_picked":["Hologram","FTL"],"picked":"Stack+1","floor":20},{"not_picked":["Loop","Conserve Battery"],"picked":"Barrage+1","floor":21}],"player_experience":265561,"relics_obtained":[{"floor":6,"key":"HornCleat"},{"floor":8,"key":"Potion Belt"},{"floor":11,"key":"Mercury Hourglass"}],"event_choices":[{"damage_healed":0,"gold_gain":0,"player_choice":"Box","damage_taken":0,"relics_obtained":["Pen Nib"],"max_hp_gain":0,"max_hp_loss":0,"event_name":"Big Fish","floor":4,"gold_loss":0,"cards_obtained":["Regret"]},{"cards_removed":["Regret"],"damage_healed":0,"gold_gain":0,"player_choice":"Card Removal","damage_taken":7,"max_hp_gain":0,"max_hp_loss":0,"event_name":"Golden Wing","floor":5,"gold_loss":0},{"damage_healed":0,"gold_gain":0,"player_choice":"Ignored","damage_taken":0,"max_hp_gain":0,"max_hp_loss":0,"event_name":"Vampires","floor":22,"gold_loss":0}],"is_beta":false,"boss_relics":[{"not_picked":["SacredBark","Snecko Eye"],"picked":"Astrolabe"}],"items_purged_floors":[3],"is_endless":false,"potions_floor_spawned":[6,8,10,12,18,19],"killed_by":"Book of Stabbing","ascension_level":5}}