{"host":"5bdt6s51dmpd4l3v","time":1609128898,"event":{"mods":["AchievementEnabler","BaseMod","Colored Map","Colored Powertips","Highlight Path","Minty Spire (QoL Compilation)","Quick Restart","Rare Cards Sparkle","StSLib"],"gold_per_floor":[111,111,111,186,196,196,223,223,223,253,253,253,272,290,290,362,362,374,315,328,347,37,37,68,68,91,91,91],"floor_reached":27,"playtime":775,"items_purged":[],"score":483,"play_id":"2a586a50-2d58-4dbd-9468-f7bc36b1c457","local_time":"20201228121458","is_ascension_mode":true,"campfire_choices":[{"data":"Dual Wield","floor":6.0,"key":"SMITH"},{"data":"Sword Boomerang","floor":8.0,"key":"SMITH"},{"data":"Double Tap","floor":12.0,"key":"SMITH"},{"data":"True Grit","floor":15.0,"key":"SMITH"},{"data":"Offering","floor":23,"key":"SMITH"},{"data":"Pommel Strike","floor":25,"key":"SMITH"}],"circlet_count":0,"master_deck":["AscendersBane","Strike_R+1","Strike_R","Strike_R","Strike_R","Strike_R","Defend_R","Defend_R+1","Defend_R","Defend_R+1","Bash","Flex+1","Dual Wield+1","Sword Boomerang+1","Double Tap+1","True Grit+1","Battle Trance+1","Offering+1","Pommel Strike+1","Feed","Anger+1"],"relics":["Burning Blood","NeowsBlessing","Orichalcum","Anchor","Odd Mushroom","Sozu","Lee\u0027s Waffle","Pen Nib","War Paint"],"acts_visited":["Exordium","TheCity"],"potions_floor_usage":[21],"damage_taken":[{"damage":0.0,"enemies":"Jaw Worm","floor":1.0,"turns":1.0},{"damage":0.0,"enemies":"2 Louse","floor":5.0,"turns":1.0},{"damage":0.0,"enemies":"3 Sentries","floor":7.0,"turns":2.0},{"damage":0.0,"enemies":"The Mushroom Lair","floor":10.0,"turns":1.0},{"damage":0.0,"enemies":"Small Slimes","floor":13.0,"turns":3.0},{"damage":2.0,"enemies":"Exordium Wildlife","floor":14.0,"turns":4.0},{"damage":32.0,"enemies":"Slime Boss","floor":16.0,"turns":9.0},{"damage":27.0,"enemies":"3 Byrds","floor":18.0,"turns":5.0},{"damage":18,"enemies":"2 Thieves","floor":20,"turns":3},{"damage":11,"enemies":"Snecko","floor":21,"turns":4},{"damage":40,"enemies":"Book of Stabbing","floor":24,"turns":4},{"damage":55,"enemies":"Gremlin Leader","floor":27,"turns":2}],"seed_played":"1334988557137950850","potions_obtained":[{"floor":7.0,"key":"AttackPotion"},{"floor":10.0,"key":"HeartOfIron"},{"floor":14.0,"key":"Fire Potion"},{"floor":16.0,"key":"Weak Potion"}],"is_trial":false,"path_per_floor":["M","$","?","?","M","R","E","R","T","?","?","R","M","M","R","B",null,"M","$","M","M","$","R","E","R","T","E"],"character_chosen":"IRONCLAD","items_purchased":["Pommel Strike","Lee\u0027s Waffle","Feed"],"campfire_rested":0,"item_purchase_floors":[19,22,22],"current_hp_per_floor":[74,74,74,63,69,69,75,75,75,75,52,52,58,62,62,36,65,44,44,32,27,82,82,48,48,48,0,0],"gold":91,"neow_bonus":"THREE_ENEMY_KILL","is_daily":false,"chose_seed":false,"campfire_upgraded":6,"win_rate":0.0,"timestamp":1609128898,"path_taken":["M","$","?","?","M","R","E","R","T","?","?","R","?","M","R","BOSS","M","$","M","M","$","R","E","R","T","E"],"items_purchased_type":["Card","Relic","Card"],"build_version":"2020-12-22","purchased_purges":0,"victory":false,"max_hp_per_floor":[75,75,75,75,75,75,75,75,75,75,75,75,75,75,75,75,75,75,75,75,75,82,82,82,82,82,82,82],"card_choices":[{"not_picked":["Iron Wave","Metallicize"],"picked":"Flex","floor":1.0},{"not_picked":["Intimidate","Shrug It Off"],"picked":"Dual Wield","floor":5.0},{"not_picked":["Anger","Clothesline"],"picked":"Sword Boomerang","floor":7.0},{"not_picked":["Clothesline","Combust"],"picked":"Double Tap","floor":10.0},{"not_picked":["Disarm","Havoc"],"picked":"True Grit","floor":13.0},{"not_picked":["Iron Wave","Ghostly Armor"],"picked":"Battle Trance","floor":14.0},{"not_picked":["Demon Form","Corruption"],"picked":"Offering","floor":16.0},{"not_picked":["Wild Strike","True Grit","Rampage"],"picked":"SKIP","floor":18.0},{"not_picked":["True Grit","Shrug It Off","Brutality"],"picked":"SKIP","floor":20},{"not_picked":["Warcry","Heavy Blade","Clothesline"],"picked":"SKIP","floor":21},{"not_picked":["Clothesline","Thunderclap"],"picked":"Anger+1","floor":24}],"player_experience":268497,"relics_obtained":[{"floor":7.0,"key":"Orichalcum"},{"floor":9.0,"key":"Anchor"},{"floor":10.0,"key":"Odd Mushroom"},{"floor":24,"key":"Pen Nib"},{"floor":26,"key":"War Paint"}],"event_choices":[{"damage_healed":0.0,"max_hp_gain":0.0,"max_hp_loss":0.0,"gold_gain":0.0,"event_name":"Living Wall","player_choice":"Grow","floor":3.0,"gold_loss":0.0,"damage_taken":0.0,"cards_upgraded":["Flex"]},{"damage_healed":0.0,"max_hp_gain":0.0,"max_hp_loss":0.0,"gold_gain":75.0,"event_name":"World of Goop","player_choice":"Gather Gold","floor":4.0,"gold_loss":0.0,"damage_taken":11.0},{"damage_healed":0.0,"max_hp_gain":0.0,"max_hp_loss":0.0,"gold_gain":0.0,"event_name":"Mushrooms","player_choice":"Fought Mushrooms","floor":10.0,"gold_loss":0.0,"damage_taken":0.0},{"damage_healed":0.0,"max_hp_gain":0.0,"max_hp_loss":0.0,"gold_gain":0.0,"event_name":"Shining Light","player_choice":"Entered Light","floor":11.0,"gold_loss":0.0,"damage_taken":23.0,"cards_upgraded":["Strike_R","Defend_R"]}],"is_beta":false,"boss_relics":[{"not_picked":["Coffee Dripper","Black Blood"],"picked":"Sozu"}],"items_purged_floors":[],"is_endless":false,"potions_floor_spawned":[7,10,14,16,24],"killed_by":"Gremlin Leader","ascension_level":18}}