{"host":"792mtbovsoa03nb3","time":1609149268,"event":{"mods":["BaseMod","Colored Map","Dota2Spire","Downfall","Hubris","Infinite Spire","Minty Spire (QoL Compilation)","Replay The Spire","Spicy Shops","StSLib","The Blue Laboratory","The Jungle"],"gold_per_floor":[112,112,129,146,146,174,174,194,194,205,81,110,110,110,110],"floor_reached":14,"playtime":1687,"items_purged":["Regret"],"score":120,"play_id":"dbbedc31-28e2-4b1b-9471-8e421762e9f2","local_time":"20201228015428","is_ascension_mode":true,"campfire_choices":[{"data":"Armaments","floor":7,"key":"SMITH"},{"floor":13,"key":"REST"}],"circlet_count":0,"master_deck":["Strike_R","Strike_R","Strike_R","Strike_R","Defend_R","Defend_R","Defend_R","Defend_R","Bash+1","Armaments+1","Disarm","Armaments","Spot Weakness","Shrug It Off+1","Massacre"],"relics":["Burning Blood","Replay:Bottled Snecko","Dota2Spire:HeartOfTarrasque","Replay:Ringing Soul","Replay:Accelerometer"],"acts_visited":["Exordium"],"potions_floor_usage":[6,12],"damage_taken":[{"damage":1,"enemies":"Cultist","floor":1,"turns":3},{"damage":0,"enemies":"Jaw Worm","floor":3,"turns":4},{"damage":0,"enemies":"Small Slimes","floor":4,"turns":4},{"damage":51,"enemies":"Gremlin Nob","floor":6,"turns":6},{"damage":13,"enemies":"Gremlin Gang","floor":8,"turns":9},{"damage":13,"enemies":"2 Fungi Beasts","floor":10,"turns":7},{"damage":31,"enemies":"Lagavulin","floor":12,"turns":6},{"damage":54,"enemies":"Gremlin Nob","floor":14,"turns":5}],"seed_played":"3883665147384547385","potions_obtained":[{"floor":3,"key":"blueLaboratory:HorrorPotion"},{"floor":4,"key":"blueLaboratory:CorrosionFlask"}],"is_trial":false,"path_per_floor":["M","?","M","M","?","E","R","M","T","M","$","E","R","E"],"character_chosen":"IRONCLAD","items_purchased":["Shrug It Off+1"],"campfire_rested":1,"item_purchase_floors":[11],"current_hp_per_floor":[80,80,80,80,80,43,43,44,44,41,44,22,50,0,0],"gold":110,"neow_bonus":"UPGRADE_CARD","is_daily":false,"chose_seed":false,"campfire_upgraded":1,"win_rate":0.0,"timestamp":1609149268,"path_taken":["M","?","?","M","?","E","R","M","T","M","$","E","R","E"],"items_purchased_type":["Card"],"build_version":"2020-12-22","purchased_purges":1,"victory":false,"max_hp_per_floor":[80,80,80,80,80,88,88,88,88,88,91,94,94,94,94],"card_choices":[{"not_picked":["Combust","Dark Embrace"],"picked":"Armaments","floor":1},{"not_picked":["Body Slam","Burning Pact"],"picked":"Disarm","floor":3},{"not_picked":["Sword Boomerang","Reckless Charge"],"picked":"Armaments","floor":4},{"not_picked":["Twin Strike","Warcry","Rupture"],"picked":"SKIP","floor":6},{"not_picked":["Second Wind","Flex"],"picked":"Spot Weakness","floor":8},{"not_picked":["Perfected Strike","hubris:ReadiedAction","Wild Strike"],"picked":"SKIP","floor":10},{"not_picked":["Perfected Strike","Exhume"],"picked":"Massacre","floor":12}],"player_experience":794886,"relics_obtained":[{"floor":6,"key":"Dota2Spire:HeartOfTarrasque"},{"floor":9,"key":"Replay:Ringing Soul"},{"floor":12,"key":"Replay:Accelerometer"}],"event_choices":[{"cards_removed":["Strike_R"],"damage_healed":0,"gold_gain":0,"player_choice":"Purged","damage_taken":0,"max_hp_gain":0,"max_hp_loss":0,"event_name":"Purifier","floor":2,"gold_loss":0},{"damage_healed":0,"gold_gain":0,"player_choice":"Box","damage_taken":0,"relics_obtained":["Replay:Bottled Snecko"],"max_hp_gain":0,"max_hp_loss":0,"event_name":"Big Fish","floor":5,"gold_loss":0,"cards_obtained":["Regret"]}],"is_beta":false,"boss_relics":[],"items_purged_floors":[11],"is_endless":false,"potions_floor_spawned":[3,4],"killed_by":"Gremlin Nob","ascension_level":4}}