{"host":"gj3450u0c4def4mj","time":1609172784,"event":{"mods":["2.2 Compatiblity","Act Like it!","BaseMod","Gensokyo","Koishi","Minty Spire (QoL Compilation)","Permanent Neow","StSLib"],"gold_per_floor":[118,118,45,65,65,90,106,106,106,106,106,135,135,149,149,251,251,264,276,62,62,78,106,106,133,156,156,171,188,438,438,438,541,541,555,101,121,133,143,143,154,184,258,271,271,282,297,327,327,327],"floor_reached":51,"playtime":3515,"items_purged":["Koishi:BasicStrike"],"score":985,"play_id":"66a1bb9f-d92c-459e-9f8a-4488e81cb91f","local_time":"20201228112624","is_ascension_mode":true,"campfire_choices":[{"data":"Koishi:ImGoingToCallYouNow","floor":8.0,"key":"SMITH"},{"data":"Koishi:HauntingSlash","floor":10.0,"key":"SMITH"},{"data":"Koishi:EmbryosDream","floor":13.0,"key":"SMITH"},{"data":"Koishi:SpiritedAway","floor":15.0,"key":"SMITH"},{"data":"Koishi:Heartbroken","floor":24.0,"key":"SMITH"},{"data":"Koishi:TerrifyingSpectre","floor":27.0,"key":"SMITH"},{"data":"Koishi:Untouchable","floor":32,"key":"SMITH"},{"data":"Koishi:HeartStoppingHorror","floor":40,"key":"SMITH"},{"data":"Koishi:Untouchable","floor":45,"key":"SMITH"},{"data":"Koishi:Untouchable","floor":49,"key":"SMITH"}],"circlet_count":0,"master_deck":["Koishi:BasicStrike","Koishi:BasicStrike","Koishi:BasicDefend","Koishi:BasicDefend","Koishi:BasicDefend","Koishi:BasicDefend","Koishi:Provoke","Koishi:HauntingSlash+1","Koishi:JumpScare+1","Koishi:UnseenTerror","Koishi:UnseenTerror","Koishi:PhantomBarrier","Koishi:ImGoingToCallYouNow+1","Koishi:EmbryosDream+1","Koishi:SpiritedAway+1","Koishi:TerrifyingSpectre+1","Koishi:ParalyzingFear+1","Koishi:FleetingPhantom+1","Koishi:Heartbroken+1","Koishi:StrangeCloudFist+1","Koishi:Untouchable+1","Koishi:SpiritedAway","Koishi:Untouchable+1","Koishi:JumpScare+1","Koishi:PhantomBarrier+1","Koishi:Untouchable+1","Koishi:HeartStoppingHorror+1","Koishi:JumpScare+1","Koishi:MindNumbingTerror","Koishi:EmbryosDream+1","Koishi:PhantomBarrier+1","Koishi:StingingMind+1","Koishi:StingingMind+1","Koishi:MindStellarRelief+1"],"relics":["Koishi:ImaginaryFriend","NeowsBlessing","Mummified Hand","Singing Bowl","InkBottle","Philosopher\u0027s Stone","Orrery","Bag of Preparation","Toxic Egg 2","Velvet Choker","Koishi:TeethAndClaws","Dream Catcher","Kunai","HornCleat"],"acts_visited":["Gensokyo:Gensokyo","Gensokyo:Gensokyoer","Gensokyo:Gensokyoest"],"potions_floor_usage":[50],"damage_taken":[{"damage":0.0,"enemies":"Gensokyo:3_Fairies","floor":1.0,"turns":2.0},{"damage":0.0,"enemies":"Gensokyo:Python","floor":4.0,"turns":1.0},{"damage":0.0,"enemies":"Gensokyo:Aya","floor":6.0,"turns":1.0},{"damage":7.0,"enemies":"Gensokyo:2_Kodama","floor":7.0,"turns":6.0},{"damage":29.0,"enemies":"Gensokyo:Cirno","floor":12.0,"turns":9.0},{"damage":1.0,"enemies":"Gensokyo:2_Rabbits","floor":14.0,"turns":7.0},{"damage":10.0,"enemies":"Gensokyo:Yukari","floor":16.0,"turns":11.0},{"damage":11.0,"enemies":"Gensokyo:AngelMirror","floor":18.0,"turns":3.0},{"damage":16.0,"enemies":"Gensokyo:3_Dogs","floor":19.0,"turns":7.0},{"damage":0.0,"enemies":"Gensokyo:Chomper_and_Gloop","floor":22.0,"turns":7.0},{"damage":23.0,"enemies":"Gensokyo:Tenshi","floor":23.0,"turns":6.0},{"damage":15.0,"enemies":"Gensokyo:Reisen","floor":25.0,"turns":6.0},{"damage":28,"enemies":"Gensokyo:Swordslinger","floor":28,"turns":2},{"damage":9,"enemies":"Gensokyo:Slime_Group","floor":29,"turns":3},{"damage":0,"enemies":"Gensokyo:Eiki","floor":33,"turns":12},{"damage":0,"enemies":"Gensokyo:AncientGuardian","floor":35,"turns":4},{"damage":20,"enemies":"Gensokyo:3_Boulders","floor":37,"turns":3},{"damage":0,"enemies":"Gensokyo:Rafflesia","floor":38,"turns":4},{"damage":11,"enemies":"Gensokyo:Sharpion","floor":39,"turns":5},{"damage":19,"enemies":"Gensokyo:4_Bats","floor":41,"turns":6},{"damage":0,"enemies":"Gensokyo:Doremy","floor":42,"turns":5},{"damage":0,"enemies":"Gensokyo:Rafflesia","floor":44,"turns":6},{"damage":0,"enemies":"Gensokyo:SeedOfUnknown","floor":46,"turns":3},{"damage":0,"enemies":"Gensokyo:Sharpion","floor":47,"turns":4},{"damage":6,"enemies":"Gensokyo:Marisa","floor":48,"turns":5},{"damage":0,"enemies":"Gensokyo:Scarlet_Devils","floor":50,"turns":8}],"seed_played":"-7958678494974696971","potions_obtained":[{"floor":1.0,"key":"LiquidBronze"},{"floor":4.0,"key":"Block Potion"},{"floor":6.0,"key":"Fire Potion"},{"floor":18.0,"key":"AttackPotion"},{"floor":19.0,"key":"CultistPotion"},{"floor":22.0,"key":"DuplicationPotion"},{"floor":25.0,"key":"AttackPotion"}],"is_trial":false,"path_per_floor":["M","?","$","M","$","E","M","R","T","R","?","E","R","M","R","B",null,"M","M","$","?","M","E","R","E","T","R","M","M","?","?","R","B",null,"M","$","M","M","M","R","M","E","T","M","R","M","M","E","R","B",null],"character_chosen":"KOISHI","items_purchased":["Koishi:UnseenTerror","Koishi:Heartbroken","Orrery","Koishi:TeethAndClaws","Koishi:JumpScare+1","Koishi:MindNumbingTerror"],"campfire_rested":0,"item_purchase_floors":[3,20,20,36,36,36],"current_hp_per_floor":[60,60,60,60,60,60,60,60,60,60,60,57,57,60,60,60,60,60,58,60,60,62,49,49,64,64,64,64,64,64,64,64,64,64,66,66,68,68,70,70,69,70,70,72,72,72,74,74,74,74],"gold":327,"neow_bonus":"THREE_ENEMY_KILL","is_daily":false,"chose_seed":false,"campfire_upgraded":10,"win_rate":0.0,"timestamp":1609172784,"path_taken":["M","?","$","M","$","E","M","R","T","R","?","E","R","?","R","BOSS","M","M","$","?","M","E","R","E","T","R","M","M","?","?","R","BOSS","M","$","M","M","M","R","M","E","T","M","R","M","M","E","R","BOSS"],"items_purchased_type":["Card","Card","Relic","Relic","Card","Card"],"build_version":"2020-12-22","purchased_purges":1,"victory":true,"max_hp_per_floor":[60,60,60,60,60,60,60,60,60,60,60,60,60,60,60,60,60,60,60,62,62,62,64,64,64,64,64,64,64,64,64,64,64,64,66,66,68,68,70,70,70,70,70,72,72,72,74,74,74,74],"card_choices":[{"not_picked":["Koishi:UnconsciousUrges","Koishi:ReflexRadar"],"picked":"Koishi:JumpScare","floor":1.0},{"not_picked":["Koishi:SprinkleStarAndHeart","Koishi:HeartAttack"],"picked":"Koishi:UnseenTerror","floor":4.0},{"not_picked":["Koishi:FleetingPhantom","Koishi:UnconsciousUprising"],"picked":"Koishi:PhantomBarrier","floor":6.0},{"not_picked":["Koishi:PhantomStrike","Koishi:VengefulSpirit"],"picked":"Koishi:ImGoingToCallYouNow","floor":7.0},{"not_picked":["Koishi:BramblyRoseGarden","Koishi:BloodcurdlingScream"],"picked":"Koishi:EmbryosDream","floor":12.0},{"not_picked":["Koishi:DreadfulBlow","Koishi:Prune"],"picked":"Koishi:SpiritedAway","floor":14.0},{"not_picked":["Koishi:FadingMemory","Koishi:RollingInRichesHeart"],"picked":"Koishi:TerrifyingSpectre","floor":16.0},{"not_picked":["Koishi:Possession+1","Koishi:MassHysteria"],"picked":"Koishi:ParalyzingFear+1","floor":18.0},{"not_picked":["Koishi:SpiritedAway","Koishi:UnconsciousUprising"],"picked":"Koishi:FleetingPhantom+1","floor":19.0},{"not_picked":["Koishi:FreudianInstinct","Koishi:DreadfulBlow+1"],"picked":"Koishi:StrangeCloudFist+1","floor":20.0},{"not_picked":["Koishi:BloodcurdlingScream","Koishi:EmbersOfLove"],"picked":"Koishi:MassHysteria+1","floor":20.0},{"not_picked":["Koishi:PredatoryInstincts+1","Koishi:HeartfeltFancy"],"picked":"Koishi:Untouchable","floor":20.0},{"not_picked":["Koishi:Jaunt","Koishi:HeartfeltFancy+1"],"picked":"Koishi:SpiritedAway","floor":20.0},{"not_picked":["Koishi:HeartAttack","Koishi:Possession","Koishi:MentalBreakdown"],"picked":"Singing Bowl","floor":20.0},{"not_picked":["Koishi:Possession","Koishi:YoukaiPolygraph+1"],"picked":"Koishi:Untouchable","floor":22.0},{"not_picked":["Koishi:Jaunt+1","Koishi:HeartfeltFancy","Koishi:ReflexRadar"],"picked":"Singing Bowl","floor":23.0},{"not_picked":["Koishi:PhantomStrike","Koishi:MentalBreakdown"],"picked":"Koishi:JumpScare+1","floor":25.0},{"not_picked":["Koishi:BloodcurdlingScream+1","Koishi:Prune+1"],"picked":"Koishi:PhantomBarrier+1","floor":28},{"not_picked":["Koishi:PhantomStrike+1","Koishi:Vanish+1"],"picked":"Koishi:Untouchable","floor":29},{"not_picked":["Koishi:Ego","Koishi:TerrifyingSpectre"],"picked":"Koishi:HeartStoppingHorror","floor":33},{"not_picked":["Koishi:HeartfeltFancy+1","Koishi:RacingHeart","Koishi:IdleWhim+1"],"picked":"Singing Bowl","floor":35},{"not_picked":["Koishi:DreadfulBlow","Koishi:IdleWhim+1","Koishi:JumpScare+1"],"picked":"Singing Bowl","floor":37},{"not_picked":["Koishi:UnconsciousUprising+1","Koishi:GeneticsOfTheUnconscious+1"],"picked":"Koishi:EmbryosDream+1","floor":38},{"not_picked":["Koishi:RoseHell+1","Koishi:Prune","Koishi:YoukaiPolygraph+1"],"picked":"Singing Bowl","floor":39},{"not_picked":["Koishi:GeneticsOfTheUnconscious+1","Koishi:RacingHeart"],"picked":"Koishi:PhantomBarrier+1","floor":41},{"not_picked":["Koishi:DreadfulBlow","Koishi:CatchAndRose+1"],"picked":"Koishi:StingingMind+1","floor":42},{"not_picked":["Koishi:MentalBreakdown","Koishi:RacingHeart","Koishi:PhantomStrike"],"picked":"Singing Bowl","floor":44},{"not_picked":["Koishi:JumpScare+1","Koishi:Prune"],"picked":"Koishi:StingingMind+1","floor":46},{"not_picked":["Koishi:FreudianInstinct+1","Koishi:Jaunt","Koishi:EmbryosDream+1"],"picked":"Singing Bowl","floor":47},{"not_picked":["Koishi:JumpScare+1","Koishi:PhantomStrike+1"],"picked":"Koishi:MindStellarRelief+1","floor":48}],"player_experience":63789,"relics_obtained":[{"floor":6.0,"key":"Mummified Hand"},{"floor":9.0,"key":"Singing Bowl"},{"floor":12.0,"key":"InkBottle"},{"floor":23.0,"key":"Bag of Preparation"},{"floor":25.0,"key":"Toxic Egg 2"},{"floor":26.0,"key":"Bronze Scales"},{"floor":42,"key":"Dream Catcher"},{"floor":43,"key":"Kunai"},{"floor":48,"key":"HornCleat"}],"event_choices":[],"is_beta":false,"boss_relics":[{"not_picked":["Snecko Eye","Busted Crown"],"picked":"Philosopher\u0027s Stone"},{"not_picked":["Koishi:ColorfulDays","Runic Dome"],"picked":"Velvet Choker"}],"items_purged_floors":[36],"is_endless":false,"potions_floor_spawned":[1,4,6,18,19,22,25,33,37,41,42,44,46,47],"ascension_level":2}}