{"host":"gxmig9bwvxt5mpcx","time":1609165050,"event":{"mods":["AchievementEnabler","Bard","BaseMod","Beaked The Cultist","Better Match","Better Note","Better Sensory Stone","Better Skull","Block Reminder","CatGirl Mod","Colored Powertips","Conspire","Dio Mod","Downfall","Energized Spire","Friendly Minions","Hermit","Highlight Path","Hubris","Minty Spire (QoL Compilation)","Permanent Neow","Replay The Spire","StSLib","The Cursed","The Jungle","The Mystic","The Runesmith","The Servant 0.9.4","The Spell Scribe","TheArtist","TheBandit","TheVacant","Uncapped","vexMod"],"gold_per_floor":[114,114,114,127,127,127,154,154,177,177,189,207,207,207,207,307,307,320,332,332,332,351,351,351,351,427,427,277,288,240,259,259,356,356,368,368,368,386,396,396,396,407,407,407,407,426,161,171,171,171],"floor_reached":51,"playtime":3472,"items_purged":["Parasite"],"score":695,"play_id":"50c888d4-f03a-4589-a33c-9f2675105ac3","local_time":"20201228091730","is_ascension_mode":false,"campfire_choices":[{"data":"dioMod:Defend","floor":6.0,"key":"SMITH"},{"data":"dioMod:KonoDioDa","floor":8.0,"key":"SMITH"},{"data":"dioMod:TheWalk","floor":13.0,"key":"SMITH"},{"floor":15.0,"key":"REST"},{"data":"dioMod:ZaWarudo","floor":23.0,"key":"SMITH"},{"data":"dioMod:Defend","floor":25.0,"key":"SMITH"},{"data":"dioMod:Defend","floor":27.0,"key":"SMITH"},{"data":"dioMod:Defend","floor":40.0,"key":"SMITH"},{"data":"dioMod:Defend","floor":45.0,"key":"SMITH"},{"floor":49,"key":"DIG"}],"circlet_count":0,"master_deck":["dioMod:Strike","dioMod:Strike","dioMod:Strike","dioMod:Strike","Bite+1","dioMod:Defend","dioMod:Defend","dioMod:Defend","dioMod:Defend","dioMod:PathToHeaven+1","dioMod:KonoDioDa+1","dioMod:TheWalk+1","dioMod:ZaWarudo+1","dioMod:Pluck","dioMod:ZaWarudo+1","dioMod:HeavyLifting+1","ReplayTheSpireMod:Brewmster"],"relics":["dioMod:VampireBlood","hubris:SlimyHat","Simple Rune","Coffee Dripper","Dream Catcher","Ornamental Fan","Vajra","Replay:Wax Seal","hubris:Towel","Replay:Mystery Machine"],"acts_visited":["Exordium","Exordium","TheBeyond"],"potions_floor_usage":[48,48,50],"damage_taken":[{"damage":3.0,"enemies":"Jaw Worm","floor":1.0,"turns":5.0},{"damage":2.0,"enemies":"Cultist","floor":4.0,"turns":5.0},{"damage":88.0,"enemies":"Gremlin Nob","floor":7.0,"turns":7.0},{"damage":0.0,"enemies":"Small Slimes","floor":11.0,"turns":2.0},{"damage":6.0,"enemies":"3 Louse","floor":12.0,"turns":3.0},{"damage":35.0,"enemies":"Slime Boss","floor":16.0,"turns":11.0},{"damage":3.0,"enemies":"theJungle:5_Spyders","floor":18.0,"turns":9.0},{"damage":16.0,"enemies":"theJungle:Flameango_and_Byrd","floor":19.0,"turns":5.0},{"damage":36.0,"enemies":"theJungle:JungleHuntersEncounter","floor":22.0,"turns":7.0},{"damage":26.0,"enemies":"theJungle:Snecko_Cultist_And_Trap","floor":29.0,"turns":10.0},{"damage":0.0,"enemies":"theJungle:Lyon","floor":31.0,"turns":4.0},{"damage":74.0,"enemies":"theJungle:TotemBoss","floor":33.0,"turns":11.0},{"damage":59.0,"enemies":"3 Darklings","floor":35.0,"turns":19.0},{"damage":6.0,"enemies":"Orb Walker","floor":38.0,"turns":5.0},{"damage":0.0,"enemies":"Writhing Mass","floor":39.0,"turns":4.0},{"damage":12.0,"enemies":"Transient","floor":42.0,"turns":4.0},{"damage":38,"enemies":"3 Darklings","floor":46,"turns":11},{"damage":10,"enemies":"Writhing Mass","floor":48,"turns":5},{"damage":0,"enemies":"Jotaro","floor":50,"turns":4}],"seed_played":"8937810800566649857","potions_obtained":[{"floor":1.0,"key":"SteroidPotion"},{"floor":2.0,"key":"conspire:TimeTravelPotion"},{"floor":2.0,"key":"ColorlessPotion"},{"floor":2.0,"key":"EntropicBrew"},{"floor":11.0,"key":"Energy Potion"},{"floor":12.0,"key":"Fire Potion"},{"floor":19.0,"key":"Languid Potion"},{"floor":22.0,"key":"LifebloodPotion"},{"floor":33.0,"key":"BlessingOfTheForge"},{"floor":35.0,"key":"Elixir"},{"floor":41.0,"key":"Venom Potion"},{"floor":46,"key":"LifebloodPotion"}],"is_trial":false,"path_per_floor":["M","?","$","M","?","R","E","R","T","?","M","M","R","?","R","B",null,"M","M","$","?","M","R","T","R","T","R","$","M","$","M","R","B",null,"M","?","?","M","M","R","?","M","T","?","R","M","$","M","R","B",null],"character_chosen":"THE_DEFAULT","items_purchased":["Vajra","AttackPotion","ReplayTheSpireMod:Brewmster"],"campfire_rested":1,"item_purchase_floors":[28,30,47],"current_hp_per_floor":[75,75,75,75,75,75,27,27,27,27,37,42,42,28,50,32,75,75,65,65,65,37,37,37,37,37,37,37,21,21,26,48,7,75,66,66,66,72,75,75,75,66,66,66,66,55,55,51,51,54],"gold":171,"neow_bonus":"ONE_RANDOM_RARE_CARD","is_daily":false,"chose_seed":false,"campfire_upgraded":8,"win_rate":0.0,"timestamp":1609165050,"path_taken":["M","?","$","?","?","R","E","R","T","?","M","M","R","?","R","BOSS","M","?","$","?","M","R","?","R","T","R","$","M","$","M","R","BOSS","M","?","?","M","?","R","?","M","T","?","R","M","$","M","R","BOSS"],"items_purchased_type":["Relic","Potion","Card"],"build_version":"2020-12-22","purchased_purges":1,"victory":true,"max_hp_per_floor":[75,75,75,75,75,75,75,75,75,75,75,75,75,75,75,75,75,75,75,75,75,75,75,75,75,75,75,75,75,75,75,75,75,75,75,75,75,75,75,75,75,75,75,75,75,75,72,72,72,72],"card_choices":[{"not_picked":["dioMod:SadisticLaugh","dioMod:DaggerSpree","dioMod:CoffinBath"],"picked":"SKIP","floor":1.0},{"not_picked":["dioMod:FlyAway","dioMod:StreetSign","dioMod:DominatingPresence"],"picked":"SKIP","floor":4.0},{"not_picked":["dioMod:GoldVial","dioMod:FlyAway"],"picked":"dioMod:KonoDioDa","floor":7.0},{"not_picked":["dioMod:BloodSplash","dioMod:CautiousMuda","dioMod:CutDeep"],"picked":"SKIP","floor":11.0},{"not_picked":["dioMod:BloodShield","dioMod:BlendIn"],"picked":"dioMod:TheWalk","floor":12.0},{"not_picked":["dioMod:Pluck","dioMod:SevenPageMuda"],"picked":"dioMod:ZaWarudo","floor":16.0},{"not_picked":["dioMod:BloodSplash","dioMod:LaserVision","dioMod:FlyAway"],"picked":"SKIP","floor":18.0},{"not_picked":["dioMod:SecretPlan","dioMod:SlashThroughTime","dioMod:ComposedMuda"],"picked":"SKIP","floor":19.0},{"not_picked":["dioMod:Hiss+1","dioMod:TripleThreat","dioMod:ComposedMuda"],"picked":"SKIP","floor":22.0},{"not_picked":["dioMod:Hiss+1","dioMod:HeavyLifting"],"picked":"dioMod:Pluck","floor":29.0},{"not_picked":["dioMod:BloodSplash","dioMod:ComboFever+1","dioMod:TripleThreat"],"picked":"SKIP","floor":31.0},{"not_picked":["dioMod:GoldVial","dioMod:PhantomBlood"],"picked":"dioMod:ZaWarudo","floor":33.0},{"not_picked":["dioMod:FlyAway+1","dioMod:Hiss+1","dioMod:CautiousMuda+1"],"picked":"SKIP","floor":35.0},{"not_picked":["dioMod:CautiousMuda+1","dioMod:Diversion","dioMod:BloodSplash+1"],"picked":"SKIP","floor":38.0},{"not_picked":["dioMod:TripleThreat+1","dioMod:Freeze+1"],"picked":"dioMod:HeavyLifting+1","floor":39.0},{"not_picked":["dioMod:FlyAway+1","dioMod:Hiss","dioMod:BloodShield+1"],"picked":"SKIP","floor":42.0},{"not_picked":["dioMod:MudaMudaMuda+1","dioMod:BloodTransfusion","dioMod:GoodbyeJojo"],"picked":"SKIP","floor":46},{"not_picked":["dioMod:CautiousMuda","dioMod:DisarmingVoice+1","dioMod:SlashThroughTime+1"],"picked":"SKIP","floor":48}],"player_experience":28860,"relics_obtained":[{"floor":7.0,"key":"hubris:SlimyHat"},{"floor":9.0,"key":"Simple Rune"},{"floor":24.0,"key":"Dream Catcher"},{"floor":26.0,"key":"Ornamental Fan"},{"floor":43.0,"key":"Replay:Wax Seal"},{"floor":49,"key":"Replay:Mystery Machine"}],"event_choices":[{"damage_healed":0.0,"max_hp_gain":0.0,"max_hp_loss":0.0,"gold_gain":0.0,"event_name":"Lab","player_choice":"Got Potions","floor":2.0,"gold_loss":0.0,"damage_taken":0.0},{"damage_healed":0.0,"max_hp_gain":0.0,"max_hp_loss":0.0,"gold_gain":0.0,"event_name":"Living Wall","player_choice":"Grow","floor":10.0,"gold_loss":0.0,"damage_taken":0.0,"cards_upgraded":["dioMod:Defend"]},{"damage_healed":0.0,"max_hp_gain":0.0,"max_hp_loss":0.0,"gold_gain":0.0,"event_name":"betterSkull:BetterSkull","player_choice":"UP ","floor":14.0,"gold_loss":0.0,"damage_taken":16.0,"cards_upgraded":["dioMod:Defend"],"relics_obtained":[]},{"damage_healed":0.0,"max_hp_gain":0.0,"max_hp_loss":0.0,"gold_gain":0.0,"event_name":"betterNote:BetterNote","player_choice":"Ignored","floor":21.0,"gold_loss":0.0,"damage_taken":0.0,"cards_obtained":["hermit:Maintenance"]},{"damage_healed":0.0,"max_hp_gain":0.0,"max_hp_loss":0.0,"gold_gain":0.0,"event_name":"conspire:Investor","player_choice":"Leave","floor":36.0,"gold_loss":0.0,"damage_taken":0.0},{"damage_healed":0.0,"max_hp_gain":0.0,"max_hp_loss":0.0,"gold_gain":0.0,"event_name":"Upgrade Shrine","player_choice":"Upgraded","floor":37.0,"gold_loss":0.0,"damage_taken":0.0,"cards_upgraded":["dioMod:ZaWarudo"]}],"is_beta":false,"boss_relics":[{"not_picked":["conspire:RoyalGoblet","hubris:TerracottaHorce"],"picked":"Coffee Dripper"},{"not_picked":["Replay:Fungal Core","Runic Dome","Astrolabe"]}],"items_purged_floors":[47],"is_endless":false,"potions_floor_spawned":[1,11,12,19,22,33,35,46],"ascension_level":0}}