{"host":"9tch52zpouts7b2p","time":1609138095,"event":{"mods":["BaseMod","Colored Map","Minty Spire (QoL Compilation)","StSLib","UnlockEverythingMod","noobMod"],"gold_per_floor":[115,41,41,216,1,1,29,40,40,40,40,40,40,115,115,211,211,231,59,59,86,11,11,11,11,87,107,123,141,170,181,181,283,283,295,314,314],"floor_reached":36,"playtime":2061,"items_purged":["Doubt","Strike_B"],"score":428,"play_id":"7dfa3e29-eb22-480f-9f88-9a7c46fe0361","local_time":"20201228144815","is_ascension_mode":false,"campfire_choices":[{"data":"Darkness","floor":6,"key":"SMITH"},{"data":"Recycle","floor":11,"key":"SMITH"},{"data":"Dualcast","floor":13,"key":"SMITH"},{"floor":15,"key":"REST"},{"data":"Electrodynamics","floor":23,"key":"SMITH"},{"data":"Zap","floor":25,"key":"SMITH"},{"floor":32,"key":"REST"}],"circlet_count":0,"master_deck":["Strike_B","Strike_B+1","Defend_B","Defend_B","Defend_B","Defend_B","Zap+1","Dualcast+1","Glacier+1","Tempest","Static Discharge","Darkness+1","Recycle+1","Undo","Melter","Electrodynamics+1","Turbo+1","Chill+1","Capacitor","Steam Power+1","Conserve Battery+1","Sunder+1","Chaos+1","Amplify+1","Rainbow+1","Storm"],"relics":["Cracked Core","ice","NeowsBlessing","Bottled Tornado","Toxic Egg 2","Inserter","Enchiridion","Strawberry","InkBottle","Oddly Smooth Stone","Busted Crown"],"acts_visited":["Exordium","TheCity","TheBeyond"],"potions_floor_usage":[27,28,30,31],"damage_taken":[{"damage":0,"enemies":"2 Louse","floor":1,"turns":1},{"damage":0,"enemies":"3 Sentries","floor":7,"turns":1},{"damage":0,"enemies":"Jaw Worm","floor":8,"turns":1},{"damage":47,"enemies":"The Guardian","floor":16,"turns":11},{"damage":5,"enemies":"3 Byrds","floor":18,"turns":2},{"damage":0,"enemies":"Spheric Guardian","floor":27,"turns":2},{"damage":17,"enemies":"Snake Plant","floor":28,"turns":3},{"damage":4,"enemies":"Shelled Parasite and Fungi","floor":29,"turns":4},{"damage":19,"enemies":"Book of Stabbing","floor":30,"turns":6},{"damage":11,"enemies":"Cultist and Chosen","floor":31,"turns":5},{"damage":47,"enemies":"Champ","floor":33,"turns":13},{"damage":12,"enemies":"3 Darklings","floor":35,"turns":3},{"damage":0,"enemies":"Orb Walker","floor":36,"turns":4}],"seed_played":"-7549931128550974730","potions_obtained":[{"floor":1,"key":"Energy Potion"},{"floor":16,"key":"PotionOfCapacity"},{"floor":18,"key":"Weak Potion"},{"floor":30,"key":"Ancient Potion"},{"floor":36,"key":"EssenceOfDarkness"}],"is_trial":false,"path_per_floor":["M","$","?","?","$","R","E","M","T","?","R","$","R","?","R","B",null,"M","$","?","T","$","R","?","R","T","M","M","M","E","M","R","B",null,"M","M"],"character_chosen":"DEFECT","items_purchased":["Tempest","Static Discharge","Darkness","Chill+1","Capacitor"],"campfire_rested":2,"item_purchase_floors":[2,5,5,19,22],"current_hp_per_floor":[75,75,60,60,60,60,60,60,60,60,60,60,60,49,71,24,75,70,70,54,61,61,61,61,61,61,61,44,40,21,10,34,56,84,72,72,72],"gold":314,"neow_bonus":"THREE_ENEMY_KILL","is_daily":false,"chose_seed":false,"campfire_upgraded":5,"win_rate":0.0,"timestamp":1609138095,"path_taken":["M","$","?","?","$","R","E","M","T","?","R","?","R","?","R","BOSS","M","$","?","?","?","R","?","R","T","M","M","M","E","M","R","BOSS","M","M"],"items_purchased_type":["Card","Card","Card","Card","Card"],"build_version":"2020-12-22","purchased_purges":2,"victory":false,"max_hp_per_floor":[75,75,75,75,75,75,75,75,75,75,75,75,75,75,75,75,75,75,75,75,82,82,82,82,82,82,82,82,82,82,82,82,84,84,88,91,91],"card_choices":[{"not_picked":["Tempest","Stack"],"picked":"Glacier","floor":1},{"not_picked":["Loop","Cold Snap"],"picked":"Recycle","floor":7},{"not_picked":["Reprogram","Stack"],"picked":"Undo","floor":8},{"not_picked":["Buffer","Seek+1"],"picked":"Electrodynamics","floor":16},{"not_picked":["Rebound","Undo+1"],"picked":"Turbo+1","floor":18},{"not_picked":["Redo+1","Barrage"],"picked":"Conserve Battery+1","floor":27},{"not_picked":["Doom and Gloom","Go for the Eyes+1"],"picked":"Sunder+1","floor":28},{"not_picked":["Steam Power+1","Turbo+1"],"picked":"Chaos+1","floor":29},{"not_picked":["Compile Driver","Coolheaded+1"],"picked":"Amplify+1","floor":30},{"not_picked":["Sweeping Beam","Cold Snap","Beam Cell+1"],"picked":"SKIP","floor":31},{"not_picked":["All For One","Reboot+1"],"picked":"Rainbow+1","floor":33},{"not_picked":[],"picked":"Storm","floor":35}],"player_experience":74065,"relics_obtained":[{"floor":7,"key":"Bottled Tornado"},{"floor":9,"key":"Toxic Egg 2"},{"floor":20,"key":"Enchiridion"},{"floor":21,"key":"Strawberry"},{"floor":26,"key":"InkBottle"},{"floor":30,"key":"Oddly Smooth Stone"}],"event_choices":[{"damage_healed":0,"gold_gain":0,"player_choice":"Entered Light","damage_taken":15,"max_hp_gain":0,"max_hp_loss":0,"event_name":"Shining Light","floor":3,"gold_loss":0,"cards_upgraded":["Strike_B","Glacier"]},{"damage_healed":0,"gold_gain":175,"player_choice":"AGREE","damage_taken":0,"max_hp_gain":0,"max_hp_loss":0,"event_name":"Liars Game","floor":4,"gold_loss":0,"cards_obtained":["Doubt"]},{"damage_healed":0,"gold_gain":0,"cards_transformed":["Strike_B"],"player_choice":"Change","damage_taken":0,"max_hp_gain":0,"max_hp_loss":0,"event_name":"Living Wall","floor":10,"gold_loss":0,"cards_obtained":["Melter"]},{"damage_healed":0,"gold_gain":75,"player_choice":"Gather Gold","damage_taken":11,"max_hp_gain":0,"max_hp_loss":0,"event_name":"World of Goop","floor":14,"gold_loss":0},{"damage_healed":0,"gold_gain":0,"player_choice":"Obtained Book","damage_taken":16,"max_hp_gain":0,"max_hp_loss":0,"event_name":"Cursed Tome","floor":20,"gold_loss":0},{"damage_healed":0,"gold_gain":0,"player_choice":"1 cards matched","damage_taken":0,"max_hp_gain":0,"max_hp_loss":0,"event_name":"Match and Keep!","floor":24,"gold_loss":0,"cards_obtained":["Steam Power"]}],"is_beta":false,"boss_relics":[{"not_picked":["Pandora\u0027s Box","SlaversCollar"],"picked":"Inserter"},{"not_picked":["Tiny House","Runic Pyramid"],"picked":"Busted Crown"}],"items_purged_floors":[5,19],"is_endless":false,"potions_floor_spawned":[1,16,18,30,36],"killed_by":"Orb Walker","ascension_level":0}}