{"host":"szp1d6dso4pv7ddl","time":1609191983,"event":{"mods":["AchievementEnabler","Alarm Clock","BaseMod","Bestiary","Block Reminder","Colored Map","Colored Powertips","Curses Come First","Displayed Cursed Tome","Highlight Path","Minty Spire (QoL Compilation)","Permanent Neow","Quick Restart","Relic Sorter","Relic Stats","StSLib","Synergy Search"],"gold_per_floor":[13,13,26,42,62,62,93,268,268,268,268,268,46,62,62,164,164,184,99,0,0,20,30,30,58,58,157,12,12,27,43,43,143,143,155,166,41,61,74,74,88,88,88,118,118,0,0,0,0,0],"floor_reached":51,"playtime":2197,"items_purged":["Doubt","Skim","Barrage"],"score":994,"play_id":"1aeb19d8-38bd-4de7-9a5e-2a1ac7da5533","local_time":"20201228134623","is_ascension_mode":true,"campfire_choices":[{"data":"Hologram","floor":6.0,"key":"SMITH"},{"floor":10.0,"key":"REST"},{"data":"Dualcast","floor":12.0,"key":"SMITH"},{"floor":15.0,"key":"REST"},{"floor":24,"key":"REST"},{"floor":32,"key":"REST"},{"floor":40,"key":"REST"},{"floor":42,"key":"REST"},{"data":"Hologram","floor":47,"key":"SMITH"},{"data":"FTL","floor":49,"key":"SMITH"}],"circlet_count":0,"master_deck":["Defend_B","Defend_B","Defend_B","Zap+1","All For One","Gash","Hologram+1","Hologram+1","Beam Cell+1","FTL+1","Gash","Gash","Gash","Sadistic Nature","Sadistic Nature"],"relics":["Cracked Core","Ancient Tea Set","Regal Pillow","Oddly Smooth Stone","Empty Cage","Kunai","Lantern","Singing Bowl","Nuclear Battery","Thread and Needle","Bag of Marbles","Red Mask"],"acts_visited":["Exordium","TheCity","TheBeyond"],"potions_floor_usage":[23,25,33,41,50],"damage_taken":[{"damage":4.0,"enemies":"Jaw Worm","floor":1.0,"turns":3.0},{"damage":6.0,"enemies":"Cultist","floor":3.0,"turns":3.0},{"damage":0.0,"enemies":"2 Louse","floor":4.0,"turns":2.0},{"damage":9.0,"enemies":"Looter","floor":5.0,"turns":3.0},{"damage":50.0,"enemies":"3 Sentries","floor":7.0,"turns":7.0},{"damage":17.0,"enemies":"Exordium Thugs","floor":14.0,"turns":3.0},{"damage":50.0,"enemies":"Hexaghost","floor":16.0,"turns":8.0},{"damage":14.0,"enemies":"Shell Parasite","floor":18.0,"turns":3.0},{"damage":3,"enemies":"3 Byrds","floor":22,"turns":5},{"damage":28,"enemies":"Centurion and Healer","floor":23,"turns":5},{"damage":13,"enemies":"Book of Stabbing","floor":25,"turns":3},{"damage":10,"enemies":"Shelled Parasite and Fungi","floor":30,"turns":3},{"damage":0,"enemies":"Chosen and Byrds","floor":31,"turns":3},{"damage":0,"enemies":"Collector","floor":33,"turns":3},{"damage":22,"enemies":"3 Shapes","floor":35,"turns":8},{"damage":24,"enemies":"3 Darklings","floor":36,"turns":4},{"damage":18,"enemies":"Maw","floor":38,"turns":5},{"damage":0,"enemies":"4 Shapes","floor":39,"turns":4},{"damage":0,"enemies":"Sphere and 2 Shapes","floor":41,"turns":3},{"damage":8,"enemies":"Reptomancer","floor":44,"turns":4},{"damage":52,"enemies":"Awakened One","floor":50,"turns":7}],"seed_played":"8682202562788240374","potions_obtained":[{"floor":3.0,"key":"GamblersBrew"},{"floor":7.0,"key":"SpeedPotion"},{"floor":14.0,"key":"LiquidBronze"},{"floor":21.0,"key":"CultistPotion"},{"floor":21.0,"key":"SteroidPotion"},{"floor":23,"key":"AttackPotion"},{"floor":39,"key":"SpeedPotion"},{"floor":41,"key":"PowerPotion"},{"floor":44,"key":"FocusPotion"}],"is_trial":false,"path_per_floor":["M","?","M","M","M","R","E","?","T","R","?","R","$","M","R","B",null,"M","?","?","?","M","M","R","E","T","?","$","?","M","M","R","B",null,"M","M","$","M","M","R","M","R","T","E","?","?","R","?","R","B",null],"character_chosen":"DEFECT","items_purchased":["Oddly Smooth Stone","Gash"],"campfire_rested":6,"item_purchase_floors":[13,28],"current_hp_per_floor":[71,71,65,65,56,56,6,6,6,43,43,43,43,26,63,13,60,46,46,46,46,43,15,52,39,39,39,39,39,31,33,71,73,79,59,37,37,21,21,62,64,89,89,83,83,83,83,83,83,31],"gold":0,"neow_bonus":"TRANSFORM_TWO_CARDS","is_daily":false,"chose_seed":false,"campfire_upgraded":4,"win_rate":0.0,"timestamp":1609191983,"path_taken":["M","?","?","M","M","R","E","?","T","R","?","R","$","M","R","BOSS","M","?","?","?","M","?","R","E","T","?","?","?","M","M","R","BOSS","M","M","$","?","M","R","M","R","T","E","?","?","R","?","R","BOSS"],"items_purchased_type":["Relic","Card"],"build_version":"2020-12-22","purchased_purges":3,"victory":true,"max_hp_per_floor":[75,75,75,75,75,75,75,75,75,75,75,75,75,75,75,75,75,75,75,75,75,75,75,75,75,75,75,75,75,77,79,79,81,81,83,85,85,87,87,87,89,89,89,91,91,91,91,91,91,91],"relic_stats":{"Regal Pillow":75,"Singing Bowl":16,"counters":[21,89],"Kunai":[51],"obtain_stats":[{"Regal Pillow":9,"Lantern":25,"Singing Bowl":26,"Oddly Smooth Stone":13,"Thread and Needle":43,"Bag of Marbles":44,"Red Mask":46,"Kunai":19,"Cracked Core":0,"Ancient Tea Set":7,"Empty Cage":17,"Nuclear Battery":34},{"Regal Pillow":5,"Lantern":11,"Singing Bowl":11,"Oddly Smooth Stone":5,"Thread and Needle":19,"Bag of Marbles":20,"Red Mask":20,"Kunai":8,"Cracked Core":0,"Ancient Tea Set":5,"Empty Cage":7,"Nuclear Battery":14},{"Regal Pillow":18,"Lantern":45,"Singing Bowl":45,"Oddly Smooth Stone":18,"Thread and Needle":78,"Bag of Marbles":82,"Red Mask":82,"Kunai":32,"Cracked Core":0,"Ancient Tea Set":18,"Empty Cage":29,"Nuclear Battery":54}]},"card_choices":[{"not_picked":["Turbo","Beam Cell"],"picked":"Gash","floor":1.0},{"not_picked":["Lockon","Cold Snap","Capacitor"],"picked":"SKIP","floor":3.0},{"not_picked":["Turbo","Barrage"],"picked":"Hologram","floor":4.0},{"not_picked":["Hello World","White Noise","Ball Lightning"],"picked":"SKIP","floor":5.0},{"not_picked":["Stack","Consume","Capacitor"],"picked":"SKIP","floor":7.0},{"not_picked":["Conserve Battery","Go for the Eyes"],"picked":"Hologram","floor":14.0},{"not_picked":["Sunder","Steam"],"picked":"Beam Cell+1","floor":18.0},{"not_picked":["Melter+1","Cold Snap","Rebound"],"picked":"SKIP","floor":22},{"not_picked":["Rebound","Chill+1"],"picked":"FTL","floor":23},{"not_picked":["Biased Cognition","Doom and Gloom+1"],"picked":"Gash","floor":25},{"not_picked":["Leap","Ball Lightning","Storm"],"picked":"Singing Bowl","floor":30},{"not_picked":["Doom and Gloom","Double Energy+1","Sweeping Beam"],"picked":"Singing Bowl","floor":31},{"not_picked":["Seek","Echo Form","Creative AI"],"picked":"Singing Bowl","floor":33},{"not_picked":["Rebound","Conserve Battery+1","Storm"],"picked":"Singing Bowl","floor":35},{"not_picked":["Cold Snap","Barrage+1","Lockon"],"picked":"Singing Bowl","floor":36},{"not_picked":["White Noise+1","Barrage+1","Stack+1"],"picked":"Singing Bowl","floor":38},{"not_picked":["Sweeping Beam+1","Consume+1"],"picked":"Gash","floor":39},{"not_picked":["Cold Snap+1","Turbo","Lockon"],"picked":"Singing Bowl","floor":41},{"not_picked":["Double Energy+1","Biased Cognition","Defragment+1"],"picked":"Singing Bowl","floor":44},{"not_picked":["Bandage Up","Panacea"],"picked":"Sadistic Nature","floor":45}],"player_experience":1053119,"relics_obtained":[{"floor":7.0,"key":"Ancient Tea Set"},{"floor":9.0,"key":"Regal Pillow"},{"floor":25,"key":"Lantern"},{"floor":26,"key":"Singing Bowl"},{"floor":43,"key":"Thread and Needle"},{"floor":44,"key":"Bag of Marbles"}],"event_choices":[{"damage_healed":0.0,"max_hp_gain":0.0,"max_hp_loss":0.0,"gold_gain":0.0,"event_name":"Accursed Blacksmith","player_choice":"Forge","floor":2.0,"gold_loss":0.0,"damage_taken":0.0,"cards_upgraded":["Zap"]},{"damage_healed":0.0,"max_hp_gain":0.0,"max_hp_loss":0.0,"gold_gain":175.0,"event_name":"Liars Game","player_choice":"AGREE","floor":8.0,"gold_loss":0.0,"damage_taken":0.0,"cards_obtained":["Doubt"]},{"damage_healed":0.0,"max_hp_gain":0.0,"max_hp_loss":0.0,"gold_gain":0.0,"cards_transformed":["Strike_B"],"event_name":"Living Wall","player_choice":"Change","floor":11.0,"gold_loss":0.0,"damage_taken":0.0,"cards_obtained":["Barrage"]},{"damage_healed":0.0,"max_hp_gain":0.0,"max_hp_loss":0.0,"gold_gain":0.0,"event_name":"Addict","player_choice":"Obtained Relic","floor":19.0,"gold_loss":85.0,"damage_taken":0.0,"relics_obtained":["Kunai"]},{"damage_healed":0.0,"max_hp_gain":0.0,"max_hp_loss":0.0,"gold_gain":0.0,"event_name":"Masked Bandits","player_choice":"Paid Fearfully","floor":20.0,"gold_loss":99.0,"damage_taken":0.0},{"damage_healed":0.0,"max_hp_gain":0.0,"max_hp_loss":0.0,"gold_gain":0.0,"event_name":"Lab","player_choice":"Got Potions","floor":21.0,"gold_loss":0.0,"damage_taken":0.0},{"damage_healed":0,"gold_gain":99,"player_choice":"Stole From Cult","damage_taken":0,"max_hp_gain":0,"max_hp_loss":0,"event_name":"Nest","floor":27,"gold_loss":0},{"cards_removed":["Dualcast"],"damage_healed":0,"gold_gain":0,"player_choice":"Purged","damage_taken":0,"max_hp_gain":0,"max_hp_loss":0,"event_name":"Purifier","floor":29,"gold_loss":0},{"damage_healed":0,"gold_gain":0,"player_choice":"Memory 1","damage_taken":0,"max_hp_gain":0,"max_hp_loss":0,"event_name":"SensoryStone","floor":45,"gold_loss":0},{"damage_healed":0,"gold_gain":0,"player_choice":"Paid","damage_taken":0,"relics_obtained":["Red Mask"],"max_hp_gain":0,"max_hp_loss":0,"event_name":"Tomb of Lord Red Mask","floor":46,"gold_loss":118},{"damage_healed":0,"gold_gain":0,"player_choice":"Copied","damage_taken":0,"max_hp_gain":0,"max_hp_loss":0,"event_name":"Duplicator","floor":48,"gold_loss":0,"cards_obtained":["Sadistic Nature"]}],"is_beta":false,"boss_relics":[{"not_picked":["Busted Crown","Fusion Hammer"],"picked":"Empty Cage"},{"not_picked":["Snecko Eye","Tiny House"],"picked":"Nuclear Battery"}],"items_purged_floors":[13,28,37],"is_endless":false,"potions_floor_spawned":[3,7,14,23,39,41,44],"ascension_level":5}}