{"host":"1637j8siz7lzgd5k","time":1609138211,"event":{"mods":["BaseMod","Colored Map","Minty Spire (QoL Compilation)","StSLib","SuperFastMode"],"gold_per_floor":[114,114,15,15,30,60,60,93,172,72,82,101,133,148,148,222,222,235,235,150,150,5,5,5],"floor_reached":23,"playtime":501,"items_purged":["Strike_P","Strike_P"],"score":522,"play_id":"394e1992-b73d-44f4-9d0c-294c60c34e22","local_time":"20201228155011","is_ascension_mode":true,"campfire_choices":[{"data":"Eruption","floor":7,"key":"SMITH"},{"data":"Adaptation","floor":15,"key":"SMITH"}],"circlet_count":0,"master_deck":["AscendersBane","Strike_P","Strike_P","Defend_P","Defend_P","Defend_P","Defend_P","Eruption+1","Vigilance","BattleHymn","Scrawl","FlyingSleeves","FlurryOfBlows","Adaptation+1","CrushJoints","ClearTheMind","Vault","BattleHymn"],"relics":["PureWater","NeowsBlessing","Juzu Bracelet","Prayer Wheel","Shuriken","Akabeko","Cursed Key","Blood Vial","DollysMirror"],"acts_visited":["Exordium","TheCity"],"potions_floor_usage":[13,16,16],"damage_taken":[{"damage":0,"enemies":"Jaw Worm","floor":1,"turns":1},{"damage":0,"enemies":"Cultist","floor":5,"turns":1},{"damage":0,"enemies":"Gremlin Nob","floor":6,"turns":1},{"damage":9,"enemies":"3 Sentries","floor":8,"turns":6},{"damage":1,"enemies":"2 Louse","floor":11,"turns":3},{"damage":6,"enemies":"Exordium Wildlife","floor":12,"turns":3},{"damage":0,"enemies":"Lagavulin","floor":13,"turns":4},{"damage":4,"enemies":"Looter","floor":14,"turns":3},{"damage":0,"enemies":"Slime Boss","floor":16,"turns":3},{"damage":12,"enemies":"3 Byrds","floor":18,"turns":4},{"damage":4,"enemies":"Book of Stabbing","floor":23,"turns":3}],"seed_played":"-3564051312768196820","potions_obtained":[{"floor":1,"key":"FearPotion"},{"floor":8,"key":"LiquidBronze"},{"floor":12,"key":"SteroidPotion"},{"floor":13,"key":"Strength Potion"},{"floor":18,"key":"Dexterity Potion"}],"is_trial":false,"path_per_floor":["M","?","$","?","M","E","R","E","T","$","M","M","E","M","R","B",null,"M","?","?","?","$","E"],"character_chosen":"WATCHER","items_purchased":["FlyingSleeves","DollysMirror"],"campfire_rested":0,"item_purchase_floors":[3,22],"current_hp_per_floor":[61,61,61,61,61,61,61,52,52,52,51,45,45,41,41,41,61,49,37,37,61,61,59,59],"gold":5,"neow_bonus":"THREE_ENEMY_KILL","is_daily":false,"chose_seed":false,"campfire_upgraded":2,"win_rate":0.0,"timestamp":1609138211,"path_taken":["M","?","?","?","?","E","R","E","T","$","M","M","E","M","R","BOSS","M","?","?","?","$","E"],"items_purchased_type":["Card","Relic"],"build_version":"2020-12-22","purchased_purges":2,"victory":false,"max_hp_per_floor":[68,68,68,68,68,68,68,68,68,68,68,68,68,68,68,68,68,68,73,73,73,73,73,73],"card_choices":[{"not_picked":["FearNoEvil","Halt"],"picked":"BattleHymn","floor":1},{"not_picked":["PathToVictory","Prostrate"],"picked":"FlurryOfBlows","floor":5},{"not_picked":["PathToVictory","Vengeance","Prostrate"],"picked":"SKIP","floor":6},{"not_picked":["Pray","CutThroughFate","EmptyBody"],"picked":"SKIP","floor":8},{"not_picked":["Consecrate","SashWhip"],"picked":"Adaptation","floor":11},{"not_picked":["Nirvana","EmptyBody","JustLucky"],"picked":"SKIP","floor":11},{"not_picked":["PathToVictory","CutThroughFate"],"picked":"CrushJoints","floor":12},{"not_picked":["Weave","Pray","FearNoEvil"],"picked":"SKIP","floor":12},{"not_picked":["CutThroughFate","Alpha"],"picked":"ClearTheMind","floor":13},{"not_picked":["Sanctity","SandsOfTime","FlurryOfBlows"],"picked":"SKIP","floor":14},{"not_picked":["FollowUp","ClearTheMind","CrushJoints"],"picked":"SKIP","floor":14},{"not_picked":["Wish","Blasphemy"],"picked":"Vault","floor":16},{"not_picked":["Tantrum","JustLucky","WindmillStrike"],"picked":"SKIP","floor":18},{"not_picked":["SashWhip","Study","SignatureMove"],"picked":"SKIP","floor":18}],"player_experience":820814,"relics_obtained":[{"floor":6,"key":"Juzu Bracelet"},{"floor":8,"key":"Prayer Wheel"},{"floor":9,"key":"Shuriken"},{"floor":13,"key":"Akabeko"}],"event_choices":[{"damage_healed":0,"gold_gain":0,"player_choice":"1 cards matched","damage_taken":0,"max_hp_gain":0,"max_hp_loss":0,"event_name":"Match and Keep!","floor":2,"gold_loss":0,"cards_obtained":["Scrawl"]},{"damage_healed":0,"gold_gain":0,"player_choice":"Ignored","damage_taken":0,"max_hp_gain":0,"max_hp_loss":0,"event_name":"Liars Game","floor":4,"gold_loss":0},{"damage_healed":0,"gold_gain":0,"player_choice":"Shed Blood","damage_taken":17,"max_hp_gain":5,"max_hp_loss":0,"event_name":"Forgotten Altar","floor":19,"gold_loss":0},{"damage_healed":0,"gold_gain":0,"player_choice":"Obtained Relic","damage_taken":0,"relics_obtained":["Blood Vial"],"max_hp_gain":0,"max_hp_loss":0,"event_name":"Addict","floor":20,"gold_loss":85},{"damage_healed":24,"gold_gain":0,"player_choice":"Heal","damage_taken":0,"max_hp_gain":0,"max_hp_loss":0,"event_name":"The Library","floor":21,"gold_loss":0}],"is_beta":false,"boss_relics":[{"not_picked":["Runic Dome","Tiny House"],"picked":"Cursed Key"}],"items_purged_floors":[3,10],"is_endless":false,"potions_floor_spawned":[1,8,12,13,18],"killed_by":"Book of Stabbing","ascension_level":14}}