{"host":"56ghxnzsglgdq727","time":1609134806,"event":{"mods":["AchievementEnabler","BaseMod","Minty Spire (QoL Compilation)"],"gold_per_floor":[361,536,549,165,182,182,182,200,227,242,242,3,3,24,24,153,216,229,229,107,131,46,46,70,89,114,114,114,137,137,161,161,289,289,305,230,230,251,314,314,314],"floor_reached":40,"playtime":934,"items_purged":["Doubt","Strike_G","Defend_G","Envenom"],"score":428,"play_id":"c8503826-218c-4738-89df-b93961272574","local_time":"20201228005326","is_ascension_mode":false,"campfire_choices":[{"data":"Crippling Poison","floor":6,"key":"SMITH"},{"floor":11,"key":"REST"},{"floor":15,"key":"REST"},{"floor":23,"key":"REST"},{"floor":27,"key":"REST"},{"floor":30,"key":"REST"},{"floor":32,"key":"REST"}],"circlet_count":0,"master_deck":["Strike_G","Strike_G","Strike_G","Defend_G","Defend_G","Defend_G","Defend_G","Neutralize","Crippling Poison+1","Deadly Poison","Noxious Fumes+1","Bane","Catalyst","Catalyst","Bane","Noxious Fumes","Corpse Explosion","Footwork+1"],"relics":["Ring of the Snake","Snake Skull","Juzu Bracelet","MealTicket","Membership Card","Golden Idol","Tiny House","Dream Catcher","Bronze Scales","Sozu","Calipers"],"acts_visited":["Exordium","TheCity","TheBeyond"],"potions_floor_usage":[3,16,16,16,24,25,29,31,33],"damage_taken":[{"damage":0,"enemies":"2 Louse","floor":1,"turns":3},{"damage":0,"enemies":"Small Slimes","floor":3,"turns":2},{"damage":8,"enemies":"Jaw Worm","floor":5,"turns":3},{"damage":17,"enemies":"Large Slime","floor":8,"turns":7},{"damage":11,"enemies":"Exordium Thugs","floor":10,"turns":4},{"damage":2,"enemies":"2 Fungi Beasts","floor":14,"turns":3},{"damage":15,"enemies":"Hexaghost","floor":16,"turns":6},{"damage":13,"enemies":"Chosen","floor":18,"turns":4},{"damage":32,"enemies":"2 Thieves","floor":21,"turns":4},{"damage":22,"enemies":"3 Cultists","floor":24,"turns":4},{"damage":21,"enemies":"Centurion and Healer","floor":25,"turns":5},{"damage":21,"enemies":"Snake Plant","floor":29,"turns":4},{"damage":6,"enemies":"Sentry and Sphere","floor":31,"turns":4},{"damage":22,"enemies":"Collector","floor":33,"turns":6},{"damage":20,"enemies":"3 Darklings","floor":35,"turns":2},{"damage":25,"enemies":"Orb Walker","floor":38,"turns":4},{"damage":35,"enemies":"Mind Bloom Boss Battle","floor":39,"turns":5},{"damage":8,"enemies":"Reptomancer","floor":40,"turns":1}],"seed_played":"6523647696810850576","potions_obtained":[{"floor":1,"key":"Explosive Potion"},{"floor":5,"key":"SkillPotion"},{"floor":10,"key":"DistilledChaos"},{"floor":14,"key":"Strength Potion"},{"floor":17,"key":"FearPotion"},{"floor":21,"key":"LiquidBronze"},{"floor":24,"key":"CunningPotion"},{"floor":25,"key":"AttackPotion"},{"floor":31,"key":"Energy Potion"}],"is_trial":false,"path_per_floor":["M","?","M","$","M","R","?","M","T","M","R","$","?","M","R","B",null,"M","?","$","M","?","R","M","M","T","R","?","M","R","M","R","B",null,"M","$","?","M","?","E"],"character_chosen":"THE_SILENT","items_purchased":["Snake Skull","Juzu Bracelet","Membership Card","Noxious Fumes","Catalyst","Bane"],"campfire_rested":6,"item_purchase_floors":[4,4,12,12,20,20],"current_hp_per_floor":[63,63,63,63,55,55,48,31,31,20,38,53,38,36,54,39,68,55,55,68,36,36,56,34,13,13,33,33,12,32,26,46,24,68,48,63,63,38,3,0,0],"gold":314,"neow_bonus":"TWO_FIFTY_GOLD","is_daily":false,"chose_seed":false,"campfire_upgraded":1,"win_rate":0.0,"timestamp":1609134806,"path_taken":["M","?","M","$","M","R","?","M","T","M","R","$","?","M","R","BOSS","M","?","?","M","?","R","M","M","T","R","?","M","R","M","R","BOSS","M","$","?","M","?","E"],"items_purchased_type":["Relic","Relic","Relic","Card","Card","Card"],"build_version":"2020-12-22","purchased_purges":4,"victory":false,"max_hp_per_floor":[63,63,63,63,63,63,63,63,63,63,63,63,63,63,63,63,68,68,68,68,68,68,68,68,68,68,68,68,68,68,68,68,68,68,68,68,68,68,68,68,68],"card_choices":[{"not_picked":["Footwork","Underhanded Strike"],"picked":"Crippling Poison","floor":1},{"not_picked":["Calculated Gamble","Finisher"],"picked":"Deadly Poison","floor":3},{"not_picked":["Prepared","Dagger Spray","Sucker Punch"],"picked":"SKIP","floor":5},{"not_picked":["Masterful Stab","Footwork","Blade Dance"],"picked":"SKIP","floor":8},{"not_picked":["Deflect","Escape Plan","Calculated Gamble"],"picked":"SKIP","floor":10},{"not_picked":["Outmaneuver","Slice"],"picked":"Bane","floor":14},{"not_picked":["Bullet Time","Die Die Die"],"picked":"Envenom","floor":16},{"not_picked":["Deflect","Infinite Blades"],"picked":"Catalyst","floor":17},{"not_picked":["Skewer+1","Backstab","Dagger Throw"],"picked":"SKIP","floor":18},{"not_picked":["Underhanded Strike","Well Laid Plans","All Out Attack"],"picked":"SKIP","floor":21},{"not_picked":["Predator","Tactician+1","Deflect"],"picked":"SKIP","floor":24},{"not_picked":["Blade Dance+1","Dagger Throw","Leg Sweep+1"],"picked":"SKIP","floor":25},{"not_picked":["Dagger Throw","Wraith Form v2"],"picked":"Noxious Fumes","floor":27},{"not_picked":["Dagger Spray","Deflect","Outmaneuver"],"picked":"SKIP","floor":29},{"not_picked":["Quick Slash","Choke","Deflect"],"picked":"SKIP","floor":31},{"not_picked":["Bullet Time","Storm of Steel"],"picked":"Corpse Explosion","floor":33},{"not_picked":["Underhanded Strike","Cloak And Dagger+1","Deflect+1"],"picked":"SKIP","floor":35},{"not_picked":["Acrobatics","Deflect"],"picked":"Footwork+1","floor":38}],"player_experience":31599,"relics_obtained":[{"floor":9,"key":"MealTicket"},{"floor":26,"key":"Bronze Scales"},{"floor":39,"key":"Calipers"}],"event_choices":[{"damage_healed":0,"gold_gain":175,"player_choice":"AGREE","damage_taken":0,"max_hp_gain":0,"max_hp_loss":0,"event_name":"Liars Game","floor":2,"gold_loss":0,"cards_obtained":["Doubt"]},{"cards_removed":["Survivor"],"damage_healed":0,"gold_gain":0,"player_choice":"Card Removal","damage_taken":7,"max_hp_gain":0,"max_hp_loss":0,"event_name":"Golden Wing","floor":7,"gold_loss":0},{"damage_healed":0,"gold_gain":0,"player_choice":"Take Damage","damage_taken":15,"relics_obtained":["Golden Idol"],"max_hp_gain":0,"max_hp_loss":0,"event_name":"Golden Idol","floor":13,"gold_loss":0},{"cards_removed":["Strike_G"],"damage_healed":0,"gold_gain":0,"player_choice":"Purged","damage_taken":0,"max_hp_gain":0,"max_hp_loss":0,"event_name":"Purifier","floor":19,"gold_loss":0},{"damage_healed":0,"gold_gain":0,"player_choice":"Obtained Relic","damage_taken":0,"relics_obtained":["Dream Catcher"],"max_hp_gain":0,"max_hp_loss":0,"event_name":"Addict","floor":22,"gold_loss":85},{"damage_healed":0,"gold_gain":0,"player_choice":"Ignored","damage_taken":0,"max_hp_gain":0,"max_hp_loss":0,"event_name":"Cursed Tome","floor":28,"gold_loss":0},{"damage_healed":0,"gold_gain":0,"player_choice":"Bought 0 Potions","damage_taken":0,"max_hp_gain":0,"max_hp_loss":0,"event_name":"The Woman in Blue","floor":37,"gold_loss":0},{"damage_healed":0,"gold_gain":0,"player_choice":"Fight","damage_taken":0,"max_hp_gain":0,"max_hp_loss":0,"event_name":"MindBloom","floor":39,"gold_loss":0}],"is_beta":false,"boss_relics":[{"not_picked":["Coffee Dripper","WristBlade"],"picked":"Tiny House"},{"not_picked":["SacredBark","Snecko Eye"],"picked":"Sozu"}],"items_purged_floors":[4,12,20,36],"is_endless":false,"potions_floor_spawned":[1,5,10,14,21,24,25,31],"killed_by":"Reptomancer","ascension_level":0}}