{"host":"hszimsrtxxc2k25w","time":1609198524,"event":{"mods":["AchievementEnabler","BaseMod","Colored Map","DeckTracker","Minty Spire (QoL Compilation)","Rare Cards Sparkle","SuperFastMode"],"gold_per_floor":[118,128,148,73,91,91,124,144,170,185,203,2,27,27,27,27,27],"floor_reached":16,"playtime":488,"items_purged":["Strike_R"],"score":228,"play_id":"95740e44-3367-4365-92f6-d5a47d2807a4","local_time":"20201229083524","is_ascension_mode":true,"campfire_choices":[{"data":"Wild Strike","floor":6,"key":"SMITH"},{"floor":15,"key":"REST"}],"circlet_count":0,"master_deck":["AscendersBane","Strike_R","Strike_R","Strike_R","Strike_R","Defend_R","Defend_R+1","Defend_R","Defend_R","Bash","Wild Strike+1","Evolve","Burning Pact+1","Hemokinesis","Reckless Charge","Shockwave","Feel No Pain"],"relics":["Burning Blood","Gambling Chip","War Paint","Potion Belt","Membership Card","PreservedInsect","Art of War"],"acts_visited":["Exordium"],"potions_floor_usage":[7,13,16],"damage_taken":[{"damage":7,"enemies":"Small Slimes","floor":1,"turns":3},{"damage":0,"enemies":"2 Louse","floor":2,"turns":3},{"damage":0,"enemies":"Cultist","floor":3,"turns":2},{"damage":28,"enemies":"Exordium Thugs","floor":5,"turns":5},{"damage":15,"enemies":"3 Sentries","floor":7,"turns":8},{"damage":11,"enemies":"Blue Slaver","floor":8,"turns":5},{"damage":4,"enemies":"2 Fungi Beasts","floor":10,"turns":3},{"damage":14,"enemies":"3 Louse","floor":11,"turns":4},{"damage":25,"enemies":"Gremlin Nob","floor":13,"turns":4},{"damage":34,"enemies":"Hexaghost","floor":16,"turns":9}],"seed_played":"-3705267542043291407","potions_obtained":[{"floor":5,"key":"PowerPotion"},{"floor":7,"key":"Strength Potion"},{"floor":11,"key":"BloodPotion"},{"floor":13,"key":"ColorlessPotion"}],"is_trial":false,"path_per_floor":["M","M","M","$","M","R","E","M","T","M","M","$","E","?","R","B"],"character_chosen":"IRONCLAD","items_purchased":["Membership Card","Feel No Pain"],"campfire_rested":1,"item_purchase_floors":[12,12],"current_hp_per_floor":[67,68,68,68,46,46,37,32,32,34,26,26,20,9,29,0,0],"gold":27,"neow_bonus":"ONE_RARE_RELIC","is_daily":false,"chose_seed":false,"campfire_upgraded":1,"win_rate":0.0,"timestamp":1609198524,"path_taken":["M","M","M","$","M","R","E","M","T","M","M","$","E","?","R","BOSS"],"items_purchased_type":["Relic","Card"],"build_version":"2020-12-22","purchased_purges":1,"victory":false,"max_hp_per_floor":[68,68,68,68,68,68,68,68,68,68,68,68,68,68,68,68,68],"card_choices":[{"not_picked":["Shrug It Off","Headbutt"],"picked":"Wild Strike","floor":1},{"not_picked":["Thunderclap","Clash"],"picked":"Evolve","floor":2},{"not_picked":["Flex","Evolve","Dual Wield"],"picked":"SKIP","floor":3},{"not_picked":["Bloodletting","Inflame","Sword Boomerang"],"picked":"SKIP","floor":5},{"not_picked":["Anger","Thunderclap"],"picked":"Burning Pact","floor":7},{"not_picked":["Seeing Red","Anger"],"picked":"Hemokinesis","floor":8},{"not_picked":["Body Slam","Heavy Blade"],"picked":"Reckless Charge","floor":10},{"not_picked":["Anger","Warcry"],"picked":"Shockwave","floor":11},{"not_picked":["Seeing Red","Reckless Charge","Thunderclap"],"picked":"SKIP","floor":13}],"player_experience":595352,"relics_obtained":[{"floor":7,"key":"War Paint"},{"floor":9,"key":"Potion Belt"},{"floor":13,"key":"PreservedInsect"}],"event_choices":[{"damage_healed":0,"gold_gain":0,"player_choice":"Success","damage_taken":11,"relics_obtained":["Art of War"],"max_hp_gain":0,"max_hp_loss":0,"event_name":"Scrap Ooze","floor":14,"gold_loss":0}],"is_beta":false,"boss_relics":[],"items_purged_floors":[4],"is_endless":false,"potions_floor_spawned":[5,7,11,13],"killed_by":"Hexaghost","ascension_level":20}}