{"host":"gkh5j5k5w4qf7k7n","time":1609158257,"event":{"mods":["2.2 Compatiblity","AchievementEnabler","BaseMod","Colored Map","Colored Powertips","GifTheSpireLib","Keyboard Shortcuts","Minty Spire (QoL Compilation)","Quick Restart","StSLib","SuperFastMode","The Construct","The Problem Sleuth","¡¼?Úª?ø«¡½REMEMod"],"gold_per_floor":[117,292,303,303,303,303,303,303,303],"floor_reached":7,"playtime":233,"items_purged":[],"score":60,"play_id":"81489e1d-36e6-482f-9360-33c414822c24","local_time":"20201228212417","is_ascension_mode":true,"campfire_choices":[{"floor":6,"key":"REST"}],"circlet_count":0,"master_deck":["AscendersBane","theSleuth:Strike","theSleuth:Strike","theSleuth:Strike","theSleuth:Strike","theSleuth:Defend","theSleuth:Defend","theSleuth:Defend","theSleuth:KeyHandgun","theSleuth:TakeInventory+1","theSleuth:Diplomacy","theSleuth:TootsieRollFrankenstein+1","theSleuth:HairpinMachinegun","Doubt"],"relics":["theSleuth:Typewriter","REME_ComplimentaryCards"],"acts_visited":["Exordium"],"potions_floor_usage":[],"damage_taken":[{"damage":5,"enemies":"Small Slimes","floor":1,"turns":4},{"damage":7,"enemies":"2 Louse","floor":3,"turns":3},{"damage":42,"enemies":"Gremlin Nob","floor":7,"turns":4}],"seed_played":"-8251421944830192793","potions_obtained":[],"is_trial":false,"path_per_floor":["M","?","M","?","?","R","E"],"character_chosen":"THE_sleuth","items_purchased":[],"campfire_rested":1,"item_purchase_floors":[],"current_hp_per_floor":[43,43,36,36,21,42,0,0,0],"gold":303,"neow_bonus":"THREE_RARE_CARDS","is_daily":false,"chose_seed":false,"campfire_upgraded":0,"win_rate":0.0,"timestamp":1609158257,"path_taken":["M","?","M","?","?","R","E"],"items_purchased_type":[],"build_version":"2020-12-22","purchased_purges":0,"victory":false,"max_hp_per_floor":[73,73,73,73,73,73,73,73,73],"card_choices":[{"not_picked":["theSleuth:CandidBullets","theSleuth:MobRule"],"picked":"theSleuth:TootsieRollFrankenstein","floor":0},{"not_picked":["theSleuth:BellyOTheWhale","theSleuth:Pepperminthryl","theSleuth:Tootshotgun"],"picked":"SKIP","floor":1},{"not_picked":["theSleuth:SnoopDoggBust","theSleuth:FoolPlate","theSleuth:BellyOTheWhale"],"picked":"SKIP","floor":3}],"player_experience":934837,"relics_obtained":[],"event_choices":[{"damage_healed":0,"gold_gain":175,"player_choice":"AGREE","damage_taken":0,"max_hp_gain":0,"max_hp_loss":0,"event_name":"Liars Game","floor":2,"gold_loss":0,"cards_obtained":["Doubt"]},{"damage_healed":0,"gold_gain":0,"player_choice":"Entered Light","damage_taken":15,"max_hp_gain":0,"max_hp_loss":0,"event_name":"Shining Light","floor":5,"gold_loss":0,"cards_upgraded":["theSleuth:TakeInventory","theSleuth:TootsieRollFrankenstein"]}],"is_beta":false,"boss_relics":[],"items_purged_floors":[],"is_endless":false,"potions_floor_spawned":[],"killed_by":"Gremlin Nob","ascension_level":11}}