{"host":"qdfumeom6htv8yxl","time":1609173801,"event":{"mods":["AchievementEnabler","BaseMod","Block Reminder","Minty Spire (QoL Compilation)","Quick Restart","Relic Stats"],"gold_per_floor":[118,118,118,118,132,132,167,167,190,224,5,5,21,47,47,136,136,150,150,150,164,89,89,125,125,148,10,10,43,43,76,76,172,172,195,195,195,195,195,234,258,258,258,308,321,365,365,421,421,421],"floor_reached":51,"playtime":1835,"items_purged":["Strike_G","Injury"],"score":1319,"play_id":"b6b413f6-fc44-4626-b74d-1c11a2f9655f","local_time":"20201228104321","is_ascension_mode":true,"campfire_choices":[{"data":"Calculated Gamble","floor":6.0,"key":"SMITH"},{"data":"Neutralize","floor":8.0,"key":"SMITH"},{"data":"Accuracy","floor":15.0,"key":"SMITH"},{"data":"Storm of Steel","floor":23.0,"key":"SMITH"},{"data":"Sucker Punch","floor":25.0,"key":"SMITH"},{"data":"Noxious Fumes","floor":28.0,"key":"SMITH"},{"data":"Blade Dance","floor":32.0,"key":"SMITH"},{"data":"After Image","floor":42.0,"key":"SMITH"},{"floor":47.0,"key":"REST"},{"floor":49.0,"key":"REST"}],"circlet_count":0,"master_deck":["AscendersBane","Strike_G+1","Strike_G+1","Defend_G+1","Defend_G+1","Defend_G+1","Defend_G+1","Defend_G+1","Neutralize+1","Panache+1","Calculated Gamble+1","Blade Dance+1","Storm of Steel+1","Sucker Punch+1","Flying Knee","Accuracy+1","Cloak And Dagger+1","Backflip+1","Noxious Fumes+1","Backflip+1","After Image+1","Footwork","Master of Strategy+1","Panache","Cloak And Dagger+1","Caltrops","Blur+1"],"relics":["Ring of the Snake","Golden Idol","Juzu Bracelet","Pen Nib","Art of War","Blood Vial","Centennial Puzzle","Odd Mushroom","Cursed Key","Singing Bowl","Omamori","Oddly Smooth Stone","Boot","HoveringKite","Snake Skull","Gremlin Horn","War Paint","Bird Faced Urn"],"acts_visited":["Exordium","TheCity","TheBeyond"],"potions_floor_usage":[50,50],"damage_taken":[{"damage":1.0,"enemies":"Small Slimes","floor":1.0,"turns":5.0},{"damage":0.0,"enemies":"2 Louse","floor":5.0,"turns":3.0},{"damage":10.0,"enemies":"3 Sentries","floor":7.0,"turns":6.0},{"damage":17.0,"enemies":"Gremlin Nob","floor":10.0,"turns":4.0},{"damage":0.0,"enemies":"Jaw Worm","floor":13.0,"turns":3.0},{"damage":0.0,"enemies":"The Mushroom Lair","floor":14.0,"turns":2.0},{"damage":4.0,"enemies":"Hexaghost","floor":16.0,"turns":7.0},{"damage":1.0,"enemies":"3 Byrds","floor":18.0,"turns":2.0},{"damage":0.0,"enemies":"Shell Parasite","floor":21.0,"turns":3.0},{"damage":9.0,"enemies":"Slavers","floor":24.0,"turns":3.0},{"damage":8.0,"enemies":"Book of Stabbing","floor":29.0,"turns":4.0},{"damage":9.0,"enemies":"Slavers","floor":31.0,"turns":4.0},{"damage":10.0,"enemies":"Collector","floor":33.0,"turns":7.0},{"damage":9.0,"enemies":"3 Darklings","floor":35.0,"turns":3.0},{"damage":9.0,"enemies":"Reptomancer","floor":40.0,"turns":3.0},{"damage":6.0,"enemies":"3 Shapes","floor":41.0,"turns":2.0},{"damage":2.0,"enemies":"3 Darklings","floor":45.0,"turns":2.0},{"damage":2.0,"enemies":"Giant Head","floor":46.0,"turns":4.0},{"damage":8.0,"enemies":"2 Orb Walkers","floor":48.0,"turns":6.0},{"damage":21,"enemies":"Donu and Deca","floor":50,"turns":7}],"seed_played":"-8017353416386520653","potions_obtained":[{"floor":10.0,"key":"PowerPotion"},{"floor":14.0,"key":"CunningPotion"},{"floor":16.0,"key":"Dexterity Potion"},{"floor":29.0,"key":"Explosive Potion"},{"floor":31.0,"key":"PowerPotion"},{"floor":45.0,"key":"ColorlessPotion"},{"floor":46.0,"key":"GamblersBrew"},{"floor":48.0,"key":"AttackPotion"}],"is_trial":false,"path_per_floor":["M","?","?","?","M","R","E","R","T","E","$","?","M","?","R","B",null,"M","?","?","M","?","R","E","R","T","$","R","E","?","E","R","B",null,"M","$","?","?","?","E","M","R","T","?","M","E","R","?","R","B",null],"character_chosen":"THE_SILENT","items_purchased":["Centennial Puzzle","Noxious Fumes"],"campfire_rested":2,"item_purchase_floors":[11,27],"current_hp_per_floor":[58,58,54,43,43,43,33,33,33,16,16,16,18,20,20,18,45,46,46,46,48,48,48,43,43,43,43,43,39,58,49,49,41,54,49,49,49,44,44,37,35,35,35,35,35,37,56,50,64,46],"gold":421,"neow_bonus":"RANDOM_COLORLESS_2","is_daily":false,"chose_seed":false,"campfire_upgraded":8,"win_rate":0.0,"timestamp":1609173801,"path_taken":["M","?","?","?","M","R","E","R","T","E","?","?","M","?","R","BOSS","M","?","?","M","?","R","E","R","T","$","R","E","?","E","R","BOSS","M","$","?","?","?","E","M","R","T","?","M","E","R","?","R","BOSS"],"items_purchased_type":["Relic","Card"],"build_version":"2020-12-22","purchased_purges":2,"victory":true,"max_hp_per_floor":[60,60,54,54,54,54,54,54,54,54,54,54,54,54,54,54,54,54,54,54,54,54,54,56,56,56,56,56,58,58,58,58,58,58,60,60,60,60,60,60,62,62,62,62,62,64,64,64,64,64],"relic_stats":{"Singing Bowl":10,"Gremlin Horn":[2,2],"counters":[20,80],"Golden Idol":149,"HoveringKite":[10],"Pen Nib":[22],"Snake Skull":[14],"Juzu Bracelet":4,"War Paint":["Master of Strategy","Backflip"],"Cursed Key":2,"Boot":[19],"Blood Vial":28,"Centennial Puzzle":[39],"Bird Faced Urn":[3],"Art of War":[3],"obtain_stats":[{"Singing Bowl":24,"Gremlin Horn":43,"Golden Idol":3,"Oddly Smooth Stone":29,"HoveringKite":34,"Pen Nib":7,"Snake Skull":40,"Juzu Bracelet":4,"Omamori":26,"Odd Mushroom":14,"War Paint":46,"Cursed Key":17,"Boot":31,"Blood Vial":10,"Centennial Puzzle":11,"Bird Faced Urn":48,"Art of War":9,"Ring of the Snake":0},{"Singing Bowl":10,"Gremlin Horn":16,"Golden Idol":1,"Oddly Smooth Stone":11,"HoveringKite":13,"Pen Nib":3,"Snake Skull":15,"Juzu Bracelet":1,"Omamori":10,"Odd Mushroom":6,"War Paint":18,"Cursed Key":7,"Boot":12,"Blood Vial":4,"Centennial Puzzle":4,"Bird Faced Urn":19,"Art of War":3,"Ring of the Snake":0},{"Singing Bowl":38,"Gremlin Horn":61,"Golden Idol":5,"Oddly Smooth Stone":42,"HoveringKite":53,"Pen Nib":14,"Snake Skull":59,"Juzu Bracelet":5,"Omamori":38,"Odd Mushroom":23,"War Paint":67,"Cursed Key":30,"Boot":46,"Blood Vial":18,"Centennial Puzzle":18,"Bird Faced Urn":73,"Art of War":14,"Ring of the Snake":0}],"Ring of the Snake":[40]},"card_choices":[{"not_picked":["Magnetism","Thinking Ahead"],"picked":"Panache","floor":0.0},{"not_picked":["Quick Slash","Acrobatics"],"picked":"Calculated Gamble","floor":1.0},{"not_picked":["Crippling Poison","Backstab"],"picked":"Blade Dance","floor":5.0},{"not_picked":["PiercingWail","Dagger Spray"],"picked":"Deflect","floor":7.0},{"not_picked":["Deflect","Deadly Poison"],"picked":"Storm of Steel","floor":10.0},{"not_picked":["Acrobatics","Quick Slash"],"picked":"Flying Knee","floor":13.0},{"not_picked":["Terror","Dagger Throw"],"picked":"Accuracy","floor":14.0},{"not_picked":["Acrobatics","Noxious Fumes"],"picked":"Cloak And Dagger+1","floor":18.0},{"not_picked":["Deflect","Dagger Spray","Underhanded Strike"],"picked":"SKIP","floor":21.0},{"not_picked":["Poisoned Stab","Quick Slash","Acrobatics"],"picked":"Singing Bowl","floor":24.0},{"not_picked":["Catalyst","Dash+1","Riddle With Holes"],"picked":"Singing Bowl","floor":29.0},{"not_picked":["Tactician+1","Crippling Poison"],"picked":"Backflip+1","floor":31.0},{"not_picked":["Corpse Explosion","Unload"],"picked":"After Image","floor":33.0},{"not_picked":["Sucker Punch+1","Acrobatics","Outmaneuver"],"picked":"Singing Bowl","floor":35.0},{"not_picked":["Metamorphosis","PanicButton"],"picked":"Master of Strategy","floor":38.0},{"not_picked":["Apotheosis","Finesse"],"picked":"Panache","floor":38.0},{"not_picked":["Riddle With Holes","PiercingWail"],"picked":"Cloak And Dagger+1","floor":40.0},{"not_picked":["Outmaneuver","Expertise","Eviscerate+1"],"picked":"Singing Bowl","floor":41.0},{"not_picked":["Blur+1","Bane"],"picked":"Caltrops","floor":45.0},{"not_picked":["Bane","Tactician","Burst"],"picked":"Singing Bowl","floor":46.0},{"not_picked":["Quick Slash+1","Flying Knee"],"picked":"Blur+1","floor":48.0}],"player_experience":1590151,"relics_obtained":[{"floor":7.0,"key":"Pen Nib"},{"floor":9.0,"key":"Art of War"},{"floor":10.0,"key":"Blood Vial"},{"floor":14.0,"key":"Odd Mushroom"},{"floor":24.0,"key":"Singing Bowl"},{"floor":26.0,"key":"Omamori"},{"floor":29.0,"key":"Oddly Smooth Stone"},{"floor":31.0,"key":"Boot"},{"floor":40.0,"key":"Snake Skull"},{"floor":43.0,"key":"Gremlin Horn"},{"floor":46.0,"key":"War Paint"},{"floor":48.0,"key":"Bird Faced Urn"}],"event_choices":[{"damage_healed":0.0,"max_hp_gain":0.0,"max_hp_loss":0.0,"gold_gain":0.0,"event_name":"Living Wall","player_choice":"Grow","floor":2.0,"gold_loss":0.0,"damage_taken":0.0,"cards_upgraded":["Panache"]},{"damage_healed":0.0,"max_hp_gain":0.0,"max_hp_loss":6.0,"gold_gain":0.0,"event_name":"Golden Idol","player_choice":"Lose Max HP","floor":3.0,"gold_loss":0.0,"damage_taken":0.0,"relics_obtained":["Golden Idol"]},{"damage_healed":0.0,"max_hp_gain":0.0,"max_hp_loss":0.0,"gold_gain":0.0,"event_name":"Scrap Ooze","player_choice":"Success","floor":4.0,"gold_loss":0.0,"damage_taken":11.0,"relics_obtained":["Juzu Bracelet"]},{"damage_healed":0.0,"max_hp_gain":0.0,"max_hp_loss":0.0,"gold_gain":0.0,"cards_transformed":["Strike_G"],"event_name":"Transmorgrifier","player_choice":"Transformed","floor":12.0,"gold_loss":0.0,"damage_taken":0.0,"cards_obtained":["Sucker Punch"]},{"damage_healed":0.0,"max_hp_gain":0.0,"max_hp_loss":0.0,"gold_gain":0.0,"event_name":"Mushrooms","player_choice":"Fought Mushrooms","floor":14.0,"gold_loss":0.0,"damage_taken":0.0},{"damage_healed":0.0,"max_hp_gain":0.0,"max_hp_loss":0.0,"gold_gain":0.0,"event_name":"The Library","player_choice":"Read","floor":19.0,"gold_loss":0.0,"damage_taken":0.0,"cards_obtained":["Backflip"]},{"damage_healed":0.0,"max_hp_gain":0.0,"max_hp_loss":0.0,"gold_gain":0.0,"event_name":"Back to Basics","player_choice":"Simplicity","floor":20.0,"gold_loss":0.0,"damage_taken":0.0,"cards_upgraded":["Strike_G","Strike_G","Strike_G","Defend_G","Defend_G","Defend_G","Defend_G","Defend_G"]},{"cards_removed":["Survivor"],"damage_healed":0.0,"max_hp_gain":0.0,"max_hp_loss":0.0,"gold_gain":0.0,"event_name":"Beggar","player_choice":"Gave Gold","floor":22.0,"gold_loss":75.0,"damage_taken":0.0},{"damage_healed":19.0,"max_hp_gain":0.0,"max_hp_loss":0.0,"gold_gain":0.0,"event_name":"Wheel of Change","player_choice":"Full Heal","floor":30.0,"gold_loss":0.0,"damage_taken":0.0},{"damage_healed":0.0,"max_hp_gain":0.0,"max_hp_loss":0.0,"gold_gain":0.0,"cards_transformed":["Strike_G"],"event_name":"Transmorgrifier","player_choice":"Transformed","floor":37.0,"gold_loss":0.0,"damage_taken":0.0,"cards_obtained":["Footwork"]},{"damage_healed":0.0,"max_hp_gain":0.0,"max_hp_loss":0.0,"gold_gain":0.0,"event_name":"SensoryStone","player_choice":"Memory 2","floor":38.0,"gold_loss":0.0,"damage_taken":5.0},{"cards_removed":["Deflect"],"damage_healed":0.0,"max_hp_gain":0.0,"max_hp_loss":0.0,"gold_gain":0.0,"event_name":"Purifier","player_choice":"Purged","floor":39.0,"gold_loss":0.0,"damage_taken":0.0},{"damage_healed":0.0,"max_hp_gain":0.0,"max_hp_loss":0.0,"gold_gain":50.0,"event_name":"Golden Shrine","player_choice":"Pray","floor":44.0,"gold_loss":0.0,"damage_taken":0.0},{"damage_healed":0.0,"max_hp_gain":0.0,"max_hp_loss":0.0,"gold_gain":0.0,"event_name":"Mysterious Sphere","player_choice":"Fight","floor":48.0,"gold_loss":0.0,"damage_taken":0.0}],"is_beta":false,"boss_relics":[{"not_picked":["Black Star","Tiny House"],"picked":"Cursed Key"},{"not_picked":["Astrolabe","Coffee Dripper"],"picked":"HoveringKite"}],"items_purged_floors":[11,27],"is_endless":false,"potions_floor_spawned":[10,14,16,29,31,45,46,48],"ascension_level":15}}