{"host":"e2ju6k0wppswbhbd","time":1609187278,"event":{"mods":["BaseMod","Minty Spire (QoL Compilation)","Rare Cards Sparkle","StSLib"],"gold_per_floor":[116,132,152,168,188,188,217,217,244,244,273,273,223,223,223,323,323,333,7,7,7,40,40,74,74,100,112,143,143,143],"floor_reached":29,"playtime":3720,"items_purged":["Defend_P"],"score":259,"play_id":"6faa0f1e-f7eb-4086-b86e-6fe1521add26","local_time":"20201228212758","is_ascension_mode":false,"campfire_choices":[{"floor":6,"key":"RECALL"},{"floor":8,"key":"REST"},{"data":"Eruption","floor":12,"key":"SMITH"},{"data":"Study","floor":15,"key":"SMITH"},{"floor":23,"key":"REST"},{"floor":25,"key":"REST"}],"circlet_count":0,"master_deck":["Strike_P","Strike_P+1","Strike_P+1","Defend_P","Defend_P","Eruption+1","Vigilance","CurseOfTheBell","Consecrate","EmptyFist","Prostrate","Study+1","FollowUp","Protect","Vengeance","LessonLearned","Prostrate","Dark Shackles","Meditate","JustLucky","Nirvana","LikeWater","PathToVictory+1","ClearTheMind","PathToVictory"],"relics":["Calling Bell","Bag of Preparation","Yang","GoldenEye","Eternal Feather","Toy Ornithopter","Odd Mushroom","Philosopher\u0027s Stone","PreservedInsect","Red Mask","MealTicket","Anchor"],"acts_visited":["Exordium","TheCity"],"potions_floor_usage":[3,7,18,29],"damage_taken":[{"damage":0,"enemies":"Cultist","floor":1,"turns":3},{"damage":1,"enemies":"2 Louse","floor":2,"turns":3},{"damage":0,"enemies":"Jaw Worm","floor":3,"turns":5},{"damage":0,"enemies":"2 Fungi Beasts","floor":4,"turns":4},{"damage":18,"enemies":"Exordium Wildlife","floor":5,"turns":7},{"damage":27,"enemies":"3 Sentries","floor":7,"turns":8},{"damage":0,"enemies":"The Mushroom Lair","floor":11,"turns":4},{"damage":15,"enemies":"Slime Boss","floor":16,"turns":14},{"damage":0,"enemies":"2 Thieves","floor":18,"turns":4},{"damage":67,"enemies":"Masked Bandits","floor":22,"turns":7},{"damage":18,"enemies":"Gremlin Leader","floor":24,"turns":6},{"damage":31,"enemies":"3 Byrds","floor":27,"turns":6},{"damage":18,"enemies":"Slavers","floor":28,"turns":7},{"damage":8,"enemies":"Colosseum Slavers","floor":29,"turns":4},{"damage":2,"enemies":"Colosseum Nobs","floor":29,"turns":2}],"seed_played":"5015379864872734623","potions_obtained":[{"floor":2,"key":"Explosive Potion"},{"floor":5,"key":"BottledMiracle"},{"floor":11,"key":"SkillPotion"},{"floor":27,"key":"Energy Potion"}],"is_trial":false,"path_per_floor":["M","M","M","M","M","R","E","R","T","?","?","R","?","?","R","B",null,"M","$","?","?","?","R","E","R","T","M","E","?"],"character_chosen":"WATCHER","items_purchased":["Dark Shackles","Meditate","JustLucky","Nirvana"],"campfire_rested":3,"item_purchase_floors":[19,19,19,19],"current_hp_per_floor":[72,71,71,71,53,53,26,56,56,56,56,65,65,58,67,52,72,72,72,72,72,5,38,20,53,53,22,4,0,0],"gold":143,"neow_bonus":"BOSS_RELIC","is_daily":false,"chose_seed":false,"campfire_upgraded":2,"win_rate":0.0,"timestamp":1609187278,"path_taken":["M","M","?","M","M","R","E","R","T","?","?","R","?","?","R","BOSS","M","$","?","?","?","R","E","R","T","M","E","?"],"items_purchased_type":["Card","Card","Card","Card"],"build_version":"2020-12-22","purchased_purges":1,"victory":false,"max_hp_per_floor":[72,72,72,72,72,72,72,72,72,72,72,72,72,72,72,72,72,72,72,72,72,72,72,72,72,72,72,72,72,72],"card_choices":[{"not_picked":["CarveReality","FlyingSleeves"],"picked":"Consecrate","floor":1},{"not_picked":["SignatureMove","FlurryOfBlows"],"picked":"EmptyFist","floor":2},{"not_picked":["CrushJoints","Evaluate"],"picked":"Prostrate","floor":3},{"not_picked":["SpiritShield","Swivel"],"picked":"Study","floor":4},{"not_picked":["Adaptation","CrushJoints"],"picked":"FollowUp","floor":5},{"not_picked":["Conclude","LessonLearned"],"picked":"Protect","floor":7},{"not_picked":["Consecrate","FlurryOfBlows"],"picked":"Vengeance","floor":11},{"not_picked":["MasterReality","Ragnarok"],"picked":"LessonLearned","floor":16},{"not_picked":["Fasting2+1","Halt+1"],"picked":"Prostrate","floor":18},{"not_picked":["Crescendo","Meditate+1"],"picked":"LikeWater","floor":22},{"not_picked":["DeceiveReality","Protect"],"picked":"PathToVictory+1","floor":24},{"not_picked":["FollowUp","Indignation+1"],"picked":"ClearTheMind","floor":27},{"not_picked":["BowlingBash+1","Pray"],"picked":"PathToVictory","floor":28}],"player_experience":2591306,"relics_obtained":[{"floor":0,"key":"Bag of Preparation"},{"floor":0,"key":"Yang"},{"floor":0,"key":"GoldenEye"},{"floor":7,"key":"Eternal Feather"},{"floor":9,"key":"Toy Ornithopter"},{"floor":11,"key":"Odd Mushroom"},{"floor":22,"key":"Red Mask"},{"floor":24,"key":"MealTicket"},{"floor":28,"key":"Anchor"}],"event_choices":[{"damage_healed":0,"gold_gain":0,"player_choice":"Ignored","damage_taken":0,"max_hp_gain":0,"max_hp_loss":0,"event_name":"Liars Game","floor":10,"gold_loss":0},{"damage_healed":0,"gold_gain":0,"player_choice":"Fought Mushrooms","damage_taken":0,"max_hp_gain":0,"max_hp_loss":0,"event_name":"Mushrooms","floor":11,"gold_loss":0},{"cards_removed":["Defend_P"],"damage_healed":0,"gold_gain":0,"player_choice":"Card Removal","damage_taken":0,"max_hp_gain":0,"max_hp_loss":0,"event_name":"The Cleric","floor":13,"gold_loss":50},{"cards_removed":["Strike_P"],"damage_healed":0,"gold_gain":0,"player_choice":"Card Removal","damage_taken":7,"max_hp_gain":0,"max_hp_loss":0,"event_name":"Golden Wing","floor":14,"gold_loss":0},{"damage_healed":0,"gold_gain":0,"player_choice":"Ignored","damage_taken":0,"max_hp_gain":0,"max_hp_loss":0,"event_name":"Vampires","floor":20,"gold_loss":0},{"damage_healed":0,"gold_gain":0,"player_choice":"Opened","damage_taken":0,"relics_obtained":["PreservedInsect"],"max_hp_gain":0,"max_hp_loss":0,"event_name":"The Mausoleum","floor":21,"gold_loss":0},{"damage_healed":0,"gold_gain":0,"player_choice":"Fought Bandits","damage_taken":0,"max_hp_gain":0,"max_hp_loss":0,"event_name":"Masked Bandits","floor":22,"gold_loss":0},{"damage_healed":0,"gold_gain":0,"player_choice":"Fight","damage_taken":0,"max_hp_gain":0,"max_hp_loss":0,"event_name":"Colosseum","floor":29,"gold_loss":0},{"damage_healed":0,"gold_gain":0,"player_choice":"Fought Nobs","damage_taken":0,"max_hp_gain":0,"max_hp_loss":0,"event_name":"Colosseum","floor":29,"gold_loss":0}],"is_beta":false,"boss_relics":[{"not_picked":["Coffee Dripper","SacredBark"],"picked":"Philosopher\u0027s Stone"}],"items_purged_floors":[19],"is_endless":false,"potions_floor_spawned":[2,5,11,27,29],"killed_by":"Colosseum Nobs","ascension_level":0}}