{"host":"7al4aiicz9n8t8fq","time":1609192996,"event":{"mods":["2.2 Compatiblity","Act Like it!","BaseMod","Downfall","Duelist Mod","GifTheSpireLib","Minty Spire (QoL Compilation)","Rare Cards Sparkle","Replay The Spire","StSLib","The Animator","The Bug Knight"],"gold_per_floor":[139,191,27,37,51,51,81,81,108,108,121,156,172,191,191,295,295,309,347,347,51,51,82,98,116,116,143,143,159,159,45,45,144,144,160,180,180,199,55,55,72,72,72,72,83,97,97,97,97,97],"floor_reached":51,"playtime":2887,"items_purged":["ReplayTheSpireMod:Doomed"],"score":704,"play_id":"4dfe4fc0-e613-4443-b76b-674b3e2d70f7","local_time":"20201228150316","is_ascension_mode":false,"campfire_choices":[{"data":"theDuelist:LordD","floor":6,"key":"SMITH"},{"data":"theDuelist:FangCritias","floor":8,"key":"SMITH"},{"floor":10,"key":"REST"},{"floor":15,"key":"REST"},{"floor":28,"key":"REST"},{"floor":30,"key":"REST"},{"floor":32,"key":"REST"},{"data":"Dramatic Entrance","floor":40,"key":"SMITH"},{"floor":42,"key":"REST"},{"floor":49,"key":"REST"}],"circlet_count":0,"master_deck":["theDuelist:BabyDragon+1","theDuelist:CastleWalls","theDuelist:CastleWalls","theDuelist:CaveDragon+1","theDuelist:CaveDragon+1","theDuelist:LesserDragon+1","theDuelist:LesserDragon+1","theDuelist:Sparks","theDuelist:Sparks","theDuelist:YamataDragon+1","Dramatic Entrance+1","Flash of Steel","ReplayTheSpireMod:Splinters","theDuelist:LesserDragon+1","theDuelist:TwinBarrelDragon+1","theDuelist:CastleDragonSouls","theDuelist:LordD+1","theDuelist:CyberDragonNachster+1","theDuelist:FangCritias+1","theDuelist:CyberDragonVier+1","theDuelist:MaskedDragon+1","theDuelist:BlueEyes+1","theDuelist:CoralDragon+1","theDuelist:BeserkDragon+1","theDuelist:Mountain","theDuelist:Lancephorhynchus+1","CurseOfTheBell","theDuelist:GreyGreedOni+1","theDuelist:DragonCaptureJar","Decay","theDuelist:DragonMastery","theDuelist:WaterDragon","theDuelist:GuardragonJusticia+1","theDuelist:GravekeeperCurse","sneckomod:Bewildered","expansioncontent:StudyTheSpire","theDuelist:EvilMind+1","theDuelist:WingedDragonRa","Hallucinations"],"relics":["theDuelist:MillenniumPuzzle","theDuelist:CardPoolRelic","theDuelist:CardPoolBasicRelic","theDuelist:BoosterPackPoolRelic","theDuelist:CardPoolAddRelic","theDuelist:CardPoolMinusRelic","theDuelist:CardPoolSaveRelic","theDuelist:CardPoolOptionsRelic","Dream Catcher","Replay:Baseball","Oddly Smooth Stone","WingedGreaves","Replay:Grab Bag","Painkiller Herb","Cursed Key","Black Star","Calling Bell","ReplayTheSpireMod:TigerMarble","Cables","Gambling Chip","theDuelist:CursedHealer","Ornamental Fan","Iron Hammer","theDuelist:DragonRelic","King of Hearts","ReplayTheSpireMod:CursedCoin","Mark of Pain","Nunchaku","Vajra"],"acts_visited":["Exordium","TheCity","TheBeyond"],"potions_floor_usage":[7,7,12,12,16,16,24,25,33,41,50,50,50],"damage_taken":[{"damage":5,"enemies":"Jaw Worm","floor":1,"turns":2},{"damage":0,"enemies":"Small Slimes","floor":4,"turns":2},{"damage":0,"enemies":"2 Louse","floor":5,"turns":1},{"damage":17,"enemies":"Lagavulin","floor":7,"turns":5},{"damage":8,"enemies":"Red Slaver","floor":11,"turns":4},{"damage":8,"enemies":"3 Sentries","floor":12,"turns":6},{"damage":2,"enemies":"2 Fungi Beasts","floor":13,"turns":3},{"damage":6,"enemies":"3 Louse","floor":14,"turns":3},{"damage":41,"enemies":"The Guardian","floor":16,"turns":10},{"damage":17,"enemies":"3 Byrds","floor":18,"turns":5},{"damage":4,"enemies":"Spheric Guardian","floor":19,"turns":3},{"damage":70,"enemies":"Book of Stabbing","floor":23,"turns":8},{"damage":0,"enemies":"Centurion and Healer","floor":24,"turns":5},{"damage":2,"enemies":"Shelled Parasite and Fungi","floor":25,"turns":6},{"damage":12,"enemies":"Snake Plant","floor":29,"turns":3},{"damage":1,"enemies":"Automaton","floor":33,"turns":6},{"damage":0,"enemies":"3 Shapes","floor":35,"turns":2},{"damage":0,"enemies":"3 Darklings","floor":36,"turns":5},{"damage":6,"enemies":"Transient","floor":38,"turns":5},{"damage":23,"enemies":"Spire Growth","floor":41,"turns":5},{"damage":19,"enemies":"Writhing Mass","floor":45,"turns":5},{"damage":21,"enemies":"Transient","floor":46,"turns":5},{"damage":44,"enemies":"Replay:Hell Engine","floor":50,"turns":9}],"seed_played":"-327674962405217728","potions_obtained":[{"floor":2,"key":"theDuelist:DebuffArmorPotion"},{"floor":5,"key":"BlessingOfTheForge"},{"floor":7,"key":"ColorlessPotion"},{"floor":11,"key":"theDuelist:DebuffFuryPotion"},{"floor":12,"key":"EntropicBrew"},{"floor":29,"key":"Strength Potion"},{"floor":33,"key":"sneckomod:MuddlingPotion"},{"floor":35,"key":"theDuelist:SealedPackD"},{"floor":45,"key":"champ:CounterPotion"}],"is_trial":false,"path_per_floor":["M","?","$","M","M","R","E","R","T","R","M","E","M","M","R","B",null,"?","?","?","T","?","E","?","?","T","T","T","?","T","T","T","B",null,"?","?","T","?","T","T","?","T","T","?","?","?","T","?","T","B",null],"character_chosen":"THE_DUELIST","items_purchased":["theDuelist:TwinBarrelDragon+1","theDuelist:CastleDragonSouls","SkillPotion","theDuelist:DragonMastery","Energy Potion","theDuelist:DragonSoulPotion","ReplayTheSpireMod:CursedCoin","expansioncontent:StudyTheSpire","Nunchaku"],"campfire_rested":7,"item_purchase_floors":[3,3,3,21,21,21,31,31,39],"current_hp_per_floor":[75,75,75,75,75,75,58,58,58,80,72,64,62,56,80,39,80,63,59,59,59,80,10,10,8,8,8,32,20,44,44,68,67,80,80,80,80,74,74,74,51,75,75,75,56,35,35,35,59,15],"gold":97,"neow_bonus":"RANDOM_COLORLESS","is_daily":false,"chose_seed":false,"campfire_upgraded":3,"win_rate":0.0,"timestamp":1609192996,"path_taken":["M","?","$","M","M","R","E","R","T","R","M","E","M","M","R","BOSS","?","?","?","T","?","E","?","?","T","?","T","?","T","T","T","BOSS","?","?","T","?","T","T","?","T","T","?","?","?","T","?","T","BOSS"],"items_purchased_type":["Card","Card","Potion","Card","Potion","Potion","Relic","Card","Relic"],"build_version":"2020-12-22","purchased_purges":1,"victory":true,"max_hp_per_floor":[80,80,80,80,80,80,80,80,80,80,80,80,80,80,80,80,80,80,80,80,80,80,80,80,80,80,80,80,80,80,80,80,80,80,80,80,80,80,80,80,80,80,80,80,80,80,80,80,80,80],"card_choices":[{"not_picked":["expansioncontent:Flail","Replay:SS_fish_1"],"picked":"Dramatic Entrance","floor":0},{"not_picked":["Finesse","PanicButton","Sadistic Nature"],"picked":"Flash of Steel","floor":1},{"not_picked":["theDuelist:YamataDragon","theDuelist:TwinHeadedFire","theDuelist:BlackPtera","theDuelist:AtomicScrapDragon"],"picked":"theDuelist:LesserDragon","floor":2},{"not_picked":["theDuelist:StampingDestruction","theDuelist:Earthquake","theDuelist:SuperStridentBlaze","theDuelist:BerserkerSoul"],"picked":"theDuelist:UltraEvolutionPill","floor":2},{"not_picked":["theDuelist:DarkHorus","theDuelist:BlackPtera","theDuelist:BabyDragon","theDuelist:ClawHermos"],"picked":"theDuelist:LordD","floor":4},{"not_picked":["theDuelist:ViceDragon","theDuelist:FrostflameDragon","theDuelist:CloudianGhost","theDuelist:UltraEvolutionPill"],"picked":"theDuelist:CyberDragonNachster","floor":5},{"not_picked":["theDuelist:LesserDragon","theDuelist:DarkHorus","theDuelist:ScrapIronScarecrow","theDuelist:LavaDragon"],"picked":"theDuelist:FangCritias","floor":7},{"not_picked":["theDuelist:DarkHorus","theDuelist:TornadoDragon"],"picked":"theDuelist:CyberDragonVier","floor":10},{"not_picked":["theDuelist:Pyrorex","theDuelist:Anthrosaurus","theDuelist:MoltenDestruction","theDuelist:BlackBrutdrago"],"picked":"theDuelist:MaskedDragon","floor":11},{"not_picked":["theDuelist:FiendSkull","theDuelist:VeilDarkness","theDuelist:SuperStridentBlaze","theDuelist:BlackVeloci"],"picked":"theDuelist:BlueEyes","floor":12},{"not_picked":["theDuelist:MadSwordBeast","theDuelist:CurseDragon","theDuelist:SilverDragon","theDuelist:YamataDragon"],"picked":"theDuelist:CoralDragon","floor":13},{"not_picked":["theDuelist:AncientGearGadjiltron","theDuelist:Frostosaurus","theDuelist:CyberDragonVier","theDuelist:MythicWaterDragon"],"picked":"theDuelist:BeserkDragon","floor":14},{"not_picked":["theDuelist:BlueEyesUltimate","theDuelist:SilverDragon"],"picked":"theDuelist:Mountain","floor":15},{"not_picked":["theDuelist:SliferSky","theDuelist:SeismicShockwave","theDuelist:BlasterDragonInfernos","theDuelist:ArmedProtectorDragon"],"picked":"theDuelist:Lancephorhynchus","floor":16},{"not_picked":["theDuelist:Hinotama","theDuelist:Wiseman","theDuelist:MagicalStone","theDuelist:BigKoala"],"picked":"theDuelist:GreyGreedOni","floor":18},{"not_picked":["theDuelist:TyrantWing","theDuelist:ThreateningRoar","theDuelist:DefenseDraw","theDuelist:CastleDragonSouls"],"picked":"theDuelist:DragonCaptureJar","floor":19},{"not_picked":["theDuelist:TrihornedDragon","theDuelist:Sabersaurus","theDuelist:BlueDuston","theDuelist:SliferSky"],"picked":"theDuelist:WaterDragon","floor":23},{"not_picked":["theDuelist:BlacklandFireDragon","theDuelist:BlackTyranno","theDuelist:AncientDragon","theDuelist:BusterBladerDDS"],"picked":"theDuelist:GuardragonJusticia+1","floor":24},{"not_picked":["theDuelist:SpiralSpearStrike","theDuelist:VeilDarkness","theDuelist:Mountain","theDuelist:DragonMirror","theDuelist:BerserkerSoul"],"picked":"SKIP","floor":25},{"not_picked":["theDuelist:AncientPixieDragon+1","theDuelist:FiendSkull+1"],"picked":"theDuelist:GalaxyTyranno","floor":28},{"not_picked":["theDuelist:MadFlameKaiju","theDuelist:ArtifactIgnition","theDuelist:Carboneddon","theDuelist:DreadnoughtDreadnoid","theDuelist:VeilDarkness+1"],"picked":"SKIP","floor":29},{"not_picked":["theDuelist:BarrelDragon","theDuelist:BabyDragon","theDuelist:FiendSkull+1","theDuelist:Carboneddon+1","theDuelist:BurstBreath+1"],"picked":"SKIP","floor":35},{"not_picked":["theDuelist:BarrelDragon","theDuelist:HymnOfLight","theDuelist:CyberDragonCore+1","theDuelist:AmuletDragon+1"],"picked":"theDuelist:EvilMind+1","floor":36},{"not_picked":["theDuelist:BigFire+1","theDuelist:LabyrinthWall","theDuelist:GreenGraveOni+1","theDuelist:Hinotama","theDuelist:BigKoala"],"picked":"SKIP","floor":38},{"not_picked":["theDuelist:CyberValley","theDuelist:BusterDrake+1","theDuelist:BabyDragon","theDuelist:AquaDolphin","theDuelist:SauropodBrachion"],"picked":"SKIP","floor":41},{"not_picked":["theDuelist:FrostflameDragon","theDuelist:Vandalgyon"],"picked":"theDuelist:WingedDragonRa","floor":42},{"not_picked":["theDuelist:Earthquake+1","theDuelist:SafeZone","theDuelist:CoralDragon+1","theDuelist:MirageDragon","theDuelist:ThunderDragon+1"],"picked":"SKIP","floor":45},{"not_picked":["theDuelist:DarkHorus+1","theDuelist:Anthrosaurus","theDuelist:BlackBrutdrago","theDuelist:MoltenDestruction+1","theDuelist:YamataDragon"],"picked":"SKIP","floor":46}],"player_experience":1124662,"relics_obtained":[{"floor":2,"key":"Dream Catcher"},{"floor":7,"key":"Replay:Baseball"},{"floor":9,"key":"Oddly Smooth Stone"},{"floor":12,"key":"WingedGreaves"},{"floor":17,"key":"ReplayTheSpireMod:TigerMarble"},{"floor":17,"key":"Cables"},{"floor":17,"key":"Gambling Chip"},{"floor":23,"key":"Ornamental Fan"},{"floor":23,"key":"Iron Hammer"},{"floor":26,"key":"theDuelist:DragonRelic"},{"floor":27,"key":"King of Hearts"},{"floor":43,"key":"Vajra"}],"event_choices":[{"damage_healed":0,"gold_gain":0,"player_choice":"Smashed Altar","damage_taken":0,"max_hp_gain":0,"max_hp_loss":0,"event_name":"Forgotten Altar","floor":20,"gold_loss":0,"cards_obtained":["Decay"]},{"damage_healed":0,"gold_gain":0,"player_choice":"Succumb - +25HP/Cursed Relic","duelist":true,"damage_taken":0,"max_hp_gain":0,"max_hp_loss":0,"event_name":"Tomb of the Nameless","floor":22,"gold_loss":0},{"cards_removed":["theDuelist:GalaxyTyranno"],"damage_healed":0,"gold_gain":0,"player_choice":"Removed Skill","damage_taken":0,"max_hp_gain":0,"max_hp_loss":0,"event_name":"Falling","floor":44,"gold_loss":0}],"is_beta":false,"boss_relics":[{"not_picked":["Snecko Scales","Electric Blood"],"picked":"Replay:Grab Bag"},{"not_picked":["Runic Dome","ReplayTheSpireMod:DimensionalGlitch"],"picked":"Painkiller Herb"},{"not_picked":["theDuelist:GamblerChip","Replay:Bronze Core"],"picked":"Cursed Key"},{"not_picked":["Inserter","Replay:Drink Me"],"picked":"Black Star"},{"not_picked":["Empty Cage","Kintsugi"],"picked":"Calling Bell"},{"not_picked":["Tiny House","theDuelist:ElectricKey"],"picked":"Mark of Pain"}],"items_purged_floors":[31],"is_endless":false,"potions_floor_spawned":[5,7,11,12,16,19,23,29,33,35,45],"ascension_level":0}}