{"host":"tb138zs7vhci6g1j","time":1609142165,"event":{"mods":["2.2 Compatiblity","Aspiration","BaseMod","Better Note","Friendly Minions","Minty Spire (QoL Compilation)","RNG Fix","Rare Cards Sparkle","StSLib","The Marked"],"gold_per_floor":[110,134,146,161,175,204,279,312,392,405,405,437,402,415,415,518,518,537,537,537,550,550,550],"floor_reached":22,"playtime":1064,"items_purged":[],"score":227,"play_id":"5d90ca35-0843-4ef0-9002-527795b0adec","local_time":"20201228095605","is_ascension_mode":true,"campfire_choices":[{"data":"theMarked:SoldierOfQuellstein","floor":11,"key":"SMITH"},{"data":"theMarked:ComboAttacks","floor":15,"key":"SMITH"}],"circlet_count":0,"master_deck":["theMarked:Strike","theMarked:Strike","theMarked:Strike","theMarked:Strike","theMarked:Strike","theMarked:Defend","theMarked:Defend","theMarked:Defend","theMarked:Defend","theMarked:SoldierOfQuellstein+1","theMarked:RepellingDischarge","theMarked:GodGivenPower","theMarked:MuscleMemory","theMarked:CreepingChasm","theMarked:Electrocute","theMarked:ComboAttacks+1","theMarked:SelfDefenseTraining","theMarked:ReduceFriction","theMarked:TwofoldDefense","theMarked:SummonStrength","theMarked:EmpowerWeapon+1","theMarked:LightningStrikesTwice"],"relics":["theMarked:ArtifactOfAir","NeowsBlessing","Omamori","Toy Ornithopter","Oddly Smooth Stone","Eternal Feather","aspiration:FetidBarrel","Calling Bell","MealTicket","Toxic Egg 2","Turnip","Mummified Hand"],"acts_visited":["Exordium","TheCity"],"potions_floor_usage":[6,8,21],"damage_taken":[{"damage":0,"enemies":"Small Slimes","floor":1,"turns":1},{"damage":0,"enemies":"2 Louse","floor":3,"turns":2},{"damage":0,"enemies":"Jaw Worm","floor":4,"turns":1},{"damage":4,"enemies":"2 Fungi Beasts","floor":5,"turns":3},{"damage":21,"enemies":"Lagavulin","floor":6,"turns":6},{"damage":6,"enemies":"3 Sentries","floor":8,"turns":5},{"damage":0,"enemies":"Exordium Wildlife","floor":10,"turns":2},{"damage":17,"enemies":"Lagavulin","floor":12,"turns":7},{"damage":0,"enemies":"Large Slime","floor":14,"turns":4},{"damage":37,"enemies":"Slime Boss","floor":16,"turns":9},{"damage":23,"enemies":"Shell Parasite","floor":18,"turns":8},{"damage":28,"enemies":"2 Thieves","floor":21,"turns":4},{"damage":26,"enemies":"Shelled Parasite and Fungi","floor":22,"turns":2}],"seed_played":"6028945967244104531","potions_obtained":[{"floor":3,"key":"CultistPotion"},{"floor":6,"key":"Dexterity Potion"},{"floor":10,"key":"SteroidPotion"},{"floor":18,"key":"Energy Potion"}],"is_trial":false,"path_per_floor":["M","T","M","M","M","E","?","E","T","M","R","E","?","M","R","B",null,"M","?","?","M","M"],"character_chosen":"THE_DEFAULT","items_purchased":[],"campfire_rested":0,"item_purchase_floors":[],"current_hp_per_floor":[70,70,70,70,66,45,34,33,33,33,42,25,42,42,51,14,70,47,47,47,24,0,0],"gold":550,"neow_bonus":"THREE_ENEMY_KILL","is_daily":false,"chose_seed":false,"campfire_upgraded":2,"win_rate":0.0,"timestamp":1609142165,"path_taken":["M","?","?","?","M","E","?","E","T","M","R","E","?","M","R","BOSS","M","?","?","M","M"],"items_purchased_type":[],"build_version":"2020-12-22","purchased_purges":0,"victory":false,"max_hp_per_floor":[70,70,70,70,70,70,70,70,70,70,70,70,70,70,70,70,70,70,70,70,70,70,70],"card_choices":[{"not_picked":["theMarked:SwordAndMagic","theMarked:ResourceFulStrike"],"picked":"theMarked:RepellingDischarge","floor":1},{"not_picked":["theMarked:Overcharge","theMarked:WastefulAttack"],"picked":"theMarked:GodGivenPower","floor":3},{"not_picked":["theMarked:EmpowerWeapon","theMarked:TunnelVision"],"picked":"theMarked:MuscleMemory","floor":4},{"not_picked":["theMarked:Frustration","theMarked:ChainLightning"],"picked":"theMarked:CreepingChasm","floor":5},{"not_picked":["theMarked:Improvise","theMarked:SwordAndMagic"],"picked":"theMarked:Electrocute","floor":6},{"not_picked":["theMarked:Panic","theMarked:KeepCalmAndFightOn"],"picked":"theMarked:ComboAttacks","floor":8},{"not_picked":["theMarked:Frustration","theMarked:TwofoldDefense"],"picked":"theMarked:SelfDefenseTraining","floor":10},{"not_picked":["theMarked:Improvise","theMarked:ChainLightning"],"picked":"theMarked:ReduceFriction","floor":12},{"not_picked":["theMarked:Improvise","theMarked:SwordAndMagic"],"picked":"theMarked:TwofoldDefense","floor":14},{"not_picked":["theMarked:Defy","theMarked:SoldierForm"],"picked":"theMarked:SummonStrength","floor":16},{"not_picked":["theMarked:MysticalArsenal","theMarked:Seal+1"],"picked":"theMarked:EmpowerWeapon+1","floor":18},{"not_picked":["theMarked:ResourceFulStrike","theMarked:Aftermath+1"],"picked":"theMarked:LightningStrikesTwice","floor":21}],"player_experience":1706372,"relics_obtained":[{"floor":2,"key":"Omamori"},{"floor":6,"key":"Toy Ornithopter"},{"floor":8,"key":"Oddly Smooth Stone"},{"floor":9,"key":"Eternal Feather"},{"floor":12,"key":"aspiration:FetidBarrel"},{"floor":17,"key":"MealTicket"},{"floor":17,"key":"Toxic Egg 2"},{"floor":17,"key":"Turnip"}],"event_choices":[{"damage_healed":0,"gold_gain":75,"player_choice":"Gather Gold","damage_taken":11,"max_hp_gain":0,"max_hp_loss":0,"event_name":"World of Goop","floor":7,"gold_loss":0},{"damage_healed":17,"gold_gain":0,"player_choice":"Healed","damage_taken":0,"max_hp_gain":0,"max_hp_loss":0,"event_name":"The Cleric","floor":13,"gold_loss":35},{"damage_healed":0,"gold_gain":0,"player_choice":"Ignored","damage_taken":0,"max_hp_gain":0,"max_hp_loss":0,"event_name":"betterNote:BetterNote","floor":19,"gold_loss":0,"cards_obtained":["Bandage Up"]},{"damage_healed":0,"gold_gain":0,"player_choice":"Gave Potion","damage_taken":0,"relics_obtained":["Mummified Hand"],"max_hp_gain":0,"max_hp_loss":0,"event_name":"WeMeetAgain","floor":20,"gold_loss":0}],"is_beta":false,"boss_relics":[{"not_picked":["Ectoplasm","Fusion Hammer"],"picked":"Calling Bell"}],"items_purged_floors":[],"is_endless":false,"potions_floor_spawned":[3,6,10,18],"killed_by":"Shelled Parasite and Fungi","ascension_level":2}}