{"host":"v9w6spxba3pepxck","time":1609133599,"event":{"mods":["BaseMod","Downfall","Friendly Minions","Minty Spire (QoL Compilation)","StSLib","[IsaacMod]ÒÔÈö¼âËþ"],"gold_per_floor":[0,0,12,26,11,11,38,53,53,53,3,18,53,72,82,82,82,82],"floor_reached":16,"playtime":796,"items_purged":[],"score":102,"play_id":"5f410fa6-e234-47f5-ac38-ffddef62c18d","local_time":"20201228133319","is_ascension_mode":false,"campfire_choices":[{"data":"Slimebound:Split","floor":1,"key":"SMITH"},{"data":"Slimebound:LeechEnergy","floor":6,"key":"SMITH"},{"data":"Slimebound:SplitLeeching","floor":11,"key":"SMITH"}],"circlet_count":0,"master_deck":["Slimebound:Strike_Slimebound","Slimebound:Strike_Slimebound","Slimebound:Tackle","Slimebound:Defend_Slimebound","Slimebound:Defend_Slimebound","Slimebound:Defend_Slimebound","Slimebound:Split+1","Slimebound:CorrosiveSpit","Slimebound:FlameTackle","Slimebound:AcidTongue","Slimebound:ItLooksTasty","Slimebound:LeechEnergy+1","Slimebound:HauntingLick","Slimebound:SplitLeeching+1","Slimebound:SlimeBarrage","Slimebound:PrepareCrush","Slimebound:GoopSpray"],"relics":["Slimebound:AbsorbEndCombat","HushsDoor","DeathBook","Slimebound:GreedOozeRelic","MaYiHuaBei","UnicornStump"],"acts_visited":["Exordium"],"potions_floor_usage":[16],"damage_taken":[{"damage":8,"enemies":"Small Slimes","floor":3,"turns":2},{"damage":17,"enemies":"2 Louse","floor":4,"turns":2},{"damage":21,"enemies":"downfall:FleeingMerchant","floor":5,"turns":4},{"damage":11,"enemies":"Cultist","floor":8,"turns":2},{"damage":25,"enemies":"3 Louse","floor":12,"turns":2},{"damage":30,"enemies":"Lagavulin","floor":13,"turns":4},{"damage":18,"enemies":"Exordium Wildlife","floor":14,"turns":3},{"damage":14,"enemies":"2 Fungi Beasts","floor":15,"turns":2},{"damage":36,"enemies":"downfall:Defect","floor":16,"turns":4}],"seed_played":"-7517890739218346289","potions_obtained":[{"floor":8,"key":"CultistPotion"},{"floor":13,"key":"Weak Potion"},{"floor":14,"key":"SteroidPotion"}],"is_trial":false,"path_per_floor":["R","?","M","M","$","R","T","M","?","?","R","M","E","M","M","B"],"character_chosen":"SLIMEBOUND","items_purchased":[],"campfire_rested":0,"item_purchase_floors":[],"current_hp_per_floor":[60,60,60,51,48,48,48,49,49,49,49,38,32,28,24,0,0,0],"gold":82,"neow_bonus":"TRANSFORM_TWO_CARDS","is_daily":false,"chose_seed":false,"campfire_upgraded":3,"win_rate":0.0,"timestamp":1609133599,"path_taken":["R","?","M","M","$","R","T","M","?","?","R","M","E","M","M","BOSS"],"items_purchased_type":[],"build_version":"2020-12-22","purchased_purges":0,"victory":false,"max_hp_per_floor":[60,60,60,60,60,60,60,60,60,60,60,60,60,60,60,60,60,60],"card_choices":[{"not_picked":[],"picked":"Bomb","floor":0},{"not_picked":["Slimebound:LivingWall","Bomb"],"picked":"Slimebound:ItLooksTasty","floor":3},{"not_picked":["Slimebound:RollThrough","Slimebound:FinishingTackle"],"picked":"Slimebound:LeechEnergy","floor":4},{"not_picked":["Slimebound:LeechingTouch","Slimebound:SplitMire"],"picked":"Slimebound:HauntingLick","floor":5},{"not_picked":["Slimebound:RejuvenatingLick","Slimebound:SplitAcid"],"picked":"Slimebound:SplitLeeching","floor":8},{"not_picked":["Slimebound:GrowthPunch","Slimebound:Schlurp"],"picked":"Slimebound:SlimeBarrage","floor":12},{"not_picked":["Slimebound:Nibble","Slimebound:ViciousTackle"],"picked":"Slimebound:PrepareCrush","floor":13},{"not_picked":["Slimebound:DisruptingSlam","Slimebound:SlimeBarrage"],"picked":"Slimebound:GoopSpray","floor":14},{"not_picked":["Slimebound:SplitMire","Slimebound:LeechingTouch"],"picked":"Bomb","floor":15}],"player_experience":705438,"relics_obtained":[{"floor":7,"key":"MaYiHuaBei"},{"floor":13,"key":"UnicornStump"}],"event_choices":[],"is_beta":false,"boss_relics":[],"items_purged_floors":[],"is_endless":false,"potions_floor_spawned":[8,13,14],"killed_by":"downfall:Defect","ascension_level":0}}