{"host":"owox7x4ngjt9htcc","time":1609135602,"event":{"mods":["BaseMod","Colored Map","DeckTracker","Keyboard Shortcuts","Minty Spire (QoL Compilation)","SuperFastMode"],"gold_per_floor":[134,134,309,33,68,98,113,168,168,168,193,12,42,77,77,202,202,237,252,267,6,6,36,51,106,106,146,71,71,71,71,71,171,171,211,226,0,15,15,45,85,100,125,155,195,225,17,57,57,107],"floor_reached":51,"playtime":1697,"items_purged":["Doubt","Strike_P","Defend_P"],"score":997,"play_id":"af888338-833f-41a5-844f-5c6186919457","local_time":"20201228150642","daily_mods":["Allstar","Colorless Cards","Night Terrors"],"is_ascension_mode":false,"campfire_choices":[{"data":"Leap","floor":15.0,"key":"SMITH"},{"floor":29.0,"key":"REST"},{"data":"Terror","floor":32.0,"key":"SMITH"},{"floor":49,"key":"REST"}],"circlet_count":0,"master_deck":["Strike_P","Strike_P+1","Defend_P","Defend_P","Defend_P+1","Eruption","Vigilance","Chrysalis","Dark Shackles","HandOfGreed","Apotheosis+1","Impatience","EmptyBody+1","FlurryOfBlows","Backflip","Feed+1","EmptyFist","Study","Leap+1","Electrodynamics","PathToVictory+1","Dodge and Roll+1","Flying Knee+1","MentalFortress","True Grit+1","Glacier","Terror+1","Rampage+1","PiercingWail","After Image","LikeWater","Cloak And Dagger+1","Crippling Poison","FlurryOfBlows","PathToVictory+1"],"relics":["PureWater","PrismaticShard","Pear","Dream Catcher","The Courier","Potion Belt","Tiny Chest","Gremlin Horn","SlaversCollar","Omamori","Bag of Marbles","Anchor","Smiling Mask","Bottled Lightning","MutagenicStrength","Mercury Hourglass","Cursed Key","Red Mask","FossilizedHelix","Whetstone","MealTicket","Bottled Tornado","Eternal Feather","Happy Flower"],"acts_visited":["Exordium","TheCity","TheBeyond"],"potions_floor_usage":[40,50,50,50,50],"damage_taken":[{"damage":0.0,"enemies":"Small Slimes","floor":1.0,"turns":4.0},{"damage":0.0,"enemies":"2 Louse","floor":5.0,"turns":3.0},{"damage":15.0,"enemies":"Gremlin Nob","floor":6.0,"turns":5.0},{"damage":0.0,"enemies":"Jaw Worm","floor":7.0,"turns":5.0},{"damage":4.0,"enemies":"3 Sentries","floor":8.0,"turns":4.0},{"damage":23.0,"enemies":"Gremlin Nob","floor":13.0,"turns":5.0},{"damage":6.0,"enemies":"Exordium Wildlife","floor":14.0,"turns":4.0},{"damage":17.0,"enemies":"Slime Boss","floor":16.0,"turns":10.0},{"damage":15.0,"enemies":"2 Thieves","floor":18.0,"turns":4.0},{"damage":4.0,"enemies":"Shell Parasite","floor":19.0,"turns":7.0},{"damage":23.0,"enemies":"Shelled Parasite and Fungi","floor":20.0,"turns":6.0},{"damage":15.0,"enemies":"Book of Stabbing","floor":23.0,"turns":5.0},{"damage":23.0,"enemies":"3 Cultists","floor":24.0,"turns":7.0},{"damage":13.0,"enemies":"Gremlin Leader","floor":25.0,"turns":5.0},{"damage":0.0,"enemies":"Centurion and Healer","floor":27.0,"turns":3.0},{"damage":35.0,"enemies":"Collector","floor":33.0,"turns":8.0},{"damage":0.0,"enemies":"3 Shapes","floor":35.0,"turns":2.0},{"damage":0.0,"enemies":"3 Darklings","floor":36.0,"turns":6.0},{"damage":15.0,"enemies":"Maw","floor":38.0,"turns":11.0},{"damage":26.0,"enemies":"2 Orb Walkers","floor":39.0,"turns":8.0},{"damage":0,"enemies":"Giant Head","floor":40,"turns":7},{"damage":1,"enemies":"Spire Growth","floor":41,"turns":6},{"damage":0,"enemies":"3 Darklings","floor":42,"turns":6},{"damage":17,"enemies":"Nemesis","floor":44,"turns":9},{"damage":7,"enemies":"Jaw Worm Horde","floor":45,"turns":6},{"damage":0,"enemies":"Reptomancer","floor":46,"turns":5},{"damage":0,"enemies":"4 Shapes","floor":48,"turns":6},{"damage":14,"enemies":"Awakened One","floor":50,"turns":16}],"seed_played":"3313543068594885719","potions_obtained":[{"floor":5.0,"key":"SkillPotion"},{"floor":6.0,"key":"DuplicationPotion"},{"floor":14.0,"key":"Explosive Potion"},{"floor":16.0,"key":"Energy Potion"},{"floor":18.0,"key":"PowerPotion"},{"floor":24.0,"key":"SpeedPotion"},{"floor":33.0,"key":"SkillPotion"},{"floor":36.0,"key":"EssenceOfSteel"},{"floor":40,"key":"StancePotion"},{"floor":44,"key":"BlessingOfTheForge"}],"is_trial":false,"path_per_floor":["M","?","?","$","M","E","M","E","T","?","T","$","E","M","R","B",null,"M","M","M","$","?","E","M","E","T","M","?","R","?","T","R","B",null,"M","M","?","M","?","E","M","M","T","E","M","E","$","M","R","B",null],"character_chosen":"WATCHER","items_purchased":["FlurryOfBlows","PrismaticShard","Tiny Chest","Study","MentalFortress","Omamori","Happy Flower","FlurryOfBlows"],"campfire_rested":2,"item_purchase_floors":[4,4,12,12,21,21,47,47],"current_hp_per_floor":[72,72,72,72,72,67,71,71,71,53,53,53,34,32,32,19,102,87,83,60,60,60,45,26,13,13,17,17,105,105,105,105,74,109,113,113,113,98,76,76,75,75,75,58,55,55,70,74,120,106],"gold":107,"neow_bonus":"","is_daily":true,"chose_seed":false,"campfire_upgraded":2,"win_rate":0.0,"timestamp":1609135602,"path_taken":["M","?","?","$","?","E","M","E","T","?","?","$","E","M","R","BOSS","M","M","M","$","?","E","M","E","T","M","?","R","?","?","R","BOSS","M","M","?","M","?","E","M","M","T","E","M","E","$","M","R","BOSS"],"items_purchased_type":["Card","Relic","Relic","Card","Card","Relic","Relic","Card"],"build_version":"2020-12-22","purchased_purges":3,"victory":true,"max_hp_per_floor":[72,72,72,72,72,82,86,90,90,90,90,90,94,98,98,102,102,102,102,102,102,102,102,106,106,106,110,110,105,105,105,105,109,109,113,113,113,113,117,117,117,117,117,117,121,121,121,125,120,120],"card_choices":[{"not_picked":["Dark Shackles","Consecrate"],"picked":"EmptyBody","floor":1.0},{"not_picked":["Evaluate","Hemokinesis"],"picked":"Backflip","floor":5.0},{"not_picked":["DeceiveReality","Setup"],"picked":"Feed","floor":6.0},{"not_picked":["JustLucky","Hologram","Perfected Strike"],"picked":"SKIP","floor":7.0},{"not_picked":["EmptyBody","Chrysalis"],"picked":"EmptyFist","floor":8.0},{"not_picked":["Study","Protect"],"picked":"Leap","floor":13.0},{"not_picked":["Sword Boomerang","Perfected Strike","Leap"],"picked":"SKIP","floor":14.0},{"not_picked":["Amplify","Blasphemy"],"picked":"Electrodynamics","floor":16.0},{"not_picked":["Halt","Steam Power"],"picked":"PathToVictory+1","floor":18.0},{"not_picked":["Vengeance+1","Tempest"],"picked":"Dodge and Roll+1","floor":19.0},{"not_picked":["Twin Strike","Sentinel"],"picked":"Flying Knee+1","floor":20.0},{"not_picked":["Turbo","Chaos"],"picked":"True Grit+1","floor":23.0},{"not_picked":["Wireheading+1","Cleave+1"],"picked":"Glacier","floor":24.0},{"not_picked":["Electrodynamics","Finisher"],"picked":"Terror","floor":25.0},{"not_picked":["Blade Dance","Stack"],"picked":"Rampage+1","floor":27.0},{"not_picked":["SignatureMove","True Grit"],"picked":"PiercingWail","floor":29.0},{"not_picked":["Omniscience","Fission"],"picked":"After Image","floor":33.0},{"not_picked":["CutThroughFate+1","Melter","Pray+1"],"picked":"SKIP","floor":35.0},{"not_picked":["Tactician","Cleave+1"],"picked":"LikeWater","floor":36.0},{"not_picked":["Sweeping Beam","DeceiveReality","CutThroughFate+1"],"picked":"SKIP","floor":38.0},{"not_picked":["Deep Breath","Wild Strike","Masterful Stab"],"picked":"SKIP","floor":40},{"not_picked":["DeusExMachina","Blizzard+1"],"picked":"Cloak And Dagger+1","floor":41},{"not_picked":["Rupture","Aggregate+1","Protect"],"picked":"SKIP","floor":42},{"not_picked":["Dagger Throw+1","Clash"],"picked":"Crippling Poison","floor":44},{"not_picked":["Sweeping Beam","Bane+1","Barrage+1"],"picked":"SKIP","floor":45},{"not_picked":["Impatience","Meteor Strike","Eviscerate"],"picked":"SKIP","floor":46},{"not_picked":["Cloak And Dagger+1","Cold Snap+1"],"picked":"PathToVictory+1","floor":48}],"player_experience":857641,"relics_obtained":[{"floor":6.0,"key":"Pear"},{"floor":8.0,"key":"Dream Catcher"},{"floor":9.0,"key":"The Courier"},{"floor":11.0,"key":"Potion Belt"},{"floor":13.0,"key":"Gremlin Horn"},{"floor":23.0,"key":"Anchor"},{"floor":25.0,"key":"Smiling Mask"},{"floor":26.0,"key":"Bottled Lightning"},{"floor":31.0,"key":"Mercury Hourglass"},{"floor":39.0,"key":"FossilizedHelix"},{"floor":40,"key":"Whetstone"},{"floor":43,"key":"MealTicket"},{"floor":44,"key":"Bottled Tornado"},{"floor":46,"key":"Eternal Feather"}],"event_choices":[{"damage_healed":0.0,"max_hp_gain":0.0,"max_hp_loss":0.0,"gold_gain":0.0,"event_name":"Living Wall","player_choice":"Grow","floor":2.0,"gold_loss":0.0,"damage_taken":0.0,"cards_upgraded":["Apotheosis"]},{"damage_healed":0.0,"max_hp_gain":0.0,"max_hp_loss":0.0,"gold_gain":175.0,"event_name":"Liars Game","player_choice":"AGREE","floor":3.0,"gold_loss":0.0,"damage_taken":0.0,"cards_obtained":["Doubt"]},{"damage_healed":0.0,"max_hp_gain":0.0,"max_hp_loss":0.0,"gold_gain":0.0,"event_name":"Shining Light","player_choice":"Entered Light","floor":10.0,"gold_loss":0.0,"damage_taken":18.0,"cards_upgraded":["EmptyBody","Defend_P"]},{"damage_healed":0.0,"max_hp_gain":0.0,"max_hp_loss":0.0,"gold_gain":0.0,"event_name":"Addict","player_choice":"Stole Relic","floor":22.0,"gold_loss":0.0,"damage_taken":0.0,"relics_obtained":["Bag of Marbles"],"cards_obtained":["Shame"]},{"cards_removed":["Strike_P"],"damage_healed":0.0,"max_hp_gain":0.0,"max_hp_loss":0.0,"gold_gain":0.0,"event_name":"Beggar","player_choice":"Gave Gold","floor":28.0,"gold_loss":75.0,"damage_taken":0.0},{"damage_healed":0.0,"max_hp_gain":0.0,"max_hp_loss":0.0,"gold_gain":0.0,"event_name":"Drug Dealer","player_choice":"Inject Mutagens","floor":30.0,"gold_loss":0.0,"damage_taken":0.0,"relics_obtained":["MutagenicStrength"]},{"damage_healed":0.0,"max_hp_gain":0.0,"max_hp_loss":0.0,"gold_gain":0.0,"event_name":"Tomb of Lord Red Mask","player_choice":"Paid","floor":37.0,"gold_loss":226.0,"damage_taken":0.0,"relics_obtained":["Red Mask"]},{"damage_healed":0.0,"max_hp_gain":0.0,"max_hp_loss":0.0,"gold_gain":0.0,"event_name":"Mysterious Sphere","player_choice":"Fight","floor":39.0,"gold_loss":0.0,"damage_taken":0.0}],"is_beta":false,"boss_relics":[{"not_picked":["Snecko Eye","Astrolabe"],"picked":"SlaversCollar"},{"not_picked":["Sozu","Coffee Dripper"],"picked":"Cursed Key"}],"items_purged_floors":[4,21,47],"is_endless":false,"potions_floor_spawned":[5,6,14,16,18,24,33,36,39,40,44,48],"ascension_level":0}}