{"host":"5jasvlzwxjppxwo9","time":1609178863,"event":{"mods":["AchievementEnabler","BaseMod","Minty Spire (QoL Compilation)","StSLib"],"gold_per_floor":[111,61,61,21,40,70,88,88,88,101,128,128,146,175,175,270,270,286,14,14,14,14,42,62,161,161,161,178,178,2,33,33,130,130,150,150,164,72,72,72,83,83,83,83,83],"floor_reached":44,"playtime":2977,"items_purged":["Defend_B","Strike_B"],"score":485,"play_id":"6f985db8-d31b-4933-9fce-84db0b45f198","local_time":"20201228180743","is_ascension_mode":true,"campfire_choices":[{"floor":8,"key":"REST"},{"floor":12,"key":"REST"},{"floor":15,"key":"REST"},{"floor":27,"key":"REST"},{"floor":29,"key":"REST"},{"floor":32,"key":"REST"},{"floor":40,"key":"REST"}],"circlet_count":0,"master_deck":["Strike_B","Strike_B","Defend_B+1","Defend_B+1","Zap","Dualcast","Leap+1","Gash","Leap","Lockon","Go for the Eyes","Ball Lightning","Doom and Gloom","Chill","All For One","Melter","Leap","Cold Snap+1","Capacitor+1","Tempest","BootSequence","Ball Lightning+1","Electrodynamics+1","Turbo+1","Redo+1","Enlightenment","Cold Snap+1"],"relics":["Cracked Core","Juzu Bracelet","Torii","Ice Cream","Ginger","Emotion Chip","SlaversCollar","Lee\u0027s Waffle","Frozen Egg 2","Happy Flower","TungstenRod","Pen Nib","Black Star","Ornamental Fan","Meat on the Bone"],"acts_visited":["Exordium","TheCity","TheBeyond"],"potions_floor_usage":[6,10,13,14,16,28,33,37,41,41],"damage_taken":[{"damage":3,"enemies":"Small Slimes","floor":1,"turns":3},{"damage":0,"enemies":"Cultist","floor":5,"turns":3},{"damage":24,"enemies":"3 Sentries","floor":6,"turns":8},{"damage":1,"enemies":"Jaw Worm","floor":7,"turns":2},{"damage":8,"enemies":"3 Louse","floor":10,"turns":4},{"damage":8,"enemies":"Gremlin Nob","floor":11,"turns":4},{"damage":0,"enemies":"Large Slime","floor":13,"turns":4},{"damage":10,"enemies":"3 Sentries","floor":14,"turns":3},{"damage":17,"enemies":"The Guardian","floor":16,"turns":6},{"damage":8,"enemies":"Chosen","floor":18,"turns":5},{"damage":12,"enemies":"Slavers","floor":23,"turns":6},{"damage":16,"enemies":"2 Thieves","floor":24,"turns":4},{"damage":17,"enemies":"Snecko","floor":28,"turns":5},{"damage":31,"enemies":"Gremlin Leader","floor":31,"turns":7},{"damage":57,"enemies":"Collector","floor":33,"turns":11},{"damage":12,"enemies":"Orb Walker","floor":35,"turns":5},{"damage":24,"enemies":"3 Darklings","floor":37,"turns":7},{"damage":51,"enemies":"Spire Growth","floor":41,"turns":4},{"damage":81,"enemies":"Giant Head","floor":44,"turns":8}],"seed_played":"-2016167283948315058","potions_obtained":[{"floor":4,"key":"Swift Potion"},{"floor":4,"key":"SteroidPotion"},{"floor":4,"key":"FairyPotion"},{"floor":11,"key":"Explosive Potion"},{"floor":13,"key":"Explosive Potion"},{"floor":14,"key":"AttackPotion"},{"floor":24,"key":"Fire Potion"},{"floor":31,"key":"GamblersBrew"},{"floor":33,"key":"Dexterity Potion"},{"floor":35,"key":"ColorlessPotion"},{"floor":37,"key":"SteroidPotion"}],"is_trial":false,"path_per_floor":["M","?","?","?","M","E","M","R","T","M","E","R","M","E","R","B",null,"M","$","?","?","?","E","M","?","T","R","M","R","$","E","R","B",null,"M","?","M","$","T","R","M","?","T","E"],"character_chosen":"DEFECT","items_purchased":["Lee\u0027s Waffle","Leap","BootSequence","Enlightenment"],"campfire_rested":7,"item_purchase_floors":[19,19,30,38],"current_hp_per_floor":[72,72,57,57,57,33,32,54,54,46,38,60,60,50,72,55,75,67,82,82,66,66,54,38,38,38,64,47,73,73,42,68,11,87,75,75,51,51,51,77,26,26,26,0,0],"gold":83,"neow_bonus":"RANDOM_COMMON_RELIC","is_daily":false,"chose_seed":false,"campfire_upgraded":0,"win_rate":0.0,"timestamp":1609178863,"path_taken":["M","?","?","?","M","E","M","R","T","M","E","R","M","E","R","BOSS","M","$","?","?","?","E","M","?","T","R","M","R","$","E","R","BOSS","M","?","M","?","?","R","M","?","T","E"],"items_purchased_type":["Relic","Card","Card","Card"],"build_version":"2020-12-22","purchased_purges":2,"victory":false,"max_hp_per_floor":[75,75,75,75,75,75,75,75,75,75,75,75,75,75,75,75,75,75,82,82,87,87,87,87,87,87,87,87,87,87,87,87,87,87,87,87,87,87,87,87,87,87,87,87,87],"card_choices":[{"not_picked":["Coolheaded","Compile Driver"],"picked":"Leap","floor":1},{"not_picked":["Consume","Force Field"],"picked":"Gash","floor":5},{"not_picked":["Compile Driver","Streamline"],"picked":"Leap","floor":6},{"not_picked":["Consume","Reboot"],"picked":"Lockon","floor":7},{"not_picked":["Turbo","Compile Driver"],"picked":"Go for the Eyes","floor":10},{"not_picked":["Darkness","Streamline"],"picked":"Ball Lightning","floor":11},{"not_picked":["Gash","Chaos"],"picked":"Doom and Gloom","floor":13},{"not_picked":["Compile Driver","Go for the Eyes"],"picked":"Chill","floor":14},{"not_picked":["Amplify","Fission"],"picked":"All For One","floor":16},{"not_picked":["Turbo","Streamline"],"picked":"Melter","floor":18},{"not_picked":["Redo","Go for the Eyes+1"],"picked":"Cold Snap+1","floor":23},{"not_picked":["Hologram","Barrage+1"],"picked":"Capacitor+1","floor":24},{"not_picked":["Compile Driver","Recycle"],"picked":"Tempest","floor":28},{"not_picked":["Multi-Cast","Fusion+1"],"picked":"Ball Lightning+1","floor":31},{"not_picked":["Seek","Creative AI+1"],"picked":"Electrodynamics+1","floor":33},{"not_picked":["Consume","Fusion+1"],"picked":"Turbo+1","floor":35},{"not_picked":["Glacier","Rip and Tear+1"],"picked":"Redo+1","floor":37},{"not_picked":["Compile Driver+1","Stack+1"],"picked":"Cold Snap+1","floor":41}],"player_experience":237868,"relics_obtained":[{"floor":6,"key":"Torii"},{"floor":9,"key":"Ice Cream"},{"floor":11,"key":"Ginger"},{"floor":14,"key":"Emotion Chip"},{"floor":23,"key":"Happy Flower"},{"floor":26,"key":"TungstenRod"},{"floor":31,"key":"Pen Nib"},{"floor":39,"key":"Ornamental Fan"},{"floor":43,"key":"Meat on the Bone"}],"event_choices":[{"cards_removed":["Defend_B"],"damage_healed":0,"gold_gain":0,"player_choice":"Card Removal","damage_taken":0,"max_hp_gain":0,"max_hp_loss":0,"event_name":"The Cleric","floor":2,"gold_loss":50},{"damage_healed":0,"gold_gain":0,"player_choice":"Entered Light","damage_taken":15,"max_hp_gain":0,"max_hp_loss":0,"event_name":"Shining Light","floor":3,"gold_loss":0,"cards_upgraded":["Defend_B","Defend_B"]},{"damage_healed":0,"gold_gain":0,"player_choice":"Bought 3 Potions","damage_taken":0,"max_hp_gain":0,"max_hp_loss":0,"event_name":"The Woman in Blue","floor":4,"gold_loss":0},{"damage_healed":0,"gold_gain":0,"player_choice":"Stole Relic","damage_taken":0,"relics_obtained":["Frozen Egg 2"],"max_hp_gain":0,"max_hp_loss":0,"event_name":"Addict","floor":20,"gold_loss":0,"cards_obtained":["Shame"]},{"damage_healed":0,"gold_gain":0,"player_choice":"Shed Blood","damage_taken":21,"max_hp_gain":5,"max_hp_loss":0,"event_name":"Forgotten Altar","floor":21,"gold_loss":0},{"cards_removed":["Shame"],"damage_healed":0,"gold_gain":0,"player_choice":"Elegance","damage_taken":0,"max_hp_gain":0,"max_hp_loss":0,"event_name":"Back to Basics","floor":22,"gold_loss":0},{"damage_healed":0,"gold_gain":99,"player_choice":"Stole From Cult","damage_taken":0,"max_hp_gain":0,"max_hp_loss":0,"event_name":"Nest","floor":25,"gold_loss":0},{"damage_healed":0,"gold_gain":0,"player_choice":"Forge","damage_taken":0,"max_hp_gain":0,"max_hp_loss":0,"event_name":"Accursed Blacksmith","floor":36,"gold_loss":0,"cards_upgraded":["Leap"]},{"cards_removed":["Strike_B"],"damage_healed":0,"gold_gain":0,"player_choice":"Removed Attack","damage_taken":0,"max_hp_gain":0,"max_hp_loss":0,"event_name":"Falling","floor":42,"gold_loss":0}],"is_beta":false,"boss_relics":[{"not_picked":["Sozu","Philosopher\u0027s Stone"],"picked":"SlaversCollar"},{"not_picked":["SacredBark","Fusion Hammer"],"picked":"Black Star"}],"items_purged_floors":[19,30],"is_endless":false,"potions_floor_spawned":[11,13,14,24,31,33,35,37],"killed_by":"Giant Head","ascension_level":1}}