{"host":"8vqjvqze17j4iyaj","time":1609129854,"event":{"mods":["Act Like it!","BaseMod","Chen","Colored Powertips","Duelist Mod","Elementarium","Gensokyo","GifTheSpireLib","Infinite Spire","Jorbs\u0027s Wanderer Trilogy","Koishi","Marisa????????","Minty Spire (QoL Compilation)","Rare Cards Sparkle","Reimu??????","Remilia??????","Replay The Spire","StSLib","The Animator","The Cursed","The Forsaken","The Servant 0.9.4","Wandering Minibosses"],"gold_per_floor":[110,125,1,1,1,1,19,45,71,71,88,117,117,147,147,243,243,263,50,50,67,67,67,67,67,91,91,91],"floor_reached":27,"playtime":1622,"items_purged":["animator:Strike","animator:Strike"],"score":282,"play_id":"c9419d11-5241-4982-acea-5ac9fe551ba3","local_time":"20201227213054","is_ascension_mode":true,"campfire_choices":[{"data":"animator:Demiurge","floor":6,"key":"SMITH"},{"floor":10,"key":"REST"},{"floor":13,"key":"REST"},{"floor":15,"key":"REST"},{"data":"animator:SirTouchMe","floor":23,"key":"SMITH"},{"data":"animator:Elsword","floor":25,"key":"SMITH"}],"circlet_count":0,"master_deck":["animator:Strike_Overlord","animator:Defend_Overlord","animator:Defend","animator:Defend","animator:Defend","animator:Cocytus+1","animator:Demiurge+1","animator:Elsword+1","animator:Lancer","animator:PandorasActor+1","animator:Entoma+2","animator:Elesis","animator:Aqua","animator:SirTouchMe+1","animator:Elesis"],"relics":["animator:LivingPicture","animator:TheMissingPiece","animator:PurgingStone","Philosopher\u0027s Stone","Smiling Mask","animator:EngravedStaff","Boot","Mark of Pain","animator:CursedGlyph"],"acts_visited":["Exordium","TheCity"],"potions_floor_usage":[12,12,16],"damage_taken":[{"damage":4,"enemies":"Cultist","floor":1,"turns":5},{"damage":3,"enemies":"Small Slimes","floor":2,"turns":3},{"damage":1,"enemies":"2 Louse","floor":7,"turns":2},{"damage":6,"enemies":"Gremlin Gang","floor":8,"turns":4},{"damage":0,"enemies":"Large Slime","floor":11,"turns":3},{"damage":10,"enemies":"Gremlin Nob","floor":12,"turns":4},{"damage":8,"enemies":"Replay:BlueRogue","floor":14,"turns":3},{"damage":0,"enemies":"Slime Boss","floor":16,"turns":7},{"damage":17,"enemies":"2 Thieves","floor":18,"turns":3},{"damage":0,"enemies":"Shell Parasite","floor":21,"turns":4},{"damage":33,"enemies":"Slavers","floor":27,"turns":2}],"seed_played":"-7561819259083067488","potions_obtained":[{"floor":2,"key":"LiquidBronze"},{"floor":7,"key":"SteroidPotion"},{"floor":8,"key":"Cursed Concoction"},{"floor":16,"key":"ZuzhouPotion:ReiMu"}],"is_trial":false,"path_per_floor":["M","M","$","?","?","R","M","M","T","R","M","E","R","E","R","B",null,"M","$","?","M","?","R","AVR","R","T","E"],"character_chosen":"THE_ANIMATOR","items_purchased":["animator:PandorasActor","animator:Elesis"],"campfire_rested":3,"item_purchase_floors":[3,19],"current_hp_per_floor":[29,26,26,19,19,19,18,12,12,21,23,15,26,18,29,31,37,22,22,22,24,24,24,24,24,24,0,0],"gold":91,"neow_bonus":"TRANSFORM_CARD","is_daily":false,"chose_seed":false,"campfire_upgraded":3,"win_rate":0.0,"timestamp":1609129854,"path_taken":["M","M","$","?","?","R","M","?","T","R","M","E","R","E","R","BOSS","M","$","?","M","?","R","AVR","R","T","E"],"items_purchased_type":["Card","Card"],"build_version":"2020-12-22","purchased_purges":2,"victory":false,"max_hp_per_floor":[33,33,33,33,33,33,33,33,33,33,35,37,37,37,37,37,37,33,33,33,33,33,33,33,33,33,33,33],"card_choices":[{"not_picked":["animator:Rider","animator:Demiurge"],"picked":"animator:Elsword","floor":1},{"not_picked":["animator:Vesta","animator:Elsword"],"picked":"animator:Lancer","floor":2},{"not_picked":["animator:YunYun","animator:Chung","animator:Ciel"],"picked":"SKIP","floor":7},{"not_picked":["animator:Evileye","animator:Demiurge"],"picked":"animator:Entoma","floor":8},{"not_picked":["animator:Lancer","animator:Evileye","animator:Hakurou"],"picked":"SKIP","floor":11},{"not_picked":["animator:Pride","animator:Lancer"],"picked":"animator:Elesis","floor":12},{"not_picked":["animator:Benimaru","animator:Cocytus"],"picked":"animator:Aqua","floor":14},{"not_picked":["animator:Cocytus","animator:Demiurge"],"picked":"animator:SirTouchMe","floor":18},{"not_picked":["animator:Yoichi","animator:Megumin","animator:Berserker"],"picked":"SKIP","floor":21}],"player_experience":266099,"relics_obtained":[{"floor":9,"key":"Smiling Mask"},{"floor":12,"key":"animator:EngravedStaff"},{"floor":14,"key":"Boot"},{"floor":18,"key":"animator:CursedGlyph"}],"event_choices":[{"damage_healed":0,"gold_gain":0,"player_choice":"Fled","damage_taken":7,"max_hp_gain":0,"max_hp_loss":0,"event_name":"Scrap Ooze","floor":4,"gold_loss":0},{"damage_healed":0,"gold_gain":0,"player_choice":"Upgraded","damage_taken":0,"max_hp_gain":0,"max_hp_loss":0,"event_name":"Upgrade Shrine","floor":5,"gold_loss":0,"cards_upgraded":["animator:Cocytus"]},{"damage_healed":0,"gold_gain":0,"player_choice":"Upgraded","damage_taken":0,"max_hp_gain":0,"max_hp_loss":0,"event_name":"Upgrade Shrine","floor":22,"gold_loss":0,"cards_upgraded":["animator:PandorasActor"]}],"is_beta":false,"boss_relics":[{"not_picked":["Coffee Dripper","Abe\u0027s Treasure"],"picked":"Mark of Pain"}],"items_purged_floors":[3,19],"is_endless":false,"potions_floor_spawned":[2,7,8,16],"killed_by":"Slavers","ascension_level":1}}