{"host":"7mrmd33mpx7q5wx9","time":1609140181,"event":{"mods":["AchievementEnabler","BaseMod","BetterRewards","Colored Map","Defuse TimeMaze Blight","Minty Spire (QoL Compilation)","Permanent Neow","Quick Restart","StSLib"],"gold_per_floor":[117,117,128,139,154,187,187,221,247,278,278,51,51,51,51,152,152,167,180,5,20,20,46,46,46,127,127,27,27,56,69,69,164,214,234,281,1280,1280,377,377,377,377],"floor_reached":41,"playtime":2398,"items_purged":["Strike_P","Defend_P","Strike_P"],"score":757,"play_id":"b56a316e-e469-4eeb-a34b-6dcc3402de41","local_time":"20201228012301","is_ascension_mode":true,"campfire_choices":[{"data":"Eruption","floor":7,"key":"SMITH"},{"data":"EmptyMind","floor":13,"key":"SMITH"},{"data":"Vigilance","floor":15,"key":"SMITH"},{"data":"Protect","floor":24,"key":"SMITH"},{"data":"Establishment","floor":27,"key":"SMITH"},{"floor":29,"key":"REST"},{"floor":32,"key":"REST"},{"data":"Omniscience","floor":40,"key":"SMITH"}],"circlet_count":0,"master_deck":["Strike_P","Strike_P","Defend_P+1","Defend_P","Eruption+1","Vigilance+1","BowlingBash+1","InnerPeace","EmptyFist+1","ThirdEye","CarveReality+1","Establishment+1","FlyingSleeves+1","EmptyMind+1","Omniscience","Wallop+1","LikeWater+1","BattleHymn","Protect+1","FlurryOfBlows+1","Tantrum+1","WindmillStrike+1","FlurryOfBlows+1","CutThroughFate+1","Omniscience+1","FearNoEvil+1","Normality","Normality","FlyingSleeves+1"],"relics":["PureWater","Molten Egg 2","Damaru","Art of War","Boot","Potion Belt","Ornamental Fan","Runic Pyramid","Darkstone Periapt","StoneCalendar","Shuriken","FossilizedHelix","Tiny House","Gambling Chip","Lee\u0027s Waffle","Mercury Hourglass","Juzu Bracelet"],"acts_visited":["Exordium","TheCity","TheBeyond"],"potions_floor_usage":[3,8,16,21,23,31,36,36],"damage_taken":[{"damage":0,"enemies":"Small Slimes","floor":1,"turns":2},{"damage":0,"enemies":"Jaw Worm","floor":3,"turns":1},{"damage":0,"enemies":"2 Louse","floor":4,"turns":2},{"damage":1,"enemies":"Large Slime","floor":5,"turns":7},{"damage":8,"enemies":"Gremlin Nob","floor":6,"turns":3},{"damage":11,"enemies":"Lagavulin","floor":8,"turns":3},{"damage":7,"enemies":"3 Sentries","floor":10,"turns":6},{"damage":24,"enemies":"The Guardian","floor":16,"turns":7},{"damage":11,"enemies":"3 Byrds","floor":18,"turns":3},{"damage":0,"enemies":"Chosen","floor":19,"turns":4},{"damage":0,"enemies":"Centurion and Healer","floor":21,"turns":5},{"damage":16,"enemies":"Gremlin Leader","floor":23,"turns":4},{"damage":18,"enemies":"Slavers","floor":30,"turns":4},{"damage":8,"enemies":"Snake Plant","floor":31,"turns":4},{"damage":0,"enemies":"Champ","floor":33,"turns":7},{"damage":14,"enemies":"3 Shapes","floor":35,"turns":7},{"damage":30,"enemies":"2 Orb Walkers","floor":36,"turns":3},{"damage":63,"enemies":"Nemesis","floor":41,"turns":4}],"seed_played":"-765515008485653597","potions_obtained":[{"floor":1,"key":"StancePotion"},{"floor":4,"key":"ColorlessPotion"},{"floor":8,"key":"FearPotion"},{"floor":18,"key":"AttackPotion"},{"floor":21,"key":"DistilledChaos"},{"floor":23,"key":"Energy Potion"},{"floor":33,"key":"Swift Potion"},{"floor":34,"key":"LiquidMemories"},{"floor":35,"key":"BottledMiracle"}],"is_trial":false,"path_per_floor":["M","?","M","M","M","E","R","E","T","E","?","$","R","T","R","B",null,"M","M","$","M","?","E","R","?","T","R","$","R","E","M","R","B",null,"M","?","?","?","$","R","E"],"character_chosen":"WATCHER","items_purchased":["Molten Egg 2","BowlingBash+1","EmptyMind","DuplicationPotion","BattleHymn","Protect","FlurryOfBlows+1","Lee\u0027s Waffle","Mercury Hourglass","Juzu Bracelet","StancePotion","ColorlessPotion","Strength Potion","FlyingSleeves+1"],"campfire_rested":2,"item_purchase_floors":[0,0,12,12,20,20,20,39,39,39,39,39,39,39],"current_hp_per_floor":[62,62,62,62,61,53,53,42,42,35,40,40,40,40,40,16,77,66,66,66,66,66,50,50,50,50,50,50,73,55,47,70,70,82,68,38,50,50,101,101,38,38],"gold":377,"neow_bonus":"","is_daily":false,"chose_seed":false,"campfire_upgraded":6,"win_rate":0.0,"timestamp":1609140181,"path_taken":["M","?","M","M","M","E","R","E","T","E","?","$","R","?","R","BOSS","M","M","$","M","?","E","R","?","T","R","$","R","E","M","R","BOSS","M","?","?","?","$","R","E"],"items_purchased_type":["Relic","Card","Card","Potion","Card","Card","Card","Relic","Relic","Relic","Potion","Potion","Potion","Card"],"build_version":"2020-12-22","purchased_purges":3,"victory":false,"max_hp_per_floor":[72,72,72,72,72,72,72,72,72,72,77,77,77,77,77,77,77,77,77,77,77,77,77,77,77,77,77,77,77,77,77,77,77,82,82,82,94,94,101,101,101,101],"card_choices":[{"not_picked":["ForeignInfluence","Halt"],"picked":"InnerPeace","floor":1},{"not_picked":["PathToVictory","Vengeance"],"picked":"EmptyFist+1","floor":3},{"not_picked":["SignatureMove+1","Crescendo"],"picked":"ThirdEye","floor":4},{"not_picked":["CutThroughFate+1","Protect"],"picked":"CarveReality+1","floor":5},{"not_picked":["Study","Prostrate","ClearTheMind"],"picked":"SKIP","floor":6},{"not_picked":["DevaForm","Prostrate"],"picked":"Establishment","floor":8},{"not_picked":["Wireheading","Consecrate+1"],"picked":"FlyingSleeves+1","floor":10},{"not_picked":["MasterReality","Judgement"],"picked":"Omniscience","floor":16},{"not_picked":["BowlingBash+1","ThirdEye"],"picked":"Wallop+1","floor":18},{"not_picked":["JustLucky+1","Crescendo+1"],"picked":"LikeWater+1","floor":19},{"not_picked":["SignatureMove+1","Consecrate+1"],"picked":"Tantrum+1","floor":21},{"not_picked":["EmptyFist+1","MentalFortress"],"picked":"WindmillStrike+1","floor":23},{"not_picked":["Worship+1","WreathOfFlame","Meditate"],"picked":"SKIP","floor":30},{"not_picked":["Consecrate+1","ReachHeaven+1"],"picked":"CutThroughFate+1","floor":31},{"not_picked":["Scrawl","Judgement"],"picked":"Omniscience","floor":33},{"not_picked":["ForeignInfluence","WaveOfTheHand"],"picked":"FearNoEvil+1","floor":35}],"player_experience":357221,"relics_obtained":[{"floor":6,"key":"Damaru"},{"floor":8,"key":"Art of War"},{"floor":9,"key":"Boot"},{"floor":10,"key":"Potion Belt"},{"floor":14,"key":"Ornamental Fan"},{"floor":23,"key":"StoneCalendar"},{"floor":26,"key":"Shuriken"},{"floor":30,"key":"FossilizedHelix"},{"floor":36,"key":"Gambling Chip"}],"event_choices":[{"damage_healed":0,"gold_gain":0,"player_choice":"Ignored","damage_taken":0,"max_hp_gain":0,"max_hp_loss":0,"event_name":"Liars Game","floor":2,"gold_loss":0},{"damage_healed":0,"gold_gain":0,"player_choice":"Donut","damage_taken":0,"max_hp_gain":5,"max_hp_loss":0,"event_name":"Big Fish","floor":11,"gold_loss":0},{"damage_healed":0,"gold_gain":0,"player_choice":"Opened","damage_taken":0,"relics_obtained":["Darkstone Periapt"],"max_hp_gain":0,"max_hp_loss":0,"event_name":"The Mausoleum","floor":22,"gold_loss":0},{"damage_healed":0,"gold_gain":0,"player_choice":"Read","damage_taken":0,"max_hp_gain":0,"max_hp_loss":0,"event_name":"The Library","floor":25,"gold_loss":0,"cards_obtained":["FlurryOfBlows"]},{"damage_healed":0,"gold_gain":0,"player_choice":"Fight","damage_taken":0,"max_hp_gain":0,"max_hp_loss":0,"event_name":"Mysterious Sphere","floor":36,"gold_loss":0},{"damage_healed":0,"gold_gain":999,"player_choice":"Gold","damage_taken":0,"max_hp_gain":0,"max_hp_loss":0,"event_name":"MindBloom","floor":37,"gold_loss":0,"cards_obtained":["Normality","Normality"]},{"cards_removed":["Defend_P"],"damage_healed":0,"gold_gain":0,"player_choice":"Removed Skill","damage_taken":0,"max_hp_gain":0,"max_hp_loss":0,"event_name":"Falling","floor":38,"gold_loss":0}],"is_beta":false,"boss_relics":[{"not_picked":["HolyWater","Empty Cage"],"picked":"Runic Pyramid"},{"not_picked":["Snecko Eye","SacredBark"],"picked":"Tiny House"}],"items_purged_floors":[12,28,39],"is_endless":false,"potions_floor_spawned":[1,4,8,18,21,23,33,35],"killed_by":"Nemesis","ascension_level":2}}