{"host":"u2grshebrc5rdzdn","time":1609180201,"event":{"mods":["AchievementEnabler","BaseMod","Minty Spire (QoL Compilation)","StSLib"],"gold_per_floor":[114,130,130,148,160,160,188,188,188,188,199,229,229,229,229,229,229],"floor_reached":16,"playtime":1905,"items_purged":[],"score":160,"play_id":"9638a80b-e9be-4d52-9243-7da774861376","local_time":"20201228193001","is_ascension_mode":true,"campfire_choices":[{"data":"Neutralize","floor":6,"key":"SMITH"},{"floor":8,"key":"REST"},{"data":"Footwork","floor":10,"key":"SMITH"},{"data":"Blade Dance","floor":13,"key":"SMITH"},{"data":"Cloak And Dagger","floor":15,"key":"SMITH"}],"circlet_count":0,"master_deck":["Strike_G","Strike_G","Strike_G","Strike_G","Defend_G","Defend_G","Defend_G","Defend_G","Defend_G","Survivor","Neutralize+1","Underhanded Strike","Flying Knee","Dagger Throw","Cloak And Dagger+1","Footwork+1","Backflip","Blade Dance+1"],"relics":["Ring of the Snake","Dream Catcher","Bag of Marbles","Paper Crane","Golden Idol"],"acts_visited":["Exordium"],"potions_floor_usage":[16],"damage_taken":[{"damage":3,"enemies":"Jaw Worm","floor":1,"turns":6},{"damage":0,"enemies":"Cultist","floor":2,"turns":4},{"damage":0,"enemies":"2 Louse","floor":4,"turns":2},{"damage":7,"enemies":"2 Fungi Beasts","floor":5,"turns":4},{"damage":13,"enemies":"Lagavulin","floor":7,"turns":8},{"damage":11,"enemies":"Gremlin Gang","floor":11,"turns":7},{"damage":3,"enemies":"3 Sentries","floor":12,"turns":11},{"damage":31,"enemies":"Slime Boss","floor":16,"turns":10}],"seed_played":"-7676506449991115351","potions_obtained":[{"floor":4,"key":"Block Potion"},{"floor":5,"key":"SteroidPotion"},{"floor":7,"key":"DuplicationPotion"}],"is_trial":false,"path_per_floor":["M","M","?","M","M","R","E","R","T","R","M","E","R","?","R","B"],"character_chosen":"THE_SILENT","items_purchased":[],"campfire_rested":1,"item_purchase_floors":[],"current_hp_per_floor":[60,60,60,60,53,53,40,61,61,61,50,47,47,30,30,0,0],"gold":229,"neow_bonus":"RANDOM_COMMON_RELIC","is_daily":false,"chose_seed":false,"campfire_upgraded":4,"win_rate":0.0,"timestamp":1609180201,"path_taken":["M","M","?","?","M","R","E","R","T","R","M","E","R","?","R","BOSS"],"items_purchased_type":[],"build_version":"2020-12-22","purchased_purges":0,"victory":false,"max_hp_per_floor":[70,70,70,70,70,70,70,70,70,70,70,70,70,70,70,70,70],"card_choices":[{"not_picked":["Deadly Poison","Blade Dance"],"picked":"Underhanded Strike","floor":1},{"not_picked":["Catalyst","Slice"],"picked":"Flying Knee","floor":2},{"not_picked":["Blur","Dagger Spray"],"picked":"Dagger Throw","floor":4},{"not_picked":["Outmaneuver","All Out Attack","Blur"],"picked":"SKIP","floor":5},{"not_picked":["Quick Slash","Prepared"],"picked":"Cloak And Dagger","floor":7},{"not_picked":["Flechettes","Phantasmal Killer"],"picked":"Footwork","floor":8},{"not_picked":["Outmaneuver","Flying Knee"],"picked":"Backflip","floor":11},{"not_picked":["Expertise","Endless Agony"],"picked":"Blade Dance","floor":12}],"player_experience":399085,"relics_obtained":[{"floor":7,"key":"Bag of Marbles"},{"floor":12,"key":"Paper Crane"}],"event_choices":[{"cards_removed":["Strike_G"],"damage_healed":0,"gold_gain":0,"player_choice":"Offered Basic","damage_taken":0,"max_hp_gain":0,"max_hp_loss":0,"event_name":"Bonfire Elementals","floor":3,"gold_loss":0},{"damage_healed":0,"gold_gain":0,"player_choice":"Take Damage","damage_taken":17,"relics_obtained":["Golden Idol"],"max_hp_gain":0,"max_hp_loss":0,"event_name":"Golden Idol","floor":14,"gold_loss":0}],"is_beta":false,"boss_relics":[],"items_purged_floors":[],"is_endless":false,"potions_floor_spawned":[4,5,7,11],"killed_by":"Slime Boss","ascension_level":9}}