{"host":"cyiefo55v5hz1ih5","time":1609190415,"event":{"mods":["2.2 Compatiblity","AchievementEnabler","BaseMod","GifTheSpireLib","Hubris","Minty Spire (QoL Compilation)","Replay The Spire","Spicy Shops","StSLib","The Marked"],"gold_per_floor":[119,44,119,136,136,136,165,184,184,215,215,139,139,155,155,263,263,281,303,303,303,347,347,390,390,390,62,92,121,132,132,132],"floor_reached":31,"playtime":2058,"items_purged":["theMarked:Strike","Shame","theMarked:Strike"],"score":281,"play_id":"a23b52f5-c817-4e80-806e-decd562f70cc","local_time":"20201228162015","is_ascension_mode":false,"campfire_choices":[{"data":"theMarked:SoldierOfQuellstein","floor":6.0,"key":"SMITH"},{"floor":11.0,"key":"REST"},{"data":"theMarked:MaelstromOfLightning","floor":13.0,"key":"SMITH"},{"data":"theMarked:HeritageOfTheMarked","floor":15.0,"key":"SMITH"},{"floor":23,"key":"REST"},{"floor":25,"key":"REST"}],"circlet_count":0,"master_deck":["theMarked:Strike","theMarked:Strike","theMarked:Defend","theMarked:Defend","theMarked:Defend","theMarked:Defend","theMarked:SoldierOfQuellstein+1","theMarked:MaelstromOfLightning+1","theMarked:EmpowerWeapon","theMarked:HeritageOfTheMarked+1","theMarked:PowerFlow","theMarked:EternalStudent","theMarked:Static","theMarked:RepellingDischarge","theMarked:WardOff+1","theMarked:SummonStrength+1","theMarked:StartUp"],"relics":["theMarked:ArtifactOfAir","hubris:AstralHammer","hubris:Potato","Question Card","ReplayTheSpireMod:TigerMarble","CeramicFish","ReplayTheSpireMod:CursedCoin","Painkiller Herb","Red Mask","hubris:FunFungus","hubris:BundleOfHerbs","Membership Card","Ornamental Fan"],"acts_visited":["Exordium","TheCity"],"potions_floor_usage":[18,24,24,29,30,31],"damage_taken":[{"damage":0.0,"enemies":"Cultist","floor":1.0,"turns":4.0},{"damage":1.0,"enemies":"Jaw Worm","floor":4.0,"turns":4.0},{"damage":12.0,"enemies":"3 Sentries","floor":7.0,"turns":12.0},{"damage":0.0,"enemies":"Small Slimes","floor":8.0,"turns":2.0},{"damage":17.0,"enemies":"Lagavulin","floor":10.0,"turns":6.0},{"damage":0.0,"enemies":"2 Fungi Beasts","floor":14.0,"turns":3.0},{"damage":15.0,"enemies":"Hexaghost","floor":16.0,"turns":9.0},{"damage":0,"enemies":"Spheric Guardian","floor":18,"turns":3},{"damage":9,"enemies":"Chosen","floor":19,"turns":5},{"damage":32,"enemies":"Masked Bandits","floor":22,"turns":5},{"damage":14,"enemies":"Book of Stabbing","floor":24,"turns":4},{"damage":26,"enemies":"Slavers","floor":28,"turns":6},{"damage":31,"enemies":"Shelled Parasite and Fungi","floor":29,"turns":5},{"damage":1,"enemies":"Sentry and Sphere","floor":30,"turns":3},{"damage":12,"enemies":"Snake Plant","floor":31,"turns":3}],"seed_played":"6223933039576754075","potions_obtained":[{"floor":4.0,"key":"Venom Potion"},{"floor":10.0,"key":"Milkshake"},{"floor":14.0,"key":"Death Potion"},{"floor":22,"key":"PowerPotion"},{"floor":28,"key":"Swift Potion"},{"floor":29,"key":"Adrenaline Potion"},{"floor":30,"key":"PowerPotion"}],"is_trial":false,"path_per_floor":["M","$","?","M","?","R","E","M","T","E","R","$","R","M","R","B",null,"?","?","?","?","?","T","E","T","T","T","E","?","?","?"],"character_chosen":"THE_DEFAULT","items_purchased":["CeramicFish","theMarked:PowerFlow","ReplayTheSpireMod:CursedCoin","Membership Card","theMarked:SummonStrength+1"],"campfire_rested":3,"item_purchase_floors":[12,12,12,27,27],"current_hp_per_floor":[63,63,52,51,51,51,39,39,39,22,40,40,40,40,40,25,63,63,54,54,54,22,40,26,44,44,44,39,10,9,0,0],"gold":132,"neow_bonus":"ONE_RARE_RELIC","is_daily":false,"chose_seed":false,"campfire_upgraded":3,"win_rate":0.0,"timestamp":1609190415,"path_taken":["M","$","?","M","?","R","E","?","T","E","R","?","R","M","R","BOSS","?","?","?","?","?","T","E","T","T","T","E","?","?","?"],"items_purchased_type":["Relic","Card","Relic","Relic","Card"],"build_version":"2020-12-22","purchased_purges":3,"victory":false,"max_hp_per_floor":[63,63,63,63,63,63,63,63,63,63,63,63,63,63,63,63,63,63,63,63,63,63,63,63,63,63,63,63,63,63,63,63],"card_choices":[{"not_picked":["theMarked:Electrocute","theMarked:Electrify","theMarked:TwofoldDefense"],"picked":"SKIP","floor":1.0},{"not_picked":["theMarked:KeepCalmAndFightOn","theMarked:Parkour","theMarked:Frustration"],"picked":"SKIP","floor":4.0},{"not_picked":["theMarked:ElectricStrings","theMarked:WastefulAttack"],"picked":"theMarked:MaelstromOfLightning","floor":7.0},{"not_picked":["theMarked:Improvise","theMarked:WastefulAttack"],"picked":"theMarked:EmpowerWeapon","floor":8.0},{"not_picked":["theMarked:WastefulAttack","theMarked:MuscleMemory","theMarked:SwordAndMagic"],"picked":"theMarked:HeritageOfTheMarked","floor":10.0},{"not_picked":["theMarked:ShockingTouch","theMarked:ChainLightning","theMarked:Aftermath","theMarked:BanishingWave"],"picked":"SKIP","floor":14.0},{"not_picked":["theMarked:ThrowWeapon","theMarked:Challenge","theMarked:UnarmedFury"],"picked":"theMarked:EternalStudent","floor":16.0},{"not_picked":["theMarked:HeightenedSenses","theMarked:ChainLightning","theMarked:Seal","theMarked:SwordAndMagic+1"],"picked":"SKIP","floor":18},{"not_picked":["theMarked:ChainLightning","theMarked:BanishingStrike","theMarked:EmpowerWeapon+1"],"picked":"theMarked:Static","floor":19},{"not_picked":["theMarked:Electrocute","theMarked:BanishingStrike","theMarked:SwordAndMagic"],"picked":"theMarked:RepellingDischarge","floor":22},{"not_picked":["theMarked:Aftermath+1","theMarked:ElectricStrings+1","theMarked:Static"],"picked":"theMarked:WardOff+1","floor":24},{"not_picked":["theMarked:ChainLightning+1","theMarked:ResourceFulStrike","theMarked:WardOff","theMarked:SuspiciousRaven"],"picked":"SKIP","floor":28},{"not_picked":["theMarked:RepellingDischarge","theMarked:EmpowerWeapon+1","theMarked:HeightenedSenses"],"picked":"theMarked:StartUp","floor":29},{"not_picked":["theMarked:StartUp+1","theMarked:ShockingTouch","theMarked:Aftermath","theMarked:ResourceFulStrike+1"],"picked":"SKIP","floor":30}],"player_experience":583974,"relics_obtained":[{"floor":7.0,"key":"hubris:Potato"},{"floor":9.0,"key":"Question Card"},{"floor":10.0,"key":"ReplayTheSpireMod:TigerMarble"},{"floor":22,"key":"Red Mask"},{"floor":24,"key":"hubris:FunFungus"},{"floor":26,"key":"hubris:BundleOfHerbs"},{"floor":28,"key":"Ornamental Fan"}],"event_choices":[{"damage_healed":0.0,"max_hp_gain":0.0,"max_hp_loss":0.0,"gold_gain":75.0,"event_name":"World of Goop","player_choice":"Gather Gold","floor":3.0,"gold_loss":0.0,"damage_taken":11.0},{"cards_removed":["theMarked:Strike"],"damage_healed":0.0,"max_hp_gain":0.0,"max_hp_loss":0.0,"gold_gain":0.0,"event_name":"Bonfire Elementals","player_choice":"Offered Basic","floor":5.0,"gold_loss":0.0,"damage_taken":0.0},{"damage_healed":0,"gold_gain":0,"player_choice":"Ignored","damage_taken":0,"max_hp_gain":0,"max_hp_loss":0,"event_name":"Ghosts","floor":21,"gold_loss":0},{"damage_healed":0,"gold_gain":0,"player_choice":"Fought Bandits","damage_taken":0,"max_hp_gain":0,"max_hp_loss":0,"event_name":"Masked Bandits","floor":22,"gold_loss":0}],"is_beta":false,"boss_relics":[{"not_picked":["Snecko Eye","Empty Cage"],"picked":"Painkiller Herb"}],"items_purged_floors":[2,12,27],"is_endless":false,"potions_floor_spawned":[4,10,14,22,28,29,30],"killed_by":"Snake Plant","ascension_level":0}}