{"host":"9d83omykrosjn1d3","time":1609172271,"event":{"mods":["AchievementEnabler","BaseMod","BetterRewards","Card Forge","Downfall","Hubris","Minty Spire (QoL Compilation)","Permanent Neow","Shop Mod","StSLib","SuperFastMode","The Construct"],"gold_per_floor":[117,136,154,173,192,226,226,258,258,258,278,295,57,57,57,162,162,176,176,186,285,304,334,334,368,368,395,408,425,425,445,445,549,549,563,578,398,409,421,455,471,471,520,555,555,555,555,555,555,555,555,555,162,192,192],"floor_reached":56,"playtime":2655,"items_purged":["construct:ClockworkEgg+4"],"score":2834,"play_id":"f54aaa29-f3f1-4eb4-8083-3a3f0dcfb3a3","local_time":"20201229011751","is_ascension_mode":true,"campfire_choices":[{"floor":7,"key":"RECALL"},{"floor":10,"key":"REST"},{"floor":15,"key":"REST"},{"floor":24,"key":"REST"},{"floor":32,"key":"REST"},{"floor":46,"key":"REST"},{"floor":49,"key":"REST"},{"floor":52,"key":"REST"}],"circlet_count":0,"master_deck":["AscendersBane","construct:ClockworkEgg+4","Consume+1","construct:Hazardproof+2","Recycle+1","Self Repair+1","Glacier+1","Creative AI+1","Heatsinks+1","Storm+1","Amplify+1","Double Energy+1","Machine Learning+1","Heatsinks+1","Thinking Ahead+1","Echo Form+1","Biased Cognition+1"],"relics":["Cracked Core","Hammer of Thor","Seething Fire","Anvil of the Gods","MerchantsRug","Art of War","StoneCalendar","Sling","hubris:Spice","TheAbacus","Molten Egg 2","Toxic Egg 2","construct:ClockworkPhoenix","hubris:64BitClover","Pear","hubris:TenFootPole","War Paint","Ginger","Thread and Needle","Bag of Marbles","Strawberry","Bag of Preparation","Juzu Bracelet","Ancient Tea Set","DataDisk","Inserter","Anchor","Mango","Nloth\u0027s Gift","Frozen Egg 2","PreservedInsect","Vajra","Nunchaku","hubris:Reverence","hubris:CrystalStatue","Guardian:PocketSentry","hubris:SlimyHat","Cables","Whetstone","Mercury Hourglass","Toy Ornithopter","Darkstone Periapt","Sozu","Boot","hubris:DeckOfHolding","Pocketwatch","Omamori","Regal Pillow","Turnip","Incense Burner","hubris:SphereOfDissonance","hubris:PeanutButter","hubris:Icosahedron","Happy Flower","Bottled Lightning","StrikeDummy"],"acts_visited":["Exordium","TheCity","TheBeyond","TheEnding"],"potions_floor_usage":[],"damage_taken":[{"damage":6,"enemies":"Cultist","floor":1,"turns":3},{"damage":9,"enemies":"2 Louse","floor":2,"turns":5},{"damage":9,"enemies":"Small Slimes","floor":3,"turns":6},{"damage":0,"enemies":"2 Fungi Beasts","floor":4,"turns":6},{"damage":4,"enemies":"Lots of Slimes","floor":5,"turns":7},{"damage":0,"enemies":"Lagavulin","floor":6,"turns":6},{"damage":0,"enemies":"3 Sentries","floor":8,"turns":5},{"damage":0,"enemies":"3 Louse","floor":11,"turns":3},{"damage":2,"enemies":"Looter","floor":12,"turns":4},{"damage":33,"enemies":"Hexaghost","floor":16,"turns":5},{"damage":0,"enemies":"Spheric Guardian","floor":18,"turns":3},{"damage":0,"enemies":"Chosen","floor":20,"turns":5},{"damage":0,"enemies":"Sentry and Sphere","floor":22,"turns":3},{"damage":0,"enemies":"Gremlin Leader","floor":23,"turns":4},{"damage":0,"enemies":"Slavers","floor":25,"turns":3},{"damage":0,"enemies":"Book of Stabbing","floor":27,"turns":3},{"damage":0,"enemies":"Centurion and Healer","floor":28,"turns":2},{"damage":0,"enemies":"3 Cultists","floor":29,"turns":2},{"damage":0,"enemies":"Snecko","floor":31,"turns":2},{"damage":0,"enemies":"Collector","floor":33,"turns":3},{"damage":0,"enemies":"3 Shapes","floor":35,"turns":3},{"damage":0,"enemies":"Orb Walker","floor":36,"turns":1},{"damage":0,"enemies":"Sphere and 2 Shapes","floor":38,"turns":2},{"damage":0,"enemies":"3 Darklings","floor":39,"turns":1},{"damage":0,"enemies":"Nemesis","floor":40,"turns":3},{"damage":0,"enemies":"Maw","floor":41,"turns":2},{"damage":0,"enemies":"Reptomancer","floor":44,"turns":2},{"damage":0,"enemies":"hubris:GrandSnecko","floor":50,"turns":11},{"damage":0,"enemies":"Shield and Spear","floor":54,"turns":3},{"damage":0,"enemies":"The Heart","floor":55,"turns":5}],"seed_played":"4362296809109716401","potions_obtained":[{"floor":1,"key":"EssenceOfSteel"},{"floor":3,"key":"Block Potion"},{"floor":5,"key":"Energy Potion"},{"floor":16,"key":"GamblersBrew"},{"floor":23,"key":"sneckomod:MuddlingPotion"},{"floor":25,"key":"ColorlessPotion"},{"floor":33,"key":"sneckomod:MuddlingPotion"}],"is_trial":false,"path_per_floor":["M","M","M","M","M","E","R","E","T","R","M","M","$","?","R","B",null,"M","?","M","?","M","E","R","E","T","E","M","M","?","M","R","B",null,"M","M","$","M","M","E","M","?","T","E","?","R","?","?","R","B",null,"R","$","E","B",null],"character_chosen":"DEFECT","items_purchased":["MerchantsRug","Art of War","Sling","TheAbacus","Biased Cognition+1","DataDisk","Thinking Ahead+1","Happy Flower","Bottled Lightning"],"campfire_rested":7,"item_purchase_floors":[0,0,0,0,13,13,37,53,53],"current_hp_per_floor":[22,23,34,44,50,60,60,77,77,100,100,100,100,100,100,77,94,108,108,114,114,114,114,114,114,114,114,114,114,114,114,114,114,114,114,114,114,114,114,114,114,114,114,114,114,114,114,117,117,117,117,117,117,125,125],"gold":192,"neow_bonus":"","is_daily":false,"chose_seed":false,"campfire_upgraded":0,"win_rate":0.0,"timestamp":1609172271,"path_taken":["M","M","M","M","M","E","R","E","T","R","M","M","$","?","R","BOSS","M","?","M","?","M","E","R","E","T","E","M","M","?","M","R","BOSS","M","M","?","M","M","E","M","?","T","E","?","R","?","?","R","BOSS","R","$","E","BOSS"],"items_purchased_type":["Relic","Relic","Relic","Relic","Card","Relic","Card","Relic","Relic"],"build_version":"2020-12-22","purchased_purges":1,"victory":true,"max_hp_per_floor":[83,83,93,93,93,93,93,100,100,100,100,100,100,100,100,100,100,114,114,114,114,114,114,114,114,114,114,114,114,114,114,114,114,114,114,114,114,114,114,114,114,114,114,114,114,114,114,117,117,117,117,117,117,125,125],"card_choices":[{"not_picked":["Compile Driver","Leap"],"picked":"Consume","floor":1},{"not_picked":["Streamline+1","Consume+1","Hologram+1"],"picked":"SKIP","floor":2},{"not_picked":["Ball Lightning+1","Compile Driver+1","Turbo+1"],"picked":"SKIP","floor":3},{"not_picked":["Hello World+1","Go for the Eyes+1","Sweeping Beam+1"],"picked":"SKIP","floor":4},{"not_picked":["Tempest+1","BootSequence+1"],"picked":"Storm+1","floor":5},{"not_picked":["Scrape+1","Consume+1","Reinforced Body+1"],"picked":"SKIP","floor":6},{"not_picked":["Steam+1","Turbo+1","Ball Lightning+1"],"picked":"SKIP","floor":8},{"not_picked":["Gash+1","hubris:Ukulele+1","Hologram+1"],"picked":"SKIP","floor":11},{"not_picked":["Cold Snap+1","Skim+1","Auto Shields+1"],"picked":"SKIP","floor":12},{"not_picked":["Biased Cognition+1","Hyperbeam+1"],"picked":"Amplify+1","floor":16},{"not_picked":["Hologram+1","Redo+1","Rip and Tear+1"],"picked":"SKIP","floor":18},{"not_picked":["Steam Power+1","Compile Driver+1"],"picked":"Double Energy+1","floor":20},{"not_picked":["Cold Snap+1","Go for the Eyes+1","Ball Lightning+1"],"picked":"SKIP","floor":22},{"not_picked":["Lockon+1","hubris:Prefetch+1"],"picked":"Machine Learning+1","floor":23},{"not_picked":["Streamline+1","hubris:Prefetch+1","Steam Power+1"],"picked":"SKIP","floor":25},{"not_picked":["Hyperbeam+1","Steam Power+1","Meteor Strike+1"],"picked":"SKIP","floor":27},{"not_picked":["Cold Snap+1","Ball Lightning+1","Tempest+1"],"picked":"SKIP","floor":28},{"not_picked":["Thunder Strike+1","Barrage+1"],"picked":"Heatsinks+1","floor":29},{"not_picked":["Go for the Eyes+1","Rebound+1","Streamline+1"],"picked":"SKIP","floor":31},{"not_picked":["Conserve Battery+1","Sweeping Beam+1","Steam+1"],"picked":"SKIP","floor":35},{"not_picked":["Doom and Gloom+1","Go for the Eyes+1","Darkness+1"],"picked":"SKIP","floor":36},{"not_picked":["Conserve Battery+1","Go for the Eyes+1","Turbo+1"],"picked":"SKIP","floor":38},{"not_picked":["Streamline+1","Doom and Gloom+1","Blizzard+1"],"picked":"SKIP","floor":39},{"not_picked":["Rainbow+1","Melter+1"],"picked":"Echo Form+1","floor":40},{"not_picked":["Steam+1","Conserve Battery+1","Ball Lightning+1"],"picked":"SKIP","floor":41},{"not_picked":["Undo+1","FTL+1","Gash+1"],"picked":"SKIP","floor":44},{"not_picked":["Cold Snap+1","Rainbow+1","Scrape+1"],"picked":"SKIP","floor":54}],"player_experience":712748,"relics_obtained":[{"floor":2,"key":"hubris:64BitClover"},{"floor":3,"key":"Pear"},{"floor":4,"key":"hubris:TenFootPole"},{"floor":5,"key":"War Paint"},{"floor":6,"key":"Ginger"},{"floor":6,"key":"Thread and Needle"},{"floor":8,"key":"Bag of Marbles"},{"floor":8,"key":"Strawberry"},{"floor":9,"key":"Bag of Preparation"},{"floor":11,"key":"Juzu Bracelet"},{"floor":12,"key":"Ancient Tea Set"},{"floor":18,"key":"Anchor"},{"floor":18,"key":"Mango"},{"floor":20,"key":"PreservedInsect"},{"floor":22,"key":"Vajra"},{"floor":23,"key":"Nunchaku"},{"floor":23,"key":"hubris:Reverence"},{"floor":25,"key":"hubris:CrystalStatue"},{"floor":25,"key":"Guardian:PocketSentry"},{"floor":27,"key":"hubris:SlimyHat"},{"floor":27,"key":"Cables"},{"floor":28,"key":"Whetstone"},{"floor":31,"key":"Toy Ornithopter"},{"floor":33,"key":"Darkstone Periapt"},{"floor":35,"key":"Boot"},{"floor":36,"key":"hubris:DeckOfHolding"},{"floor":38,"key":"Pocketwatch"},{"floor":39,"key":"Omamori"},{"floor":40,"key":"Regal Pillow"},{"floor":40,"key":"Turnip"},{"floor":41,"key":"Incense Burner"},{"floor":44,"key":"hubris:SphereOfDissonance"},{"floor":44,"key":"hubris:PeanutButter"},{"floor":54,"key":"StrikeDummy"},{"floor":54,"key":"hubris:Spice"}],"event_choices":[{"damage_healed":0,"gold_gain":0,"player_choice":"0 cards matched","damage_taken":0,"max_hp_gain":0,"max_hp_loss":0,"event_name":"Match and Keep!","floor":14,"gold_loss":0,"cards_obtained":[]},{"damage_healed":0,"gold_gain":0,"player_choice":"Traded Relic","damage_taken":0,"relics_obtained":["Nloth\u0027s Gift"],"max_hp_gain":0,"max_hp_loss":0,"event_name":"N\u0027loth","floor":19,"relics_lost":["Frozen Egg 2"],"gold_loss":0},{"damage_healed":0,"gold_gain":99,"player_choice":"Stole From Cult","damage_taken":0,"max_hp_gain":0,"max_hp_loss":0,"event_name":"Nest","floor":21,"gold_loss":0},{"damage_healed":0,"gold_gain":0,"player_choice":"Gave Potion","damage_taken":0,"relics_obtained":["Mercury Hourglass"],"max_hp_gain":0,"max_hp_loss":0,"event_name":"WeMeetAgain","floor":30,"gold_loss":0},{"damage_healed":0,"gold_gain":0,"player_choice":"Bought 0 Potions","damage_taken":0,"max_hp_gain":0,"max_hp_loss":0,"event_name":"The Woman in Blue","floor":42,"gold_loss":0},{"cards_removed":["Biased Cognition"],"damage_healed":0,"gold_gain":0,"player_choice":"Removed Power","damage_taken":0,"max_hp_gain":0,"max_hp_loss":0,"event_name":"Falling","floor":47,"gold_loss":0}],"is_beta":false,"boss_relics":[{"not_picked":["Cursed Key","hubris:GrandSneckoEye"],"picked":"Inserter"},{"not_picked":["Coffee Dripper","Snecko Eye"],"picked":"Sozu"}],"items_purged_floors":[0],"is_endless":false,"potions_floor_spawned":[1,3,5,6,16,23,25,27,28,33,39,41,54],"ascension_level":10}}