{"host":"rt0td7aa3g170xdl","time":1609156271,"event":{"mods":["2.2 Compatiblity","AchievementEnabler","BaseMod","Colored Map","DeckTracker","Keyboard Shortcuts","Minty Spire (QoL Compilation)","Permanent Neow","Quick Restart","SuperFastMode","everything is the same but u backflip on backflip"],"gold_per_floor":[116,116,136,155,169,169,198,198,198,198,212,212,239,249,249,344,344,356,124,143,163,163,163],"floor_reached":22,"playtime":907,"items_purged":["Strike_G"],"score":248,"play_id":"958b94b2-f73b-49c5-870e-c69166156e8e","local_time":"20201228205111","is_ascension_mode":true,"campfire_choices":[{"data":"Poisoned Stab","floor":6.0,"key":"SMITH"},{"data":"Noxious Fumes","floor":8.0,"key":"SMITH"},{"floor":10.0,"key":"REST"},{"data":"Adrenaline","floor":15.0,"key":"SMITH"}],"circlet_count":0,"master_deck":["Strike_G","Strike_G","Strike_G","Defend_G","Defend_G","Defend_G","Defend_G","Defend_G","Survivor","Neutralize+1","Bane","Catalyst","Escape Plan","Noxious Fumes+1","Poisoned Stab+1","Adrenaline+1","Die Die Die","Poisoned Stab","Concentrate+1"],"relics":["Ring of the Serpent","Bottled Flame","WingedGreaves","Akabeko","Bird Faced Urn","TwistedFunnel"],"acts_visited":["Exordium","TheCity"],"potions_floor_usage":[],"damage_taken":[{"damage":3.0,"enemies":"Jaw Worm","floor":1.0,"turns":5.0},{"damage":0.0,"enemies":"Cultist","floor":3.0,"turns":4.0},{"damage":8.0,"enemies":"2 Louse","floor":4.0,"turns":4.0},{"damage":5.0,"enemies":"Exordium Wildlife","floor":5.0,"turns":3.0},{"damage":25.0,"enemies":"Lagavulin","floor":7.0,"turns":8.0},{"damage":0.0,"enemies":"2 Fungi Beasts","floor":11.0,"turns":3.0},{"damage":5.0,"enemies":"3 Sentries","floor":13.0,"turns":6.0},{"damage":8.0,"enemies":"Large Slime","floor":14.0,"turns":4.0},{"damage":13,"enemies":"Hexaghost","floor":16,"turns":9},{"damage":16,"enemies":"Shell Parasite","floor":18,"turns":4},{"damage":0,"enemies":"Spheric Guardian","floor":20,"turns":3},{"damage":34,"enemies":"Snake Plant","floor":21,"turns":4}],"seed_played":"-1671306076046000247","potions_obtained":[{"floor":3.0,"key":"LiquidMemories"},{"floor":4.0,"key":"LiquidMemories"},{"floor":5.0,"key":"Poison Potion"},{"floor":13.0,"key":"GamblersBrew"},{"floor":14.0,"key":"AttackPotion"},{"floor":18,"key":"Energy Potion"}],"is_trial":false,"path_per_floor":["M","?","M","M","M","R","E","R","T","R","M","T","E","M","R","B",null,"M","$","M","M","?"],"character_chosen":"THE_SILENT","items_purchased":["TwistedFunnel"],"campfire_rested":1,"item_purchase_floors":[19],"current_hp_per_floor":[67,67,67,59,54,54,29,29,29,50,50,50,45,39,39,28,60,46,46,48,16,0,0],"gold":163,"neow_bonus":"TRANSFORM_CARD","is_daily":false,"chose_seed":false,"campfire_upgraded":3,"win_rate":0.0,"timestamp":1609156271,"path_taken":["M","?","M","M","M","R","E","R","T","R","?","?","E","M","R","BOSS","M","$","?","M","?"],"items_purchased_type":["Relic"],"build_version":"2020-12-22","purchased_purges":1,"victory":false,"max_hp_per_floor":[70,70,70,70,70,70,70,70,70,70,70,70,70,70,70,70,70,70,70,70,70,70,70],"card_choices":[{"not_picked":["Outmaneuver","Prepared"],"picked":"Catalyst","floor":1.0},{"not_picked":["Sucker Punch","Riddle With Holes"],"picked":"Escape Plan","floor":3.0},{"not_picked":["Reflex","Flying Knee"],"picked":"Noxious Fumes","floor":4.0},{"not_picked":["Dagger Throw","Wraith Form v2"],"picked":"Poisoned Stab","floor":5.0},{"not_picked":["Dodge and Roll","Infinite Blades","Quick Slash"],"picked":"SKIP","floor":7.0},{"not_picked":["Dodge and Roll","Infinite Blades","Quick Slash"],"picked":"SKIP","floor":7.0},{"not_picked":["Caltrops","Outmaneuver","Poisoned Stab"],"picked":"SKIP","floor":11.0},{"not_picked":["Slice","Bane","Deflect"],"picked":"SKIP","floor":13.0},{"not_picked":["Acrobatics","Dagger Spray"],"picked":"Adrenaline","floor":14.0},{"not_picked":["Venomology","Malaise"],"picked":"Die Die Die","floor":16},{"not_picked":["Cloak And Dagger","Expertise+1"],"picked":"Poisoned Stab","floor":18},{"not_picked":["Underhanded Strike+1","Blade Dance","Leg Sweep"],"picked":"SKIP","floor":20},{"not_picked":["Acrobatics+1","Bane"],"picked":"Concentrate+1","floor":21}],"player_experience":301371,"relics_obtained":[{"floor":7.0,"key":"Bottled Flame"},{"floor":9.0,"key":"WingedGreaves"},{"floor":12.0,"key":"Akabeko"},{"floor":13.0,"key":"Bird Faced Urn"}],"event_choices":[{"damage_healed":0.0,"max_hp_gain":0.0,"max_hp_loss":0.0,"gold_gain":0.0,"event_name":"Accursed Blacksmith","player_choice":"Forge","floor":2.0,"gold_loss":0.0,"damage_taken":0.0,"cards_upgraded":["Neutralize"]}],"is_beta":false,"boss_relics":[{"not_picked":["Busted Crown","Snecko Eye"],"picked":"Ring of the Serpent"}],"items_purged_floors":[19],"is_endless":false,"potions_floor_spawned":[3,4,5,11,13,14,18],"ascension_level":5}}