{"host":"hyrsuayny3efwwum","time":1609138235,"event":{"mods":["BaseMod","Bestiary","Colored Map","Highlight Path","Minty Spire (QoL Compilation)","Relic Stats","StSLib"],"gold_per_floor":[112,125,300,300,315,315,45,45,45,89,89,129,161,195,195,297,297,320,365,388,5,5,52,75,84,109,132,132,41,75,94,94,202,202,202,222,245,261,279,324,324,324,324],"floor_reached":42,"playtime":3502,"items_purged":["Doubt"],"score":905,"play_id":"f3cb0df9-074d-4d79-ac0d-eff4cdb2fb47","local_time":"20201228015035","is_ascension_mode":true,"campfire_choices":[{"data":"Chaos","floor":6.0,"key":"SMITH"},{"data":"Sunder","floor":11.0,"key":"SMITH"},{"data":"Darkness","floor":15.0,"key":"SMITH"},{"data":"Defragment","floor":28.0,"key":"SMITH"},{"data":"Double Energy","floor":32,"key":"SMITH"},{"data":"Hologram","floor":41,"key":"SMITH"}],"circlet_count":0,"master_deck":["AscendersBane","Defend_B","Defend_B","Defend_B","Defend_B","Zap","Dualcast","Cold Snap","Auto Shields","Chaos+1","Sunder+1","Darkness+1","Double Energy+1","Undo","Meteor Strike","Redo","Bite","Bite","Bite","Bite","Bite","Skim","Loop","Coolheaded","Glacier","Defragment+1","Aggregate","Turbo","Creative AI","Hologram+1","Madness","Madness","Hologram"],"relics":["FrozenCore","NeowsBlessing","Golden Idol","ClockworkSouvenir","Peace Pipe","Lizard Tail","CeramicFish","Coffee Dripper","Dead Branch","Nilry\u0027s Codex","Bag of Preparation","Dream Catcher","Regal Pillow","Happy Flower"],"acts_visited":["TheCity","TheBeyond"],"potions_floor_usage":[31,35,42],"damage_taken":[{"damage":0.0,"enemies":"Jaw Worm","floor":1.0,"turns":1.0},{"damage":0.0,"enemies":"Small Slimes","floor":2.0,"turns":1.0},{"damage":0.0,"enemies":"Cultist","floor":5.0,"turns":1.0},{"damage":11.0,"enemies":"Lagavulin","floor":10.0,"turns":7.0},{"damage":18.0,"enemies":"3 Sentries","floor":12.0,"turns":8.0},{"damage":1.0,"enemies":"Exordium Thugs","floor":13.0,"turns":3.0},{"damage":0.0,"enemies":"2 Fungi Beasts","floor":14.0,"turns":2.0},{"damage":17.0,"enemies":"Slime Boss","floor":16.0,"turns":7.0},{"damage":5.0,"enemies":"Chosen","floor":18.0,"turns":4.0},{"damage":14.0,"enemies":"3 Byrds","floor":20.0,"turns":5.0},{"damage":27.0,"enemies":"Gremlin Leader","floor":23.0,"turns":6.0},{"damage":4.0,"enemies":"Centurion and Healer","floor":24.0,"turns":9.0},{"damage":13.0,"enemies":"Snake Plant","floor":27.0,"turns":6.0},{"damage":12,"enemies":"Book of Stabbing","floor":30,"turns":8},{"damage":22,"enemies":"3 Cultists","floor":31,"turns":5},{"damage":66,"enemies":"Automaton","floor":33,"turns":8},{"damage":0,"enemies":"3 Darklings","floor":35,"turns":1},{"damage":0,"enemies":"3 Shapes","floor":36,"turns":9},{"damage":36,"enemies":"Jaw Worm Horde","floor":37,"turns":8},{"damage":2,"enemies":"Sphere and 2 Shapes","floor":38,"turns":6},{"damage":28,"enemies":"Reptomancer","floor":40,"turns":8},{"damage":42,"enemies":"Nemesis","floor":42,"turns":5}],"seed_played":"-7942072464577294010","potions_obtained":[{"floor":2.0,"key":"GamblersBrew"},{"floor":5.0,"key":"Energy Potion"},{"floor":13.0,"key":"FairyPotion"},{"floor":18.0,"key":"FocusPotion"},{"floor":33,"key":"SmokeBomb"},{"floor":38,"key":"DistilledChaos"}],"is_trial":false,"path_per_floor":["M","M","?","?","M","R","$","?","T","E","R","E","M","M","R","B",null,"M","?","M","$","?","E","M","?","T","M","R","$","E","M","R","B",null,"M","M","M","M","?","E","R","E"],"character_chosen":"DEFECT","items_purchased":["ClockworkSouvenir","Sunder","Skim","Loop","Dead Branch","Turbo","BlessingOfTheForge"],"campfire_rested":0,"item_purchase_floors":[7,7,21,21,21,29,29],"current_hp_per_floor":[64,64,64,64,64,64,64,64,64,53,53,35,34,34,34,17,54,49,46,42,42,26,15,33,33,33,26,26,26,28,12,12,13,38,38,46,18,26,20,23,23,0,0],"gold":324,"neow_bonus":"THREE_ENEMY_KILL","is_daily":false,"chose_seed":false,"campfire_upgraded":6,"win_rate":0.0,"timestamp":1609138235,"path_taken":["M","M","?","?","?","R","$","?","T","E","R","E","?","M","R","BOSS","M","?","M","$","?","E","M","?","T","M","R","?","E","M","R","BOSS","M","M","?","M","?","E","R","E"],"items_purchased_type":["Relic","Card","Card","Card","Relic","Card","Potion"],"build_version":"2020-12-22","purchased_purges":1,"victory":false,"max_hp_per_floor":[71,71,71,66,66,66,66,66,66,66,66,66,66,66,66,66,66,66,46,46,46,46,46,46,46,46,46,46,46,46,46,46,46,46,46,46,46,46,46,46,46,46,46],"relic_stats":{"Peace Pipe":0,"Lizard Tail":23,"Dream Catcher":0,"Regal Pillow":0,"Happy Flower":[1],"counters":[22,117],"Golden Idol":120,"CeramicFish":198,"Dead Branch":[64],"Bag of Preparation":[22],"obtain_stats":[{"Regal Pillow":30,"NeowsBlessing":0,"Happy Flower":40,"Golden Idol":4,"Nilry\u0027s Codex":22,"CeramicFish":12,"Dead Branch":21,"Bag of Preparation":23,"ClockworkSouvenir":7,"FrozenCore":34,"Peace Pipe":8,"Lizard Tail":10,"Dream Catcher":26,"Coffee Dripper":17,"Cracked Core":0},{"Regal Pillow":14,"NeowsBlessing":0,"Happy Flower":21,"Golden Idol":2,"Nilry\u0027s Codex":10,"CeramicFish":5,"Dead Branch":10,"Bag of Preparation":11,"ClockworkSouvenir":3,"FrozenCore":16,"Peace Pipe":3,"Lizard Tail":4,"Dream Catcher":12,"Coffee Dripper":8,"Cracked Core":0},{"Regal Pillow":68,"NeowsBlessing":0,"Happy Flower":112,"Golden Idol":2,"Nilry\u0027s Codex":39,"CeramicFish":18,"Dead Branch":39,"Bag of Preparation":45,"ClockworkSouvenir":3,"FrozenCore":81,"Peace Pipe":3,"Lizard Tail":10,"Dream Catcher":54,"Coffee Dripper":30,"Cracked Core":0}],"FrozenCore":[4]},"card_choices":[{"not_picked":["Beam Cell","Compile Driver"],"picked":"Cold Snap","floor":1.0},{"not_picked":["Cold Snap","Reprogram"],"picked":"Auto Shields","floor":2.0},{"not_picked":["Skim","Turbo"],"picked":"Chaos","floor":5.0},{"not_picked":["Fusion","Ball Lightning","Storm"],"picked":"SKIP","floor":10.0},{"not_picked":["White Noise","Barrage"],"picked":"Darkness","floor":12.0},{"not_picked":["Steam","Meteor Strike"],"picked":"Double Energy","floor":13.0},{"not_picked":["Double Energy","Coolheaded"],"picked":"Undo","floor":14.0},{"not_picked":["Thunder Strike","All For One"],"picked":"Meteor Strike","floor":16.0},{"not_picked":["Barrage+1","Stack"],"picked":"Redo","floor":18.0},{"not_picked":["Thunder Strike","Streamline","Barrage+1"],"picked":"SKIP","floor":20.0},{"not_picked":["Loop","Melter"],"picked":"Coolheaded","floor":23.0},{"not_picked":["Rebound","Turbo"],"picked":"Glacier","floor":24.0},{"not_picked":["Sweeping Beam","All For One"],"picked":"Aggregate","floor":27.0},{"not_picked":["Melter","Darkness","Ball Lightning"],"picked":"SKIP","floor":30},{"not_picked":["Darkness","Blizzard","Fusion"],"picked":"SKIP","floor":31},{"not_picked":["Thunder Strike","Seek"],"picked":"Creative AI","floor":33},{"not_picked":["Beam Cell","Sweeping Beam","Rebound"],"picked":"SKIP","floor":36},{"not_picked":["Redo","Storm+1"],"picked":"Hologram","floor":37},{"not_picked":["Barrage","Gash","Redo+1"],"picked":"SKIP","floor":38},{"not_picked":["Streamline","Go for the Eyes"],"picked":"Hologram","floor":40}],"player_experience":748422,"relics_obtained":[{"floor":10.0,"key":"Lizard Tail"},{"floor":12.0,"key":"CeramicFish"},{"floor":22.0,"key":"Nilry\u0027s Codex"},{"floor":23.0,"key":"Bag of Preparation"},{"floor":26.0,"key":"Dream Catcher"},{"floor":30,"key":"Regal Pillow"},{"floor":40,"key":"Happy Flower"}],"event_choices":[{"damage_healed":0.0,"max_hp_gain":0.0,"max_hp_loss":0.0,"gold_gain":175.0,"event_name":"Liars Game","player_choice":"AGREE","floor":3.0,"gold_loss":0.0,"damage_taken":0.0,"cards_obtained":["Doubt"]},{"damage_healed":0.0,"max_hp_gain":0.0,"max_hp_loss":5.0,"gold_gain":0.0,"event_name":"Golden Idol","player_choice":"Lose Max HP","floor":4.0,"gold_loss":0.0,"damage_taken":0.0,"relics_obtained":["Golden Idol"]},{"damage_healed":0.0,"max_hp_gain":0.0,"max_hp_loss":0.0,"gold_gain":0.0,"event_name":"WeMeetAgain","player_choice":"Gave Potion","floor":8.0,"gold_loss":0.0,"damage_taken":0.0,"relics_obtained":["Peace Pipe"]},{"damage_healed":0.0,"max_hp_gain":0.0,"max_hp_loss":20.0,"gold_gain":0.0,"event_name":"Vampires","player_choice":"Became a vampire","floor":19.0,"gold_loss":0.0,"damage_taken":0.0,"cards_obtained":["Bite","Bite","Bite","Bite","Bite"]},{"damage_healed":0.0,"max_hp_gain":0.0,"max_hp_loss":0.0,"gold_gain":0.0,"event_name":"Cursed Tome","player_choice":"Obtained Book","floor":22.0,"gold_loss":0.0,"damage_taken":16.0},{"damage_healed":0.0,"max_hp_gain":0.0,"max_hp_loss":0.0,"gold_gain":0.0,"event_name":"The Library","player_choice":"Read","floor":25.0,"gold_loss":0.0,"damage_taken":0.0,"cards_obtained":["Defragment"]},{"damage_healed":0,"gold_gain":0,"player_choice":"Embrace Madness","damage_taken":6,"max_hp_gain":0,"max_hp_loss":0,"event_name":"Winding Halls","floor":39,"gold_loss":0,"cards_obtained":["Madness","Madness"]}],"is_beta":false,"boss_relics":[{"not_picked":["Busted Crown","Ectoplasm"],"picked":"Coffee Dripper"},{"not_picked":["SacredBark","Nuclear Battery"],"picked":"FrozenCore"}],"items_purged_floors":[7],"is_endless":false,"potions_floor_spawned":[2,5,13,14,18,20,30,33,35,38],"killed_by":"Nemesis","ascension_level":14}}