{"host":"tb138zs7vhci6g1j","time":1609194111,"event":{"mods":["2.2 Compatiblity","Aspiration","BaseMod","Better Note","Friendly Minions","Minty Spire (QoL Compilation)","RNG Fix","Rare Cards Sparkle","StSLib","The Marked"],"gold_per_floor":[112,126,126,76,76,107,107,123,123,134,148,148,223,258,258,354,354,369,380,397,397,487,487,487,487,541,541,81,98,126,159,159,257,257,267,317,539,549,549,584,584,614,614,614,630,72,83,83,83,83],"floor_reached":51,"playtime":3017,"items_purged":["theMarked:Strike"],"score":887,"play_id":"ee420787-db9b-443c-b730-a492d0cf8dae","local_time":"20201229002151","is_ascension_mode":true,"campfire_choices":[{"data":"theMarked:HeightenedSenses","floor":7,"key":"SMITH"},{"data":"theMarked:SwordAndMagic","floor":12,"key":"SMITH"},{"floor":15,"key":"REST"},{"floor":23,"key":"REST"},{"floor":25,"key":"REST"},{"floor":27,"key":"REST"},{"floor":49,"key":"REST"}],"circlet_count":0,"master_deck":["theMarked:Strike","theMarked:Defend","theMarked:Defend","theMarked:Defend","theMarked:Defend","theMarked:SoldierOfQuellstein+1","theMarked:HeightenedSenses+1","theMarked:SwordAndMagic+1","theMarked:Improvise+1","theMarked:HeightenedSenses+1","theMarked:SoldierForm+1","theMarked:Indomitable+1","theMarked:Generate+1","theMarked:SummonStrength+1","theMarked:SoldierOfQuellstein+1","theMarked:RepellingDischarge+1","theMarked:SuspiciousRaven+1","theMarked:TwofoldDefense+1","theMarked:Challenge+1","theMarked:TakeCover+1","theMarked:TurnInvisible+1","theMarked:TakeCover+1","Dark Shackles+1","theMarked:FavorableWinds+1","Mayhem+1","theMarked:ParalyzingBlade+1"],"relics":["theMarked:ArtifactOfAir","NeowsBlessing","Toxic Egg 2","Frozen Egg 2","Meat on the Bone","Letter Opener","Fusion Hammer","Juzu Bracelet","aspiration:HatOfInfinitePower","Art of War","Bottled Lightning","Red Mask","theMarked:Eyepatch","StoneCalendar","Blue Candle","aspiration:FetidBarrel","theMarked:Gun","Bronze Scales"],"acts_visited":["Exordium","TheCity","TheBeyond"],"potions_floor_usage":[14,33,33,40,42,50],"damage_taken":[{"damage":0,"enemies":"2 Louse","floor":1,"turns":1},{"damage":0,"enemies":"Jaw Worm","floor":2,"turns":1},{"damage":0,"enemies":"Lagavulin","floor":6,"turns":1},{"damage":0,"enemies":"Small Slimes","floor":8,"turns":2},{"damage":3,"enemies":"Blue Slaver","floor":10,"turns":3},{"damage":1,"enemies":"Large Slime","floor":11,"turns":5},{"damage":15,"enemies":"3 Sentries","floor":14,"turns":5},{"damage":42,"enemies":"The Guardian","floor":16,"turns":9},{"damage":2,"enemies":"Chosen","floor":18,"turns":3},{"damage":19,"enemies":"2 Thieves","floor":19,"turns":4},{"damage":23,"enemies":"Snecko","floor":20,"turns":4},{"damage":15,"enemies":"Shelled Parasite and Fungi","floor":29,"turns":4},{"damage":6,"enemies":"Gremlin Leader","floor":30,"turns":4},{"damage":20,"enemies":"Masked Bandits","floor":31,"turns":5},{"damage":53,"enemies":"Automaton","floor":33,"turns":8},{"damage":19,"enemies":"3 Darklings","floor":35,"turns":7},{"damage":12,"enemies":"Mind Bloom Boss Battle","floor":36,"turns":8},{"damage":0,"enemies":"Orb Walker","floor":38,"turns":4},{"damage":36,"enemies":"Giant Head","floor":40,"turns":7},{"damage":13,"enemies":"Reptomancer","floor":42,"turns":6},{"damage":7,"enemies":"3 Darklings","floor":45,"turns":6},{"damage":0,"enemies":"Maw","floor":47,"turns":6},{"damage":47,"enemies":"Awakened One","floor":50,"turns":13}],"seed_played":"-8297738979610992315","potions_obtained":[{"floor":1,"key":"FearPotion"},{"floor":6,"key":"Energy Potion"},{"floor":10,"key":"PowerPotion"},{"floor":20,"key":"ColorlessPotion"},{"floor":29,"key":"Regen Potion"},{"floor":36,"key":"AttackPotion"},{"floor":42,"key":"theMarked:ChargePotion"},{"floor":47,"key":"Explosive Potion"}],"is_trial":false,"path_per_floor":["M","M","?","?","?","E","R","M","T","M","M","R","?","E","R","B",null,"M","M","M","?","?","R","?","R","T","R","$","M","E","?","R","B",null,"M","?","?","M","?","E","?","E","T","?","M","$","M","?","R","B",null],"character_chosen":"THE_DEFAULT","items_purchased":["aspiration:HatOfInfinitePower","Art of War","Bronze Scales","theMarked:FavorableWinds+1","Mayhem+1"],"campfire_rested":5,"item_purchase_floors":[28,28,46,46,46],"current_hp_per_floor":[70,70,70,70,70,70,70,70,70,67,66,66,59,44,65,35,70,68,49,38,38,26,47,47,68,68,70,70,55,49,41,41,15,70,51,39,39,39,39,15,15,14,14,14,19,19,31,38,59,24],"gold":83,"neow_bonus":"THREE_ENEMY_KILL","is_daily":false,"chose_seed":false,"campfire_upgraded":2,"win_rate":0.0,"timestamp":1609194111,"path_taken":["M","M","?","?","?","E","R","M","T","?","M","R","?","E","R","BOSS","M","M","?","?","?","R","?","R","T","R","?","M","E","?","R","BOSS","M","?","?","M","?","E","?","E","T","?","M","$","M","?","R","BOSS"],"items_purchased_type":["Relic","Relic","Relic","Card","Card"],"build_version":"2020-12-22","purchased_purges":1,"victory":true,"max_hp_per_floor":[70,70,70,70,70,70,70,70,70,70,70,70,70,70,70,70,70,70,70,70,70,70,70,70,70,70,70,70,70,70,70,70,70,70,70,70,70,70,70,70,70,70,70,70,70,70,70,70,70,70],"card_choices":[{"not_picked":["theMarked:Panic","theMarked:Frustration"],"picked":"theMarked:HeightenedSenses","floor":1},{"not_picked":["theMarked:Parkour","theMarked:Static"],"picked":"theMarked:SwordAndMagic","floor":2},{"not_picked":["theMarked:WastefulAttack","theMarked:Static+1"],"picked":"theMarked:Improvise+1","floor":6},{"not_picked":["theMarked:Aftermath+1","theMarked:Static+1"],"picked":"theMarked:HeightenedSenses+1","floor":8},{"not_picked":["theMarked:MaelstromOfLightning+1","theMarked:DeterminationOfTheMarked+1"],"picked":"theMarked:SoldierForm+1","floor":10},{"not_picked":["theMarked:WastefulDefense+1","theMarked:ResourceFulStrike"],"picked":"theMarked:Indomitable+1","floor":11},{"not_picked":["theMarked:Electrocute","theMarked:Polarize+1"],"picked":"theMarked:Generate+1","floor":14},{"not_picked":["theMarked:DispelDoubt","theMarked:SoldierForm+1"],"picked":"theMarked:SummonStrength+1","floor":16},{"not_picked":["theMarked:Improvise+1","theMarked:BanishingStrike","theMarked:StartUp"],"picked":"SKIP","floor":18},{"not_picked":["theMarked:Reabsorb+1","theMarked:Parkour+1","theMarked:ContemptForTheProud"],"picked":"SKIP","floor":19},{"not_picked":["theMarked:Improvise+1","theMarked:Convert+1","theMarked:BanishingStrike"],"picked":"SKIP","floor":20},{"not_picked":["theMarked:Static+1","theMarked:Polarize+1","theMarked:Improvise+1"],"picked":"SKIP","floor":29},{"not_picked":["theMarked:Overthink+1","theMarked:BanishingWave"],"picked":"theMarked:RepellingDischarge+1","floor":30},{"not_picked":["theMarked:Snap","theMarked:ChannelForce+1"],"picked":"theMarked:SuspiciousRaven+1","floor":33},{"not_picked":["theMarked:Improvise+1","theMarked:Frustration"],"picked":"theMarked:TwofoldDefense+1","floor":35},{"not_picked":["theMarked:Parkour+1","theMarked:Improvise+1"],"picked":"theMarked:Challenge+1","floor":38},{"not_picked":["theMarked:ChainLightning+1","theMarked:ContemptForTheProud"],"picked":"theMarked:TakeCover+1","floor":40},{"not_picked":["theMarked:GodGivenPower+1","theMarked:Seal+1"],"picked":"theMarked:TakeCover+1","floor":42},{"not_picked":["Blind+1","Purity+1"],"picked":"Dark Shackles+1","floor":44},{"not_picked":["theMarked:Generate+1","theMarked:ElectricStrings+1","theMarked:Static+1"],"picked":"SKIP","floor":45},{"not_picked":["theMarked:SwordAndMagic","theMarked:PowerFlow+1"],"picked":"theMarked:ParalyzingBlade+1","floor":47}],"player_experience":1709967,"relics_obtained":[{"floor":6,"key":"Frozen Egg 2"},{"floor":9,"key":"Meat on the Bone"},{"floor":14,"key":"Letter Opener"},{"floor":26,"key":"Juzu Bracelet"},{"floor":30,"key":"Bottled Lightning"},{"floor":31,"key":"Red Mask"},{"floor":36,"key":"StoneCalendar"},{"floor":40,"key":"Blue Candle"},{"floor":42,"key":"aspiration:FetidBarrel"},{"floor":43,"key":"theMarked:Gun"}],"event_choices":[{"cards_removed":["Injury"],"damage_healed":0,"gold_gain":0,"player_choice":"Card Removal","damage_taken":0,"max_hp_gain":0,"max_hp_loss":0,"event_name":"The Cleric","floor":4,"gold_loss":50},{"damage_healed":0,"gold_gain":0,"player_choice":"Grow","damage_taken":0,"max_hp_gain":0,"max_hp_loss":0,"event_name":"Living Wall","floor":5,"gold_loss":0,"cards_upgraded":["theMarked:SoldierOfQuellstein"]},{"damage_healed":0,"gold_gain":75,"player_choice":"Touch","damage_taken":7,"max_hp_gain":0,"max_hp_loss":0,"event_name":"FaceTrader","floor":13,"gold_loss":0},{"cards_removed":["theMarked:Strike"],"damage_healed":0,"gold_gain":0,"player_choice":"Offered Basic","damage_taken":0,"max_hp_gain":0,"max_hp_loss":0,"event_name":"Bonfire Elementals","floor":21,"gold_loss":0},{"damage_healed":0,"gold_gain":90,"player_choice":"GOLD ","damage_taken":12,"max_hp_gain":0,"max_hp_loss":0,"event_name":"Knowing Skull","floor":22,"potions_obtained":[],"gold_loss":0,"cards_obtained":[]},{"cards_removed":["theMarked:SoldierOfQuellstein"],"damage_healed":0,"gold_gain":0,"player_choice":"Take \u0026 Give","damage_taken":0,"max_hp_gain":0,"max_hp_loss":0,"event_name":"betterNote:BetterNote","floor":24,"gold_loss":0,"cards_obtained":["theMarked:SoldierOfQuellstein"]},{"damage_healed":0,"gold_gain":0,"player_choice":"Fought Bandits","damage_taken":0,"max_hp_gain":0,"max_hp_loss":0,"event_name":"Masked Bandits","floor":31,"gold_loss":0},{"damage_healed":0,"gold_gain":0,"player_choice":"Fight","damage_taken":0,"max_hp_gain":0,"max_hp_loss":0,"event_name":"MindBloom","floor":36,"gold_loss":0},{"damage_healed":0,"gold_gain":222,"player_choice":"Wore Mask","damage_taken":0,"max_hp_gain":0,"max_hp_loss":0,"event_name":"Tomb of Lord Red Mask","floor":37,"gold_loss":0},{"cards_removed":["theMarked:Strike"],"damage_healed":0,"gold_gain":0,"player_choice":"Removed Attack","damage_taken":0,"max_hp_gain":0,"max_hp_loss":0,"event_name":"Falling","floor":39,"gold_loss":0},{"damage_healed":0,"gold_gain":0,"cards_transformed":["theMarked:Strike"],"player_choice":"Transformed","damage_taken":0,"max_hp_gain":0,"max_hp_loss":0,"event_name":"Transmorgrifier","floor":41,"gold_loss":0,"cards_obtained":["theMarked:TurnInvisible"]},{"damage_healed":0,"gold_gain":0,"player_choice":"Memory 1","damage_taken":0,"max_hp_gain":0,"max_hp_loss":0,"event_name":"SensoryStone","floor":44,"gold_loss":0}],"is_beta":false,"boss_relics":[{"not_picked":["aspiration:RitualDagger","Pandora\u0027s Box"],"picked":"Fusion Hammer"},{"not_picked":["aspiration:FutureDiary","Velvet Choker"],"picked":"theMarked:Eyepatch"}],"items_purged_floors":[46],"is_endless":false,"potions_floor_spawned":[1,6,10,20,29,36,42,47],"ascension_level":3}}