{"host":"yo9wwslrag05lh37","time":1609189976,"event":{"mods":["AchievementEnabler","BaseMod","Block Reminder","Colored Map","Colored Powertips","GifTheSpireLib","HexUI Lib","Highlight Path","Minty Spire (QoL Compilation)","Rare Cards Sparkle","Relic Stats","StSLib","everything is the same but u backflip on backflip"],"gold_per_floor":[110,35,50,50,66,101,1,1,71,90,90,101,127,146,146,223,223,240,184,196,42,58,58,58,76,76,176,176,176],"floor_reached":28,"playtime":1202,"items_purged":["Entrench","Clash"],"score":460,"play_id":"6a4d6a85-5c14-4a1e-8ff4-a4c39f4a42d3","local_time":"20201228221256","is_ascension_mode":true,"campfire_choices":[{"data":"Body Slam","floor":8.0,"key":"SMITH"},{"data":"Whirlwind","floor":11.0,"key":"SMITH"},{"data":"Fire Breathing","floor":15.0,"key":"SMITH"},{"floor":23.0,"key":"REST"}],"circlet_count":0,"master_deck":["AscendersBane","Power Through","Body Slam+1","Whirlwind+1","Sentinel","Metallicize","Shrug It Off","Fire Breathing+1","Rampage","Headbutt","Immolate","Dropkick","Barricade","True Grit","Dual Wield","True Grit","Uppercut","Ghostly","Ghostly","Ghostly","Flame Barrier"],"relics":["Pandora\u0027s Box","Bronze Scales","Mercury Hourglass","Pantograph","Empty Cage","HornCleat","Du-Vu Doll"],"acts_visited":["Exordium","TheCity"],"potions_floor_usage":[27],"damage_taken":[{"damage":3.0,"enemies":"Cultist","floor":1.0,"turns":3.0},{"damage":0.0,"enemies":"Jaw Worm","floor":3.0,"turns":5.0},{"damage":0.0,"enemies":"Small Slimes","floor":5.0,"turns":4.0},{"damage":12.0,"enemies":"3 Sentries","floor":6.0,"turns":4.0},{"damage":0.0,"enemies":"2 Fungi Beasts","floor":10.0,"turns":2.0},{"damage":11.0,"enemies":"Exordium Thugs","floor":12.0,"turns":3.0},{"damage":8.0,"enemies":"Gremlin Nob","floor":13.0,"turns":3.0},{"damage":12.0,"enemies":"Red Slaver","floor":14.0,"turns":3.0},{"damage":6.0,"enemies":"Hexaghost","floor":16.0,"turns":7.0},{"damage":29.0,"enemies":"Shell Parasite","floor":18.0,"turns":5.0},{"damage":0.0,"enemies":"3 Byrds","floor":20.0,"turns":2.0},{"damage":25.0,"enemies":"Centurion and Healer","floor":22.0,"turns":7.0},{"damage":12.0,"enemies":"Shelled Parasite and Fungi","floor":25.0,"turns":8.0},{"damage":12,"enemies":"Colosseum Slavers","floor":27,"turns":2},{"damage":0,"enemies":"Colosseum Nobs","floor":27,"turns":5},{"damage":14,"enemies":"Sentry and Sphere","floor":28,"turns":3}],"seed_played":"-5467026021903061994","potions_obtained":[{"floor":1.0,"key":"SpeedPotion"},{"floor":3.0,"key":"DuplicationPotion"},{"floor":12.0,"key":"PowerPotion"},{"floor":14.0,"key":"SteroidPotion"},{"floor":18.0,"key":"DuplicationPotion"},{"floor":25.0,"key":"LiquidBronze"}],"is_trial":false,"path_per_floor":["M","$","M","?","M","E","$","R","T","M","R","M","E","M","R","B",null,"M","$","M","$","M","R","?","M","T","?","M"],"character_chosen":"IRONCLAD","items_purchased":["True Grit","True Grit","Fire Potion","Uppercut"],"campfire_rested":1,"item_purchase_floors":[19,21,21,21],"current_hp_per_floor":[65,65,65,65,65,53,53,53,53,53,53,42,34,22,22,41,67,38,38,38,38,13,35,35,23,23,11,0,0],"gold":176,"neow_bonus":"BOSS_RELIC","is_daily":false,"chose_seed":false,"campfire_upgraded":3,"win_rate":0.0,"timestamp":1609189976,"path_taken":["M","?","M","?","M","E","?","R","T","M","R","M","E","M","R","BOSS","M","$","M","$","M","R","?","M","T","?","M"],"items_purchased_type":["Card","Card","Potion","Card"],"build_version":"2020-12-22","purchased_purges":2,"victory":false,"max_hp_per_floor":[75,75,75,75,75,75,75,75,75,75,75,75,75,75,75,75,75,75,75,75,75,75,75,37,37,37,37,37,37],"relic_stats":{"counters":[16,66],"Bronze Scales":[131],"Pantograph":25,"Pandora\u0027s Box":["Power Through","Body Slam","Whirlwind","Twin Strike","Sentinel","Entrench","Clash","Metallicize","Shrug It Off"],"obtain_stats":[{"Du-Vu Doll":27,"HornCleat":26,"Bronze Scales":6,"Pantograph":13,"Pandora\u0027s Box":0,"Empty Cage":17,"Burning Blood":0,"Mercury Hourglass":9},{"Du-Vu Doll":15,"HornCleat":13,"Bronze Scales":4,"Pantograph":7,"Pandora\u0027s Box":0,"Empty Cage":9,"Burning Blood":0,"Mercury Hourglass":4},{"Du-Vu Doll":63,"HornCleat":56,"Bronze Scales":16,"Pantograph":24,"Pandora\u0027s Box":0,"Empty Cage":34,"Burning Blood":0,"Mercury Hourglass":16}],"Mercury Hourglass":[162]},"card_choices":[{"not_picked":["Shrug It Off","Wild Strike"],"picked":"Fire Breathing","floor":1.0},{"not_picked":["Heavy Blade","Perfected Strike","Reckless Charge"],"picked":"SKIP","floor":3.0},{"not_picked":["Iron Wave","Heavy Blade"],"picked":"Rampage","floor":5.0},{"not_picked":["Heavy Blade","Twin Strike","Flex"],"picked":"SKIP","floor":6.0},{"not_picked":["Anger","Heavy Blade"],"picked":"Headbutt","floor":10.0},{"not_picked":["Twin Strike","Dark Embrace"],"picked":"Immolate","floor":12.0},{"not_picked":["Iron Wave","Warcry","Ghostly Armor"],"picked":"SKIP","floor":13.0},{"not_picked":["Sever Soul","Anger"],"picked":"Dropkick","floor":14.0},{"not_picked":["Berserk","Brutality"],"picked":"Barricade","floor":16.0},{"not_picked":["Perfected Strike","Heavy Blade","Cleave"],"picked":"SKIP","floor":18.0},{"not_picked":["Thunderclap","Body Slam"],"picked":"Dual Wield","floor":20.0},{"not_picked":["Intimidate","Headbutt","Reckless Charge"],"picked":"SKIP","floor":22.0},{"not_picked":["Perfected Strike+1","Iron Wave","Thunderclap"],"picked":"SKIP","floor":25.0},{"not_picked":["Ghostly Armor","Warcry"],"picked":"Flame Barrier","floor":27}],"player_experience":1400553,"relics_obtained":[{"floor":6.0,"key":"Bronze Scales"},{"floor":9.0,"key":"Mercury Hourglass"},{"floor":13.0,"key":"Pantograph"},{"floor":26.0,"key":"HornCleat"},{"floor":27,"key":"Du-Vu Doll"}],"event_choices":[{"damage_healed":0.0,"max_hp_gain":0.0,"max_hp_loss":0.0,"gold_gain":0.0,"event_name":"Liars Game","player_choice":"Ignored","floor":4.0,"gold_loss":0.0,"damage_taken":0.0},{"damage_healed":0.0,"max_hp_gain":0.0,"max_hp_loss":38.0,"gold_gain":0.0,"event_name":"Ghosts","player_choice":"Became a Ghost","floor":24.0,"gold_loss":0.0,"damage_taken":0.0,"cards_obtained":["Ghostly","Ghostly","Ghostly"]},{"damage_healed":0,"gold_gain":0,"player_choice":"Fight","damage_taken":0,"max_hp_gain":0,"max_hp_loss":0,"event_name":"Colosseum","floor":27,"gold_loss":0},{"damage_healed":0,"gold_gain":0,"player_choice":"Fought Nobs","damage_taken":0,"max_hp_gain":0,"max_hp_loss":0,"event_name":"Colosseum","floor":27,"gold_loss":0}],"is_beta":false,"boss_relics":[{"not_picked":["Mark of Pain","Tiny House"],"picked":"Empty Cage"}],"items_purged_floors":[2,7],"is_endless":false,"potions_floor_spawned":[1,3,12,14,18,25,27],"killed_by":"Sentry and Sphere","ascension_level":20}}