{"host":"2cyf8dghbnnkmltz","time":1609139078,"event":{"mods":["BaseMod","Hermit","Minty Spire (QoL Compilation)","StSLib","The Servant 0.9.4"],"gold_per_floor":[110,285,98,173,188,216,216,116,116,116,19,39,49,77,77,176,176,193,193,193,207,224,224,99,99,99,126,208,237,237,269,269,373,373,390,390,403,3,3,333,346,358,358,358,375,425,451,451,451,451,451,451,0,30,30,30],"floor_reached":55,"playtime":5700,"items_purged":["Doubt","Strike_S","Strike_S","Collapse"],"score":878,"play_id":"1b35a613-f9bf-4a33-8c8f-55c04c845800","local_time":"20201228150438","is_ascension_mode":true,"campfire_choices":[{"floor":7.0,"key":"REST"},{"data":"BottledTime","floor":10.0,"key":"SMITH"},{"data":"BottledTime","floor":15.0,"key":"SMITH"},{"data":"BestPractice","floor":23.0,"key":"SMITH"},{"data":"BestPractice","floor":30.0,"key":"SMITH"},{"data":"Solidify","floor":32.0,"key":"SMITH"},{"floor":44.0,"key":"RECALL"},{"floor":49.0,"key":"REST"},{"data":"TheWorld","floor":52,"key":"SMITH"}],"circlet_count":0,"master_deck":["KidneyShot","Exchange","LightFlow","BottledTime+1","StarChef","BestPractice+1","Solidify+1","BestPractice+1","BottledTime+1","Luminosity","Rearm","KillingDoll","Read","SilverBlades+1","Contraction+1","BottledTime+1","GearUp+1","TheWorld+1","Replace","Foresight+1","Foresight+1","Deny","RealityMarble+1","DoubleEdge+1","Defy","BottledTime+1"],"relics":["SplendidAttire","Bird Faced Urn","Meat on the Bone","Frozen Egg 2","Nilry\u0027s Codex","Pear","Unceasing Top","Ornamental Fan","Blood Vial","Oddly Smooth Stone","Pandora\u0027s Box","Pantograph","Medical Kit","Old Coin","Calipers","Juzu Bracelet","Toolbox","Thread and Needle"],"acts_visited":["Exordium","TheCity","TheBeyond","TheEnding"],"potions_floor_usage":[50,50,54,55],"damage_taken":[{"damage":0.0,"enemies":"Small Slimes","floor":1.0,"turns":2.0},{"damage":11.0,"enemies":"Jaw Worm","floor":5.0,"turns":5.0},{"damage":10.0,"enemies":"Lagavulin","floor":6.0,"turns":7.0},{"damage":0.0,"enemies":"Cultist","floor":12.0,"turns":2.0},{"damage":11.0,"enemies":"Large Slime","floor":13.0,"turns":5.0},{"damage":19.0,"enemies":"3 Sentries","floor":14.0,"turns":5.0},{"damage":24.0,"enemies":"The Guardian","floor":16.0,"turns":8.0},{"damage":2.0,"enemies":"Shell Parasite","floor":18.0,"turns":5.0},{"damage":4.0,"enemies":"Chosen","floor":21.0,"turns":4.0},{"damage":12.0,"enemies":"Shelled Parasite and Fungi","floor":22.0,"turns":2.0},{"damage":42.0,"enemies":"Gremlin Leader","floor":27.0,"turns":6.0},{"damage":26.0,"enemies":"Slavers","floor":29.0,"turns":2.0},{"damage":11.0,"enemies":"Book of Stabbing","floor":31.0,"turns":5.0},{"damage":0.0,"enemies":"Automaton","floor":33.0,"turns":6.0},{"damage":15.0,"enemies":"3 Darklings","floor":35.0,"turns":3.0},{"damage":15.0,"enemies":"3 Shapes","floor":37.0,"turns":7.0},{"damage":60.0,"enemies":"Reptomancer","floor":40.0,"turns":4.0},{"damage":4.0,"enemies":"Transient","floor":41.0,"turns":5.0},{"damage":32.0,"enemies":"Sphere and 2 Shapes","floor":42.0,"turns":13.0},{"damage":18.0,"enemies":"4 Shapes","floor":45.0,"turns":6.0},{"damage":13.0,"enemies":"Mind Bloom Boss Battle","floor":46.0,"turns":6.0},{"damage":39.0,"enemies":"Nemesis","floor":47.0,"turns":5.0},{"damage":58,"enemies":"Awakened One","floor":50,"turns":9},{"damage":68,"enemies":"Shield and Spear","floor":54,"turns":5},{"damage":68,"enemies":"The Heart","floor":55,"turns":14}],"seed_played":"-1910639968258865673","potions_obtained":[{"floor":6.0,"key":"Explosive Potion"},{"floor":12.0,"key":"CultistPotion"},{"floor":13.0,"key":"Weak Potion"},{"floor":21.0,"key":"Strength Potion"},{"floor":33.0,"key":"FearPotion"},{"floor":37.0,"key":"Ancient Potion"},{"floor":42.0,"key":"SkillPotion"},{"floor":47.0,"key":"ColorlessPotion"}],"is_trial":false,"path_per_floor":["M","?","$","?","M","E","R","$","T","R","$","M","M","E","R","B",null,"M","?","?","M","M","R","$","?","T","E","T","E","R","E","R","B",null,"M","?","M","$","?","E","M","M","T","R","M","?","E","?","R","B",null,"R","$","E","B"],"character_chosen":"THE_SERVANT","items_purchased":["Collapse","StarChef","BestPractice","BottledTime","Pantograph","Medical Kit","PowerPotion","Strength Potion","Toolbox","Defy"],"campfire_rested":2,"item_purchase_floors":[3,3,11,11,38,38,53,53,53,53],"current_hp_per_floor":[47,47,47,36,25,15,34,34,34,34,34,36,41,40,40,36,65,65,65,49,57,51,51,51,51,61,41,41,31,31,44,44,58,75,62,62,62,62,62,24,40,46,46,46,48,66,38,38,59,29,71,71,71,21,0,0],"gold":30,"neow_bonus":"THREE_RARE_CARDS","is_daily":false,"chose_seed":false,"campfire_upgraded":6,"win_rate":0.0,"timestamp":1609139078,"path_taken":["M","?","$","?","M","E","R","?","T","R","$","?","M","E","R","BOSS","M","?","?","M","M","R","$","?","T","E","?","E","R","E","R","BOSS","M","?","M","$","?","E","M","M","T","R","M","?","E","?","R","BOSS","R","$","E","BOSS"],"items_purchased_type":["Card","Card","Card","Card","Relic","Relic","Potion","Potion","Relic","Card"],"build_version":"2020-12-22","purchased_purges":4,"victory":false,"max_hp_per_floor":[65,65,65,65,65,65,65,65,65,65,65,65,65,65,65,65,65,65,65,65,65,65,65,65,65,75,75,75,75,75,75,75,75,75,75,71,71,71,71,71,71,71,71,71,71,71,71,71,71,71,71,71,71,71,71,71],"card_choices":[{"not_picked":["Initiator","FloweringNight"],"picked":"LightFlow","floor":0.0},{"not_picked":["Starlight","Reset"],"picked":"BottledTime","floor":1.0},{"not_picked":["Revamp","Spin"],"picked":"BestPractice","floor":5.0},{"not_picked":["ReturningBlade","Spin"],"picked":"Solidify","floor":6.0},{"not_picked":["ShatteredReality","Reset","Spin"],"picked":"SKIP","floor":12.0},{"not_picked":["Spin","Unruled"],"picked":"Luminosity","floor":13.0},{"not_picked":["SpecialFormula","DoubleEdge"],"picked":"Rearm","floor":14.0},{"not_picked":["Dilation","SoulSculpture"],"picked":"KillingDoll","floor":16.0},{"not_picked":["Revamp+1","Unruled"],"picked":"Read","floor":18.0},{"not_picked":["FastForward","Moonlight+1","Shuttle"],"picked":"SKIP","floor":21.0},{"not_picked":["Reset","TimeWarp"],"picked":"Contraction+1","floor":22.0},{"not_picked":["Revamp+1","Rewind+1"],"picked":"BottledTime+1","floor":27.0},{"not_picked":["Spin","Foresight+1"],"picked":"GearUp+1","floor":29.0},{"not_picked":["TimeWarp","Comet","SpecialFormula"],"picked":"SKIP","floor":31.0},{"not_picked":["FloweringNight+1","Deny"],"picked":"TheWorld","floor":33.0},{"not_picked":["Barrier+1","Desolation+1","Rewind+1"],"picked":"SKIP","floor":35.0},{"not_picked":["Manipulate","Replace+1","Gouge+1"],"picked":"SKIP","floor":37.0},{"not_picked":["Desolation","Contraction+1"],"picked":"RealityMarble+1","floor":40.0},{"not_picked":["FastForward","Alleviate","Comet"],"picked":"SKIP","floor":41.0},{"not_picked":["Potential","Starlight+1"],"picked":"DoubleEdge+1","floor":42.0},{"not_picked":["Rearm","Rewind+1","Barrier"],"picked":"SKIP","floor":45.0},{"not_picked":["Defy","RealityMarble+1","DoubleEdge"],"picked":"SKIP","floor":47.0},{"not_picked":["ShatteredReality","Manipulate+1"],"picked":"BottledTime+1","floor":54}],"player_experience":1125357,"relics_obtained":[{"floor":6.0,"key":"Bird Faced Urn"},{"floor":9.0,"key":"Meat on the Bone"},{"floor":14.0,"key":"Frozen Egg 2"},{"floor":20.0,"key":"Nilry\u0027s Codex"},{"floor":26.0,"key":"Pear"},{"floor":27.0,"key":"Unceasing Top"},{"floor":28.0,"key":"Ornamental Fan"},{"floor":29.0,"key":"Blood Vial"},{"floor":31.0,"key":"Oddly Smooth Stone"},{"floor":40.0,"key":"Old Coin"},{"floor":46.0,"key":"Calipers"},{"floor":47.0,"key":"Juzu Bracelet"},{"floor":54,"key":"Thread and Needle"}],"event_choices":[{"damage_healed":0.0,"max_hp_gain":0.0,"max_hp_loss":0.0,"gold_gain":175.0,"event_name":"Liars Game","player_choice":"AGREE","floor":2.0,"gold_loss":0.0,"damage_taken":0.0,"cards_obtained":["Doubt"]},{"damage_healed":0.0,"max_hp_gain":0.0,"max_hp_loss":0.0,"gold_gain":75.0,"event_name":"World of Goop","player_choice":"Gather Gold","floor":4.0,"gold_loss":0.0,"damage_taken":11.0},{"damage_healed":0.0,"max_hp_gain":0.0,"max_hp_loss":0.0,"gold_gain":0.0,"event_name":"The Library","player_choice":"Read","floor":19.0,"gold_loss":0.0,"damage_taken":0.0,"cards_obtained":["SilverBlades"]},{"damage_healed":0.0,"max_hp_gain":0.0,"max_hp_loss":0.0,"gold_gain":0.0,"event_name":"Cursed Tome","player_choice":"Obtained Book","floor":20.0,"gold_loss":0.0,"damage_taken":16.0},{"cards_removed":["Strike_S"],"damage_healed":0.0,"max_hp_gain":0.0,"max_hp_loss":0.0,"gold_gain":0.0,"event_name":"Back to Basics","player_choice":"Elegance","floor":25.0,"gold_loss":0.0,"damage_taken":0.0},{"damage_healed":0.0,"max_hp_gain":0.0,"max_hp_loss":4.0,"gold_gain":0.0,"event_name":"Winding Halls","player_choice":"Max HP","floor":36.0,"gold_loss":0.0,"damage_taken":0.0},{"cards_removed":["Foresight"],"damage_healed":0.0,"max_hp_gain":0.0,"max_hp_loss":0.0,"gold_gain":0.0,"event_name":"Falling","player_choice":"Removed Power","floor":39.0,"gold_loss":0.0,"damage_taken":0.0},{"damage_healed":0.0,"max_hp_gain":0.0,"max_hp_loss":0.0,"gold_gain":0.0,"event_name":"MindBloom","player_choice":"Fight","floor":46.0,"gold_loss":0.0,"damage_taken":0.0},{"damage_healed":0.0,"max_hp_gain":0.0,"max_hp_loss":0.0,"gold_gain":0.0,"event_name":"Tomb of Lord Red Mask","player_choice":"Ignored","floor":48.0,"gold_loss":0.0,"damage_taken":0.0}],"is_beta":false,"boss_relics":[{"not_picked":["Snecko Eye","Empty Cage"],"picked":"SplendidAttire"},{"not_picked":["Busted Crown","Black Star"],"picked":"Pandora\u0027s Box"}],"items_purged_floors":[3,8,24,53],"is_endless":false,"potions_floor_spawned":[6,12,13,21,33,37,42,45,47],"killed_by":"The Heart","ascension_level":1}}