{"host":"l7l2v2zs4hqku4vk","time":1609156317,"event":{"mods":["Act Like it!","BaseMod","Colored Powertips","Highlight Path","Minty Spire (QoL Compilation)","Replay The Spire","RumiaBox-露米娅的神秘盒子","StSLib","TestMod","The Servant 0.9.4","篝火指南"],"gold_per_floor":[114,189,169,186,3,33,45,76,100,100,113,113,148,158,158,231,231,250,200,212,212,223,223,223,223,223,254,284,304,203,234,234,311,311,341,120,342,84,84,84,98,126,126,126,126,153,168,195,145,145,145,145,145,95,123,123],"floor_reached":57,"playtime":4147,"items_purged":["Strike_G","Strike_G","CommonCold","Strike_G","Defend_G","Normality","Masterful Stab"],"score":2288,"play_id":"9ef337e6-1d67-4c00-9392-2b269b4f24a8","local_time":"20201228195157","is_ascension_mode":true,"campfire_choices":[{"data":"Trip","floor":10,"key":"SMITH"},{"data":"Defend_G","floor":12,"key":"SMITH"},{"data":"Defend_G+1","floor":15,"key":"SMITH"},{"data":"Dagger Spray","floor":23,"key":"SMITH"},{"floor":25,"key":"REST"},{"data":"Footwork","floor":32,"key":"SMITH"},{"data":"Phantasmal Killer","floor":40,"key":"SMITH"},{"floor":45,"key":"RECALL"},{"data":"Accuracy","floor":53,"key":"SMITH"}],"circlet_count":0,"master_deck":["AscendersBane","Strike_G+1","Defend_G","Defend_G+2","Defend_G+2","Survivor+1","Neutralize","Infinite Blades","Dagger Spray+1","Trip+1","Prepared","Deadly Poison","Finisher","Acrobatics","After Image","Tactician+1","Footwork+1","Blade Dance","testmod-PulseDistributor","Phantasmal Killer+1","Accuracy+1","Accuracy"],"relics":["Ring of the Snake","testmod-TestBox","testmod-ChristmasGift","Simple Rune","Replay:Baseball","Smiling Mask","Strawberry","Cursed Key","Nilry\u0027s Codex","Blood Vial","Red Mask","Replay:Ringing Soul","PreservedInsect","testmod-TimeTraveler","War Paint","Ginger","Boot","testmod-TurbochargingSystem","Unceasing Top"],"acts_visited":["Exordium","TheCity","TheBeyond","TheEnding"],"potions_floor_usage":[1,1,4,6,8,13,13,16,16,16,16,16,16,16,18,18,18,18,20,27,28,28,28,29,29,29,29,29,31,31,31,31,31,31,33,33,33,33,33,33,33,33,33,33,33,33,33,33,33,33,33,33,33,35,35,35,35,35,35,35,35,35,35,35,41,41,41,42,42,42,42,42,42,42,44,44,47,47,47,48,48,48,48,50,50,50,50,50,50,50,50,50,50,50,50,50,51,51,51,55,55,55,55,55,55,55,55,55,55,55,55,55,56,56,56,56,56,56,56,56,56,56,56,56,56],"damage_taken":[{"damage":4,"enemies":"Small Slimes","floor":1,"turns":3},{"damage":0,"enemies":"Jaw Worm","floor":4,"turns":2},{"damage":12,"enemies":"Replay:BlueRogue","floor":6,"turns":4},{"damage":0,"enemies":"Cultist","floor":7,"turns":4},{"damage":24,"enemies":"Lagavulin","floor":8,"turns":6},{"damage":0,"enemies":"3 Louse","floor":11,"turns":2},{"damage":6,"enemies":"Gremlin Nob","floor":13,"turns":4},{"damage":0,"enemies":"Looter","floor":14,"turns":3},{"damage":33,"enemies":"Slime Boss","floor":16,"turns":8},{"damage":9,"enemies":"2 Thieves","floor":18,"turns":4},{"damage":12,"enemies":"Spheric Guardian","floor":20,"turns":1},{"damage":0,"enemies":"Cultist and Chosen","floor":22,"turns":5},{"damage":0,"enemies":"Masked Bandits","floor":27,"turns":2},{"damage":13,"enemies":"Replay:Snechameleon","floor":28,"turns":4},{"damage":19,"enemies":"3 Cultists","floor":29,"turns":5},{"damage":4,"enemies":"Gremlin Leader","floor":31,"turns":6},{"damage":35,"enemies":"Collector","floor":33,"turns":8},{"damage":9,"enemies":"3 Shapes","floor":35,"turns":8},{"damage":8,"enemies":"Orb Walker","floor":41,"turns":4},{"damage":17,"enemies":"Giant Head","floor":42,"turns":6},{"damage":0,"enemies":"Spire Growth","floor":44,"turns":2},{"damage":0,"enemies":"R_Hoarder","floor":46,"turns":5},{"damage":42,"enemies":"4 Shapes","floor":47,"turns":1},{"damage":173,"enemies":"Reptomancer","floor":48,"turns":6},{"damage":137,"enemies":"Time Eater","floor":50,"turns":12},{"damage":45,"enemies":"Replay:Hell Engine","floor":51,"turns":9},{"damage":127,"enemies":"Shield and Spear","floor":55,"turns":7},{"damage":191,"enemies":"The Heart","floor":56,"turns":10}],"seed_played":"2604592842929200757","potions_obtained":[{"floor":3,"key":"FearPotion"},{"floor":11,"key":"Swift Potion"},{"floor":14,"key":"Fire Potion"},{"floor":18,"key":"Death Potion"},{"floor":27,"key":"SkillPotion"},{"floor":29,"key":"Energy Potion"},{"floor":35,"key":"CunningPotion"},{"floor":41,"key":"Explosive Potion"}],"is_trial":false,"path_per_floor":["M","?","?","M","$","E","M","E","T","R","M","R","E","M","R","B",null,"M","$","M","?","M","R","?","R","T","?","E","M","$","E","R","B",null,"M","$","?","$","?","R","M","E","T","M","R","E","M","E","R","B","B",null,"R","$","E","B",null],"character_chosen":"THE_SILENT","items_purchased":["Trip","Blade Dance","War Paint","testmod-PulseDistributor"],"campfire_rested":1,"item_purchase_floors":[5,30,36,38],"current_hp_per_floor":[56,45,45,47,47,39,40,32,32,32,33,33,39,40,40,14,58,53,53,41,20,21,21,21,42,42,45,41,41,44,53,53,40,69,79,79,79,82,85,85,83,85,88,91,91,94,94,72,72,70,73,89,89,89,88,44],"gold":123,"neow_bonus":"REMOVE_CARD","is_daily":false,"chose_seed":false,"campfire_upgraded":7,"win_rate":0.0,"timestamp":1609156317,"path_taken":["M","?","?","M","$","E","M","E","T","R","M","R","E","?","R","BOSS","M","$","M","?","M","R","?","R","T","?","E","M","$","E","R","BOSS","M","$","?","$","?","R","M","E","T","M","R","E","?","E","R","BOSS","BOSS","R","$","E","BOSS"],"items_purchased_type":["Card","Card","Relic","Card"],"build_version":"2020-12-22","purchased_purges":7,"victory":true,"max_hp_per_floor":[66,66,66,66,66,66,66,66,66,66,66,66,73,73,73,73,73,73,73,73,73,73,73,73,73,73,73,76,76,79,79,79,79,79,79,79,79,82,85,85,85,85,88,91,91,94,94,94,94,94,94,94,94,94,94,94],"card_choices":[{"not_picked":["Riddle With Holes","Acrobatics"],"picked":"Infinite Blades","floor":1},{"not_picked":["Catalyst","Sneak Up"],"picked":"Dagger Spray","floor":4},{"not_picked":["Reflex","Dagger Spray"],"picked":"Prepared","floor":6},{"not_picked":["Acrobatics","Quick Slash"],"picked":"Deadly Poison","floor":7},{"not_picked":["Quick Slash","Hidden Blade"],"picked":"Finisher","floor":8},{"not_picked":["Fluid Movement","Underhanded Strike"],"picked":"Acrobatics","floor":11},{"not_picked":["Tactician","Dodge and Roll"],"picked":"After Image","floor":13},{"not_picked":["PiercingWail","Deadly Poison"],"picked":"Masterful Stab","floor":14},{"not_picked":["PiercingWail","Dash"],"picked":"Tactician+1","floor":18},{"not_picked":["Dagger Throw","Caltrops","Bouncing Flask"],"picked":"SKIP","floor":20},{"not_picked":["Dagger Throw+1","Flying Knee","PiercingWail"],"picked":"SKIP","floor":22},{"not_picked":["ReplayTheSpireMod:Scrap Shanks","PiercingWail"],"picked":"Footwork","floor":28},{"not_picked":["Dodge and Roll","Heel Hook","Backstab"],"picked":"SKIP","floor":29},{"not_picked":["Cloak And Dagger","Expertise","Hidden Blade"],"picked":"SKIP","floor":31},{"not_picked":["Sucker Punch","Quick Slash","Cloak And Dagger"],"picked":"SKIP","floor":35},{"not_picked":["Deadly Poison","Prepared","ReplayTheSpireMod:Shiv Toss+1"],"picked":"SKIP","floor":41},{"not_picked":["Concentrate","Bane","Doppelganger"],"picked":"SKIP","floor":42},{"not_picked":["Predator","Endless Agony"],"picked":"Accuracy","floor":44},{"not_picked":["Endless Agony","Dagger Spray"],"picked":"Accuracy","floor":46},{"not_picked":["Underhanded Strike","Cloak And Dagger","Hidden Blade"],"picked":"SKIP","floor":47},{"not_picked":["Replay:Poison Smokescreen","Dagger Spray","Outmaneuver"],"picked":"SKIP","floor":48},{"not_picked":["Acrobatics+1","Deadly Poison","Riddle With Holes+1"],"picked":"SKIP","floor":55}],"player_experience":1665813,"relics_obtained":[{"floor":6,"key":"Simple Rune"},{"floor":8,"key":"Replay:Baseball"},{"floor":9,"key":"Smiling Mask"},{"floor":13,"key":"Strawberry"},{"floor":21,"key":"Nilry\u0027s Codex"},{"floor":26,"key":"Blood Vial"},{"floor":27,"key":"Red Mask"},{"floor":28,"key":"Replay:Ringing Soul"},{"floor":31,"key":"PreservedInsect"},{"floor":42,"key":"Ginger"},{"floor":46,"key":"Boot"},{"floor":48,"key":"testmod-TurbochargingSystem"},{"floor":55,"key":"Unceasing Top"}],"event_choices":[{"damage_healed":0,"gold_gain":75,"player_choice":"Gather Gold","damage_taken":11,"max_hp_gain":0,"max_hp_loss":0,"event_name":"World of Goop","floor":2,"gold_loss":0},{"damage_healed":0,"gold_gain":0,"player_choice":"Bought 1 Potion","damage_taken":0,"max_hp_gain":0,"max_hp_loss":0,"event_name":"The Woman in Blue","floor":3,"gold_loss":0},{"damage_healed":0,"gold_gain":0,"player_choice":"Obtained Book","damage_taken":21,"max_hp_gain":0,"max_hp_loss":0,"event_name":"Cursed Tome","floor":21,"gold_loss":0},{"damage_healed":0,"gold_gain":0,"player_choice":"Ignored","damage_taken":0,"max_hp_gain":0,"max_hp_loss":0,"event_name":"Vampires","floor":24,"gold_loss":0},{"damage_healed":0,"gold_gain":0,"player_choice":"Fought Bandits","damage_taken":0,"max_hp_gain":0,"max_hp_loss":0,"event_name":"Masked Bandits","floor":27,"gold_loss":0},{"damage_healed":0,"gold_gain":222,"player_choice":"Wore Mask","damage_taken":0,"max_hp_gain":0,"max_hp_loss":0,"event_name":"Tomb of Lord Red Mask","floor":37,"gold_loss":0},{"damage_healed":0,"gold_gain":0,"cards_transformed":["Defend_G"],"player_choice":"Transformed","damage_taken":0,"max_hp_gain":0,"max_hp_loss":0,"event_name":"Transmorgrifier","floor":39,"gold_loss":0,"cards_obtained":["Phantasmal Killer"]}],"is_beta":false,"boss_relics":[{"not_picked":["testmod-DreamHouse","testmod-Prudence"],"picked":"Cursed Key"},{"not_picked":["testmod-Nine","Astrolabe"],"picked":"testmod-TimeTraveler"}],"items_purged_floors":[5,19,30,36,38,49,54],"is_endless":false,"potions_floor_spawned":[11,14,16,18,22,27,29,35,41],"ascension_level":20}}