{"host":"xxj0bkgoog7xyy18","time":1609154928,"event":{"mods":["BaseMod","Colored Map","Colored Powertips","Googly Eyes","Hermit","Minty Spire (QoL Compilation)","StSLib"],"gold_per_floor":[115,134,134,162,187,187,228,228,228,266,287,310,83,97,97,223,223,246,246,235,259,278,278,278,278],"floor_reached":24,"playtime":1516,"items_purged":["hermit:Strike_Hermit"],"score":212,"play_id":"c8b9e028-3c38-481c-a7cf-670148ac0594","local_time":"20201228042848","is_ascension_mode":false,"campfire_choices":[{"data":"hermit:NoHoldsBarred","floor":6,"key":"SMITH"},{"data":"hermit:Combo","floor":15,"key":"SMITH"},{"floor":23,"key":"REST"}],"circlet_count":0,"master_deck":["hermit:Strike_Hermit","hermit:Strike_Hermit","hermit:Strike_Hermit","hermit:Defend_Hermit","hermit:Defend_Hermit","hermit:Defend_Hermit","hermit:Defend_Hermit","hermit:Snapshot","hermit:Covet","hermit:NoHoldsBarred+1","Injury","hermit:GhostlyPresence","hermit:Headshot","hermit:TakeAim","hermit:GhostlyPresence","hermit:GhostlyPresence","hermit:BodyArmor","hermit:Combo+1","hermit:Snipe","hermit:EyeOfTheStorm","hermit:TrackingShot","hermit:FinalCanter","hermit:Headshot+1","hermit:BodyArmor","hermit:Snipe+1"],"relics":["hermit:Momento","Boot","Golden Idol","MealTicket","Pen Nib","Busted Crown","Nloth\u0027s Gift"],"acts_visited":["Exordium","TheCity"],"potions_floor_usage":[7,16,16,16,16,22,24,24,24],"damage_taken":[{"damage":3,"enemies":"Jaw Worm","floor":1,"turns":4},{"damage":0,"enemies":"2 Louse","floor":2,"turns":2},{"damage":1,"enemies":"Cultist","floor":4,"turns":4},{"damage":4,"enemies":"Blue Slaver","floor":5,"turns":3},{"damage":14,"enemies":"Gremlin Nob","floor":7,"turns":3},{"damage":24,"enemies":"3 Sentries","floor":10,"turns":5},{"damage":15,"enemies":"Red Slaver","floor":11,"turns":4},{"damage":11,"enemies":"3 Louse","floor":12,"turns":2},{"damage":0,"enemies":"Large Slime","floor":14,"turns":3},{"damage":5,"enemies":"Hexaghost","floor":16,"turns":7},{"damage":31,"enemies":"3 Byrds","floor":18,"turns":5},{"damage":7,"enemies":"2 Thieves","floor":20,"turns":4},{"damage":0,"enemies":"3 Cultists","floor":21,"turns":3},{"damage":19,"enemies":"Snecko","floor":22,"turns":5},{"damage":40,"enemies":"Book of Stabbing","floor":24,"turns":6}],"seed_played":"7548508514521941610","potions_obtained":[{"floor":1,"key":"hermit:BlackBile"},{"floor":2,"key":"Weak Potion"},{"floor":10,"key":"Strength Potion"},{"floor":11,"key":"GamblersBrew"},{"floor":14,"key":"EntropicBrew"},{"floor":18,"key":"hermit:Tonic"},{"floor":22,"key":"DistilledChaos"}],"is_trial":false,"path_per_floor":["M","M","?","M","M","R","E","?","T","E","M","M","$","M","R","B",null,"M","?","M","M","M","R","E"],"character_chosen":"HERMIT","items_purchased":["hermit:Combo","hermit:Snipe","hermit:EyeOfTheStorm"],"campfire_rested":1,"item_purchase_floors":[13,13,13],"current_hp_per_floor":[72,72,72,71,67,67,53,75,75,51,36,25,40,40,40,35,75,44,44,37,37,18,40,0,0],"gold":278,"neow_bonus":"RANDOM_COMMON_RELIC","is_daily":false,"chose_seed":false,"campfire_upgraded":2,"win_rate":0.0,"timestamp":1609154928,"path_taken":["M","M","?","M","M","R","E","?","T","E","M","M","$","?","R","BOSS","M","?","M","M","M","R","E"],"items_purchased_type":["Card","Card","Card"],"build_version":"2020-12-22","purchased_purges":1,"victory":false,"max_hp_per_floor":[75,75,75,75,75,75,75,75,75,75,75,75,75,75,75,75,75,75,75,75,75,75,75,75,75],"card_choices":[{"not_picked":["hermit:WideOpen","hermit:Glare"],"picked":"hermit:NoHoldsBarred","floor":1},{"not_picked":["hermit:SprayPray","hermit:Determination"],"picked":"hermit:Scavenge","floor":2},{"not_picked":["hermit:ShadowCloak","hermit:Virtue"],"picked":"hermit:GhostlyPresence","floor":4},{"not_picked":["hermit:Feint","hermit:Manifest"],"picked":"hermit:Headshot","floor":5},{"not_picked":["hermit:Dive","hermit:ItchyTrigger"],"picked":"hermit:TakeAim","floor":7},{"not_picked":["hermit:BodyArmor","hermit:PistolWhip"],"picked":"hermit:GhostlyPresence","floor":10},{"not_picked":["hermit:Scavenge","hermit:ItchyTrigger","hermit:HoleUp"],"picked":"hermit:GhostlyPresence","floor":11},{"not_picked":["hermit:EternalForm","hermit:Glare","hermit:WideOpen"],"picked":"hermit:BodyArmor","floor":12},{"not_picked":["hermit:Maintenance","hermit:TakeCover","hermit:Desperado"],"picked":"hermit:TrackingShot","floor":14},{"not_picked":["hermit:EternalForm","hermit:FatalDesire","hermit:Purgatory"],"picked":"hermit:FinalCanter","floor":16},{"not_picked":["hermit:Glare"],"picked":"hermit:Headshot+1","floor":18},{"not_picked":[],"picked":"hermit:BodyArmor","floor":20},{"not_picked":["hermit:LowProfile+1"],"picked":"SKIP","floor":21},{"not_picked":[],"picked":"hermit:Snipe+1","floor":22}],"player_experience":165006,"relics_obtained":[{"floor":7,"key":"MealTicket"},{"floor":9,"key":"Pen Nib"},{"floor":10,"key":"Question Card"}],"event_choices":[{"damage_healed":0,"gold_gain":0,"player_choice":"Take Wound","damage_taken":0,"relics_obtained":["Golden Idol"],"max_hp_gain":0,"max_hp_loss":0,"event_name":"Golden Idol","floor":3,"gold_loss":0,"cards_obtained":["Injury"]},{"cards_removed":["hermit:Scavenge"],"damage_healed":22,"gold_gain":0,"player_choice":"Offered Uncommon","damage_taken":0,"max_hp_gain":0,"max_hp_loss":0,"event_name":"Bonfire Elementals","floor":8,"gold_loss":0},{"damage_healed":0,"gold_gain":0,"player_choice":"Traded Relic","damage_taken":0,"relics_obtained":["Nloth\u0027s Gift"],"max_hp_gain":0,"max_hp_loss":0,"event_name":"N\u0027loth","floor":19,"relics_lost":["Question Card"],"gold_loss":0}],"is_beta":false,"boss_relics":[{"not_picked":["Velvet Choker","Astrolabe"],"picked":"Busted Crown"}],"items_purged_floors":[13],"is_endless":false,"potions_floor_spawned":[1,2,10,11,14,18,21,22],"killed_by":"Book of Stabbing","ascension_level":0}}