{"host":"wshh0nphwn6jv7vj","time":1609141164,"event":{"mods":["BaseMod","Bestiary","Minty Spire (QoL Compilation)"],"gold_per_floor":[116,116,131,131,56,87,62,62,62,95,110,110,110],"floor_reached":12,"playtime":353,"items_purged":["Strike_R"],"score":205,"play_id":"c7c23d67-aaad-42e1-9efd-1c90af7c5b3e","local_time":"20201228023924","is_ascension_mode":true,"campfire_choices":[{"data":"Bash","floor":8,"key":"SMITH"}],"circlet_count":0,"master_deck":["AscendersBane","Strike_R","Strike_R","Strike_R","Strike_R","Defend_R","Defend_R","Defend_R","Defend_R","Bash+1","True Grit","Twin Strike","Battle Trance","Sword Boomerang","Havoc","Pummel"],"relics":["Burning Blood","NeowsBlessing","Oddly Smooth Stone","Golden Idol","Bronze Scales","Kunai","Shuriken"],"acts_visited":["Exordium"],"potions_floor_usage":[10],"damage_taken":[{"damage":0,"enemies":"Small Slimes","floor":1,"turns":1},{"damage":0,"enemies":"2 Louse","floor":3,"turns":2},{"damage":0,"enemies":"Gremlin Nob","floor":6,"turns":1},{"damage":22,"enemies":"3 Sentries","floor":10,"turns":10},{"damage":0,"enemies":"Jaw Worm","floor":11,"turns":3},{"damage":44,"enemies":"Lagavulin","floor":12,"turns":10}],"seed_played":"-1703269269437482875","potions_obtained":[{"floor":1,"key":"GamblersBrew"},{"floor":3,"key":"DuplicationPotion"}],"is_trial":false,"path_per_floor":["M","?","M","?","$","E","$","R","T","E","M","E"],"character_chosen":"IRONCLAD","items_purchased":["Sword Boomerang"],"campfire_rested":0,"item_purchase_floors":[7],"current_hp_per_floor":[74,63,69,43,43,49,49,49,49,33,39,0,0],"gold":110,"neow_bonus":"THREE_ENEMY_KILL","is_daily":false,"chose_seed":false,"campfire_upgraded":1,"win_rate":0.0,"timestamp":1609141164,"path_taken":["M","?","M","?","$","E","$","R","T","E","M","E"],"items_purchased_type":["Card"],"build_version":"2020-12-22","purchased_purges":1,"victory":false,"max_hp_per_floor":[75,75,75,75,75,75,75,75,75,75,75,75,75],"card_choices":[{"not_picked":["Thunderclap","Flex"],"picked":"True Grit","floor":1},{"not_picked":["Demon Form","Perfected Strike"],"picked":"Twin Strike","floor":3},{"not_picked":["Twin Strike","Berserk"],"picked":"Battle Trance","floor":6},{"not_picked":["Wild Strike","Double Tap"],"picked":"Havoc","floor":10},{"not_picked":["Thunderclap","Sword Boomerang"],"picked":"Pummel","floor":11}],"player_experience":1516583,"relics_obtained":[{"floor":6,"key":"Bronze Scales"},{"floor":9,"key":"Kunai"},{"floor":10,"key":"Shuriken"}],"event_choices":[{"damage_healed":0,"gold_gain":0,"player_choice":"Success","damage_taken":11,"relics_obtained":["Oddly Smooth Stone"],"max_hp_gain":0,"max_hp_loss":0,"event_name":"Scrap Ooze","floor":2,"gold_loss":0},{"damage_healed":0,"gold_gain":0,"player_choice":"Take Damage","damage_taken":26,"relics_obtained":["Golden Idol"],"max_hp_gain":0,"max_hp_loss":0,"event_name":"Golden Idol","floor":4,"gold_loss":0}],"is_beta":false,"boss_relics":[],"items_purged_floors":[5],"is_endless":false,"potions_floor_spawned":[1,3],"killed_by":"Lagavulin","ascension_level":17}}