{"host":"dcj2yvrgcvh5dl2s","time":1609138590,"event":{"mods":["BaseMod","Better Note","Block Reminder","Colored Powertips","DeckTracker","Minty Spire (QoL Compilation)","Quick Restart","Rare Cards Sparkle","Relic Stats","StSLib"],"gold_per_floor":[109,109,34,184,44,75,75,93,93,93,111,146,421,436,436,507,507,517,517,108,383,67,94,94,113,138,154,170,170,170],"floor_reached":29,"playtime":585,"items_purged":["Regret","Doubt","Regret","Regret"],"score":574,"play_id":"99270aa2-8b32-4b40-b504-cf97eddb4f61","local_time":"20201228165630","is_ascension_mode":true,"campfire_choices":[{"data":"Searing Blow","floor":7,"key":"SMITH"},{"data":"Searing Blow+1","floor":10,"key":"SMITH"},{"data":"Searing Blow+2","floor":15,"key":"SMITH"},{"floor":24,"key":"REST"}],"circlet_count":0,"master_deck":["AscendersBane","Strike_R","Strike_R","Strike_R","Strike_R","Strike_R","Defend_R","Defend_R","Defend_R","Defend_R+1","Bash","Shrug It Off+1","Searing Blow+3","Flex","Flex","Inflame","Infernal Blade","Metallicize","Limit Break","Shrug It Off","Pummel","Flex","Flex","Flex","Intimidate"],"relics":["Burning Blood","NeowsBlessing","White Beast Statue","Question Card","Matryoshka","War Paint","Sozu","Happy Flower","Pantograph","Membership Card","Orichalcum","Regal Pillow","Mummified Hand","Bag of Preparation","Bottled Flame","Dream Catcher","Ancient Tea Set"],"acts_visited":["Exordium","TheCity"],"potions_floor_usage":[12,14,16,16,23],"damage_taken":[{"damage":0,"enemies":"2 Louse","floor":1,"turns":1},{"damage":0,"enemies":"3 Sentries","floor":6,"turns":2},{"damage":0,"enemies":"Small Slimes","floor":8,"turns":1},{"damage":6,"enemies":"Cultist","floor":11,"turns":3},{"damage":8,"enemies":"Gremlin Nob","floor":12,"turns":3},{"damage":22,"enemies":"3 Louse","floor":14,"turns":4},{"damage":54,"enemies":"The Guardian","floor":16,"turns":12},{"damage":34,"enemies":"Shell Parasite","floor":18,"turns":6},{"damage":33,"enemies":"Book of Stabbing","floor":23,"turns":4},{"damage":12,"enemies":"3 Byrds","floor":25,"turns":5},{"damage":14,"enemies":"Snake Plant","floor":27,"turns":4},{"damage":13,"enemies":"Cultist and Chosen","floor":28,"turns":6},{"damage":24,"enemies":"Shelled Parasite and Fungi","floor":29,"turns":4}],"seed_played":"4001442224822378281","potions_obtained":[{"floor":6,"key":"Regen Potion"},{"floor":8,"key":"LiquidMemories"},{"floor":12,"key":"LiquidMemories"},{"floor":14,"key":"PowerPotion"},{"floor":16,"key":"DistilledChaos"}],"is_trial":false,"path_per_floor":["M","?","$","?","$","E","R","M","T","R","M","E","?","M","R","B",null,"M","T","$","?","$","E","R","M","T","M","M","M"],"character_chosen":"IRONCLAD","items_purchased":["Searing Blow","Membership Card","Orichalcum","Regal Pillow","Pummel","Flex","Mummified Hand","Bag of Preparation"],"campfire_rested":1,"item_purchase_floors":[5,20,20,20,20,22,22,22],"current_hp_per_floor":[74,74,74,74,74,75,75,75,75,75,75,73,73,57,57,21,62,34,34,34,34,34,7,44,38,38,30,23,0,0],"gold":170,"neow_bonus":"THREE_ENEMY_KILL","is_daily":false,"chose_seed":false,"campfire_upgraded":3,"win_rate":0.0,"timestamp":1609138590,"path_taken":["M","?","$","?","$","E","R","M","T","R","M","E","?","M","R","BOSS","M","?","$","?","$","E","R","?","T","M","M","M"],"items_purchased_type":["Card","Relic","Relic","Relic","Card","Card","Relic","Relic"],"build_version":"2020-12-22","purchased_purges":4,"victory":false,"max_hp_per_floor":[75,75,75,75,75,75,75,75,75,75,75,75,75,75,75,75,75,75,75,75,75,75,75,75,75,75,75,75,75,75],"relic_stats":{"Regal Pillow":15,"Happy Flower":[7],"counters":[13,55],"Bag of Preparation":[10],"War Paint":["Defend_R","Shrug It Off"],"Orichalcum":[30],"Question Card":10,"Burning Blood":61,"Sozu":5,"Dream Catcher":0,"Mummified Hand":[11],"Pantograph":0,"obtain_stats":[{"Regal Pillow":20,"NeowsBlessing":0,"Happy Flower":19,"Bag of Preparation":22,"War Paint":12,"Orichalcum":20,"Question Card":6,"Ancient Tea Set":26,"Burning Blood":0,"White Beast Statue":2,"Sozu":17,"Bottled Flame":23,"Dream Catcher":26,"Matryoshka":9,"Mummified Hand":22,"Pantograph":19,"Membership Card":20},{"Regal Pillow":8,"NeowsBlessing":0,"Happy Flower":8,"Bag of Preparation":8,"War Paint":5,"Orichalcum":8,"Question Card":2,"Ancient Tea Set":10,"Burning Blood":0,"White Beast Statue":1,"Sozu":7,"Bottled Flame":9,"Dream Catcher":10,"Matryoshka":3,"Mummified Hand":8,"Pantograph":8,"Membership Card":8},{"Regal Pillow":32,"NeowsBlessing":0,"Happy Flower":32,"Bag of Preparation":32,"War Paint":10,"Orichalcum":32,"Question Card":3,"Ancient Tea Set":41,"Burning Blood":0,"White Beast Statue":1,"Sozu":26,"Bottled Flame":36,"Dream Catcher":41,"Matryoshka":4,"Mummified Hand":32,"Pantograph":32,"Membership Card":32}]},"card_choices":[{"not_picked":["Headbutt","Second Wind"],"picked":"Shrug It Off","floor":1},{"not_picked":["Armaments","Power Through"],"picked":"Flex","floor":6},{"not_picked":["Thunderclap","True Grit","Sword Boomerang"],"picked":"Flex","floor":8},{"not_picked":["Shrug It Off","Sword Boomerang","Shockwave"],"picked":"Inflame","floor":11},{"not_picked":["Impervious","Power Through","Combust"],"picked":"Infernal Blade","floor":12},{"not_picked":["Havoc","Thunderclap","Anger"],"picked":"Metallicize","floor":14},{"not_picked":["Juggernaut","Exhume","Impervious"],"picked":"Limit Break","floor":16},{"not_picked":["Thunderclap","Iron Wave","Armaments"],"picked":"Shrug It Off","floor":18},{"not_picked":["Rage","Iron Wave","Limit Break"],"picked":"Flex","floor":23},{"not_picked":["Wild Strike","Pommel Strike","Thunderclap+1"],"picked":"Flex","floor":25},{"not_picked":["Clothesline","True Grit","Spot Weakness","Thunderclap"],"picked":"SKIP","floor":27},{"not_picked":["Twin Strike","Hemokinesis","Sever Soul"],"picked":"Intimidate","floor":28}],"player_experience":2095842,"relics_obtained":[{"floor":6,"key":"Question Card"},{"floor":9,"key":"Matryoshka"},{"floor":12,"key":"War Paint"},{"floor":19,"key":"Happy Flower"},{"floor":19,"key":"Pantograph"},{"floor":23,"key":"Bottled Flame"},{"floor":26,"key":"Dream Catcher"},{"floor":26,"key":"Ancient Tea Set"}],"event_choices":[{"damage_healed":0,"gold_gain":0,"player_choice":"Box","damage_taken":0,"relics_obtained":["White Beast Statue"],"max_hp_gain":0,"max_hp_loss":0,"event_name":"Big Fish","floor":2,"gold_loss":0,"cards_obtained":["Regret"]},{"damage_healed":0,"gold_gain":150,"player_choice":"AGREE","damage_taken":0,"max_hp_gain":0,"max_hp_loss":0,"event_name":"Liars Game","floor":4,"gold_loss":0,"cards_obtained":["Doubt"]},{"damage_healed":0,"gold_gain":275,"player_choice":"Desecrate","damage_taken":0,"max_hp_gain":0,"max_hp_loss":0,"event_name":"Golden Shrine","floor":13,"gold_loss":0,"cards_obtained":["Regret"]},{"damage_healed":0,"gold_gain":275,"player_choice":"Desecrate","damage_taken":0,"max_hp_gain":0,"max_hp_loss":0,"event_name":"Golden Shrine","floor":21,"gold_loss":0,"cards_obtained":["Regret"]}],"is_beta":false,"boss_relics":[{"not_picked":["SlaversCollar","Runic Cube"],"picked":"Sozu"}],"items_purged_floors":[3,5,20,22],"is_endless":false,"potions_floor_spawned":[6,8,11,12,14,16,18,23,25,27,28],"killed_by":"Shelled Parasite and Fungi","ascension_level":18}}