{"host":"e2ju6k0wppswbhbd","time":1609197330,"event":{"mods":["BaseMod","Minty Spire (QoL Compilation)","Rare Cards Sparkle","StSLib"],"gold_per_floor":[126,150,171,200,221,221,257,276,276,276,296,364,401,401,401,509,509,530,530,455,28,48,48,70,110,110,110,137,52,38,38,38,38,38],"floor_reached":33,"playtime":3822,"items_purged":["Defend_P"],"score":327,"play_id":"9c38a86c-3f95-48e9-b9af-ed5359f14c12","local_time":"20201229001530","is_ascension_mode":false,"campfire_choices":[{"floor":6.0,"key":"RECALL"},{"data":"Eruption","floor":10.0,"key":"SMITH"},{"floor":15.0,"key":"REST"},{"data":"Vigilance","floor":23.0,"key":"SMITH"},{"floor":27,"key":"REST"},{"data":"Swivel","floor":32,"key":"SMITH"}],"circlet_count":0,"master_deck":["Strike_P","Strike_P","Strike_P","Defend_P","Defend_P","Defend_P","Eruption+1","Vigilance+1","Consecrate","PathToVictory","Conclude","Prostrate","WindmillStrike","Evaluate","Devotion","ThirdEye","EmptyFist+1","InnerPeace","LessonLearned","PathToVictory","LikeWater","WheelKick","Perseverance","SignatureMove","Swivel+1","Nirvana+1","EmptyBody"],"relics":["HolyWater","CeramicFish","Akabeko","Ancient Tea Set","Shuriken","Mummified Hand","Mango","Letter Opener","Gremlin Horn"],"acts_visited":["Exordium","TheCity"],"potions_floor_usage":[],"damage_taken":[{"damage":6.0,"enemies":"Jaw Worm","floor":1.0,"turns":4.0},{"damage":0.0,"enemies":"2 Louse","floor":2.0,"turns":2.0},{"damage":0.0,"enemies":"Small Slimes","floor":3.0,"turns":2.0},{"damage":2.0,"enemies":"Red Slaver","floor":4.0,"turns":4.0},{"damage":0.0,"enemies":"Blue Slaver","floor":5.0,"turns":2.0},{"damage":0.0,"enemies":"Gremlin Nob","floor":7.0,"turns":2.0},{"damage":4.0,"enemies":"Looter","floor":8.0,"turns":3.0},{"damage":16.0,"enemies":"Large Slime","floor":11.0,"turns":7.0},{"damage":21.0,"enemies":"Lagavulin Event","floor":12.0,"turns":8.0},{"damage":3.0,"enemies":"3 Sentries","floor":13.0,"turns":4.0},{"damage":16.0,"enemies":"Hexaghost","floor":16.0,"turns":6.0},{"damage":16.0,"enemies":"2 Thieves","floor":18.0,"turns":5.0},{"damage":0.0,"enemies":"3 Byrds","floor":22.0,"turns":3.0},{"damage":14.0,"enemies":"Centurion and Healer","floor":24.0,"turns":6.0},{"damage":23,"enemies":"Gremlin Leader","floor":25,"turns":6},{"damage":15,"enemies":"Snake Plant","floor":28,"turns":4},{"damage":95,"enemies":"Champ","floor":33,"turns":10}],"seed_played":"8497943814811753378","potions_obtained":[{"floor":3.0,"key":"FearPotion"},{"floor":8.0,"key":"Fruit Juice"},{"floor":11.0,"key":"LiquidMemories"},{"floor":12.0,"key":"Swift Potion"},{"floor":16.0,"key":"PowerPotion"},{"floor":18.0,"key":"Swift Potion"}],"is_trial":false,"path_per_floor":["M","M","M","M","M","R","E","M","T","R","M","?","E","?","R","B",null,"M","?","?","$","M","R","M","E","T","R","M","?","$","?","R","B"],"character_chosen":"WATCHER","items_purchased":["Mummified Hand","LikeWater","WheelKick","EmptyBody"],"campfire_rested":2,"item_purchase_floors":[21,21,21,30],"current_hp_per_floor":[66,66,66,64,64,64,64,60,60,60,49,28,25,25,48,32,77,61,61,61,61,61,61,47,38,38,65,50,50,50,50,50,0,0],"gold":38,"neow_bonus":"RANDOM_COMMON_RELIC","is_daily":false,"chose_seed":false,"campfire_upgraded":3,"win_rate":0.0,"timestamp":1609197330,"path_taken":["M","M","M","M","M","R","E","M","T","R","M","?","E","?","R","BOSS","M","?","?","$","M","R","M","E","T","R","M","?","?","?","R","BOSS"],"items_purchased_type":["Relic","Card","Card","Card"],"build_version":"2020-12-22","purchased_purges":1,"victory":false,"max_hp_per_floor":[72,72,72,72,72,72,72,72,72,72,77,77,77,77,77,77,77,77,77,77,77,77,77,77,91,91,91,91,91,91,91,91,91,91],"card_choices":[{"not_picked":["Prostrate","Wireheading"],"picked":"Consecrate","floor":1.0},{"not_picked":["JustLucky","ReachHeaven"],"picked":"PathToVictory","floor":2.0},{"not_picked":["EmptyFist","Halt"],"picked":"Conclude","floor":3.0},{"not_picked":["LikeWater","Consecrate"],"picked":"Prostrate","floor":4.0},{"not_picked":["FlyingSleeves","Nirvana"],"picked":"WindmillStrike","floor":5.0},{"not_picked":["ForeignInfluence","EmptyFist"],"picked":"Evaluate","floor":7.0},{"not_picked":["Consecrate","Protect"],"picked":"Devotion","floor":8.0},{"not_picked":["Halt","Nirvana"],"picked":"ThirdEye","floor":11.0},{"not_picked":["EmptyMind","Adaptation"],"picked":"EmptyFist","floor":12.0},{"not_picked":["ThirdEye","WindmillStrike"],"picked":"InnerPeace","floor":13.0},{"not_picked":["Alpha","DevaForm"],"picked":"LessonLearned","floor":16.0},{"not_picked":["BattleHymn","CrushJoints+1"],"picked":"PathToVictory","floor":18.0},{"not_picked":["EmptyFist","FlurryOfBlows"],"picked":"Perseverance","floor":22.0},{"not_picked":["Pray","WheelKick"],"picked":"SignatureMove","floor":24.0},{"not_picked":["InnerPeace","Adaptation"],"picked":"Swivel","floor":25},{"not_picked":["Sanctity","EmptyFist+1"],"picked":"Nirvana+1","floor":28}],"player_experience":2595026,"relics_obtained":[{"floor":7.0,"key":"Akabeko"},{"floor":12.0,"key":"Ancient Tea Set"},{"floor":13.0,"key":"Shuriken"},{"floor":25,"key":"Mango"},{"floor":26,"key":"Letter Opener"}],"event_choices":[{"damage_healed":0.0,"max_hp_gain":0.0,"max_hp_loss":0.0,"gold_gain":0.0,"event_name":"Dead Adventurer","player_choice":"Searched \u00271\u0027 times","floor":12.0,"gold_loss":0.0,"damage_taken":0.0},{"damage_healed":0.0,"max_hp_gain":0.0,"max_hp_loss":0.0,"gold_gain":0.0,"event_name":"Liars Game","player_choice":"Ignored","floor":14.0,"gold_loss":0.0,"damage_taken":0.0},{"damage_healed":0.0,"max_hp_gain":0.0,"max_hp_loss":0.0,"gold_gain":0.0,"event_name":"Vampires","player_choice":"Ignored","floor":19.0,"gold_loss":0.0,"damage_taken":0.0},{"cards_removed":["Strike_P"],"damage_healed":0.0,"max_hp_gain":0.0,"max_hp_loss":0.0,"gold_gain":0.0,"event_name":"Beggar","player_choice":"Gave Gold","floor":20.0,"gold_loss":75.0,"damage_taken":0.0},{"damage_healed":0,"gold_gain":0,"player_choice":"Obtained Relic","damage_taken":0,"relics_obtained":["Gremlin Horn"],"max_hp_gain":0,"max_hp_loss":0,"event_name":"Addict","floor":29,"gold_loss":85},{"damage_healed":0,"gold_gain":0,"player_choice":"Ignored","damage_taken":0,"max_hp_gain":0,"max_hp_loss":0,"event_name":"Ghosts","floor":31,"gold_loss":0}],"is_beta":false,"boss_relics":[{"not_picked":["Velvet Choker","Busted Crown"],"picked":"HolyWater"}],"items_purged_floors":[21],"is_endless":false,"potions_floor_spawned":[3,8,11,12,16,18],"killed_by":"Champ","ascension_level":0}}