{"host":"6xsbn6ynqlzwllfm","time":1609167975,"event":{"mods":["2.2 Compatiblity","BaseMod","Bestiary","Colored Map","Colored Powertips","Curses Come First","Highlight Path","Keyboard Shortcuts","Minty Spire (QoL Compilation)","Quick Restart","Relic Stats","Slay the Relics Exporter","StSLib","SuperFastMode"],"gold_per_floor":[114,130,141,141,35,35,65,65,89,117,117,135,152,227,227,322,322,322,322,322,262,262,262,262,262,262,262,42,42,42,42,42,42,42,42,42,42,42,42,42,42,42,42,42,42,42,42,0,0,0],"floor_reached":51,"playtime":1809,"items_purged":["Strike_P"],"score":908,"play_id":"4b178a92-bd92-4d15-ab07-4a9e6462ca68","local_time":"20201228100615","is_ascension_mode":true,"campfire_choices":[{"data":"Eruption","floor":6.0,"key":"SMITH"},{"data":"Fasting2","floor":8.0,"key":"SMITH"},{"data":"Tantrum","floor":11.0,"key":"SMITH"},{"data":"FlurryOfBlows","floor":15.0,"key":"SMITH"},{"data":"EmptyMind","floor":23.0,"key":"SMITH"},{"floor":27.0,"key":"REST"},{"floor":32.0,"key":"REST"},{"floor":47,"key":"REST"},{"floor":49,"key":"REST"}],"circlet_count":0,"master_deck":["Strike_P","Strike_P","Strike_P","Defend_P","Defend_P","Defend_P","Eruption+1","Vigilance+1","EmptyBody+1","FlurryOfBlows+1","Fasting2+1","EmptyMind+1","FlyingSleeves","Tantrum+1","FearNoEvil","Vengeance","Omniscience+1","Indignation","PathToVictory+1","Protect","Wallop","Meditate+1","Necronomicurse","Vault+1","WaveOfTheHand+1","FlurryOfBlows"],"relics":["PureWater","Pen Nib","Potion Belt","PreservedInsect","War Paint","Ectoplasm","Nunchaku","Toxic Egg 2","OrangePellets","Dead Branch","Necronomicon","Omamori","VioletLotus","Toy Ornithopter","Boot","The Courier","Shovel","Torii","Red Mask"],"acts_visited":["Exordium","TheCity","TheBeyond"],"potions_floor_usage":[46,50,50],"damage_taken":[{"damage":0.0,"enemies":"2 Louse","floor":1.0,"turns":1.0},{"damage":1.0,"enemies":"Small Slimes","floor":2.0,"turns":4.0},{"damage":0.0,"enemies":"Cultist","floor":3.0,"turns":2.0},{"damage":22.0,"enemies":"3 Sentries","floor":7.0,"turns":7.0},{"damage":0.0,"enemies":"Lagavulin","floor":10.0,"turns":4.0},{"damage":0.0,"enemies":"Large Slime","floor":12.0,"turns":2.0},{"damage":1.0,"enemies":"Blue Slaver","floor":13.0,"turns":2.0},{"damage":34.0,"enemies":"Hexaghost","floor":16.0,"turns":5.0},{"damage":0.0,"enemies":"Shell Parasite","floor":18.0,"turns":3.0},{"damage":22.0,"enemies":"2 Thieves","floor":21.0,"turns":3.0},{"damage":19.0,"enemies":"Snake Plant","floor":22.0,"turns":3.0},{"damage":13.0,"enemies":"Book of Stabbing","floor":24.0,"turns":3.0},{"damage":0.0,"enemies":"Centurion and Healer","floor":25.0,"turns":3.0},{"damage":0.0,"enemies":"Slavers","floor":29.0,"turns":2.0},{"damage":7.0,"enemies":"Collector","floor":33.0,"turns":4.0},{"damage":3.0,"enemies":"3 Shapes","floor":35.0,"turns":6.0},{"damage":0.0,"enemies":"3 Darklings","floor":36.0,"turns":4.0},{"damage":0.0,"enemies":"Jaw Worm Horde","floor":37.0,"turns":4.0},{"damage":0.0,"enemies":"Transient","floor":38.0,"turns":5.0},{"damage":0.0,"enemies":"Nemesis","floor":40.0,"turns":2.0},{"damage":18.0,"enemies":"3 Darklings","floor":41.0,"turns":3.0},{"damage":6.0,"enemies":"Reptomancer","floor":42.0,"turns":3.0},{"damage":13.0,"enemies":"Sphere and 2 Shapes","floor":44.0,"turns":3.0},{"damage":0.0,"enemies":"Mind Bloom Boss Battle","floor":45.0,"turns":4.0},{"damage":28,"enemies":"2 Orb Walkers","floor":46,"turns":3},{"damage":26,"enemies":"Donu and Deca","floor":50,"turns":8}],"seed_played":"1829244983457466635","potions_obtained":[{"floor":2.0,"key":"DuplicationPotion"},{"floor":7.0,"key":"BottledMiracle"},{"floor":10.0,"key":"LiquidMemories"},{"floor":12.0,"key":"Dexterity Potion"},{"floor":21.0,"key":"FearPotion"},{"floor":22.0,"key":"Energy Potion"},{"floor":24.0,"key":"PowerPotion"},{"floor":36.0,"key":"SneckoOil"},{"floor":42.0,"key":"Strength Potion"},{"floor":45.0,"key":"EssenceOfSteel"}],"is_trial":false,"path_per_floor":["M","M","M","?","$","R","E","R","T","E","R","M","M","?","R","B",null,"M","?","?","M","M","R","E","M","T","R","$","E","?","T","R","B",null,"M","M","M","M","?","E","M","E","T","M","?","?","R","?","R","B",null],"character_chosen":"WATCHER","items_purchased":["EmptyMind","FlyingSleeves","OrangePellets"],"campfire_rested":4,"item_purchase_floors":[5,5,28],"current_hp_per_floor":[79,78,78,71,71,71,49,49,49,49,49,49,48,37,37,3,79,79,79,79,57,38,38,25,25,25,48,48,48,32,32,55,48,79,76,76,76,76,76,76,58,52,52,39,44,21,44,44,67,51],"gold":0,"neow_bonus":"TEN_PERCENT_HP_BONUS","is_daily":false,"chose_seed":false,"campfire_upgraded":5,"win_rate":0.0,"timestamp":1609167975,"path_taken":["M","M","M","?","$","R","E","R","T","E","R","M","M","?","R","BOSS","M","?","?","M","M","R","E","?","T","R","$","E","?","?","R","BOSS","M","M","M","M","?","E","?","E","T","M","?","?","R","?","R","BOSS"],"items_purchased_type":["Card","Card","Relic"],"build_version":"2020-12-22","purchased_purges":1,"victory":true,"max_hp_per_floor":[79,79,79,79,79,79,79,79,79,79,79,79,79,79,79,79,79,79,79,79,79,79,79,79,79,79,79,79,79,79,79,79,79,79,79,79,79,79,79,79,79,79,79,79,79,79,79,79,79,79],"relic_stats":{"Torii":0,"counters":[26,93],"Dead Branch":[37],"Pen Nib":[22],"PreservedInsect":214,"War Paint":["Vigilance","EmptyBody"],"Boot":[1],"OrangePellets":[13],"Nunchaku":[15],"Shovel":0,"Ectoplasm":741,"VioletLotus":[7],"Necronomicon":[11],"obtain_stats":[{"Potion Belt":7,"Torii":46,"Dead Branch":29,"Pen Nib":4,"PreservedInsect":9,"The Courier":43,"Omamori":31,"War Paint":10,"Boot":42,"OrangePellets":28,"Nunchaku":24,"Shovel":45,"Ectoplasm":17,"VioletLotus":34,"Necronomicon":30,"Red Mask":48,"PureWater":0,"Toxic Egg 2":26,"Toy Ornithopter":40},{"Potion Belt":4,"Torii":25,"Dead Branch":14,"Pen Nib":3,"PreservedInsect":4,"The Courier":22,"Omamori":14,"War Paint":5,"Boot":22,"OrangePellets":13,"Nunchaku":12,"Shovel":24,"Ectoplasm":8,"VioletLotus":15,"Necronomicon":14,"Red Mask":25,"PureWater":0,"Toxic Egg 2":13,"Toy Ornithopter":20},{"Potion Belt":14,"Torii":85,"Dead Branch":44,"Pen Nib":7,"PreservedInsect":14,"The Courier":75,"Omamori":44,"War Paint":18,"Boot":75,"OrangePellets":42,"Nunchaku":39,"Shovel":82,"Ectoplasm":27,"VioletLotus":48,"Necronomicon":44,"Red Mask":85,"PureWater":0,"Toxic Egg 2":42,"Toy Ornithopter":69}],"Toy Ornithopter":20},"card_choices":[{"not_picked":["Evaluate","Indignation"],"picked":"EmptyBody","floor":1.0},{"not_picked":["ThirdEye","Prostrate"],"picked":"FlurryOfBlows","floor":2.0},{"not_picked":["ReachHeaven","Protect"],"picked":"Fasting2","floor":3.0},{"not_picked":["CutThroughFate","ReachHeaven"],"picked":"Tantrum","floor":7.0},{"not_picked":["Crescendo","Wireheading"],"picked":"FearNoEvil","floor":10.0},{"not_picked":["WaveOfTheHand","BowlingBash"],"picked":"Vengeance","floor":12.0},{"not_picked":["MasterReality","SpiritShield"],"picked":"Omniscience","floor":16.0},{"not_picked":["LikeWater","Crescendo","FlyingSleeves+1"],"picked":"SKIP","floor":18.0},{"not_picked":["Halt","ClearTheMind"],"picked":"Indignation","floor":21.0},{"not_picked":["Weave","Fasting2"],"picked":"PathToVictory+1","floor":22.0},{"not_picked":["FlyingSleeves","Crescendo"],"picked":"Protect","floor":24.0},{"not_picked":["InnerPeace","Vengeance"],"picked":"Wallop","floor":25.0},{"not_picked":["ForeignInfluence+1","SashWhip+1"],"picked":"Meditate+1","floor":29.0},{"not_picked":["MasterReality","DeusExMachina+1"],"picked":"Vault+1","floor":33.0},{"not_picked":["SashWhip+1","InnerPeace+1"],"picked":"WaveOfTheHand+1","floor":35.0},{"not_picked":["Pray+1","Tantrum+1"],"picked":"FlurryOfBlows","floor":36.0},{"not_picked":["Weave+1","SandsOfTime","Prostrate+1"],"picked":"SKIP","floor":40.0}],"player_experience":1065215,"relics_obtained":[{"floor":7.0,"key":"Potion Belt"},{"floor":9.0,"key":"PreservedInsect"},{"floor":10.0,"key":"War Paint"},{"floor":24.0,"key":"Nunchaku"},{"floor":26.0,"key":"Toxic Egg 2"},{"floor":29.0,"key":"Dead Branch"},{"floor":30.0,"key":"Necronomicon"},{"floor":31.0,"key":"Omamori"},{"floor":40.0,"key":"Toy Ornithopter"},{"floor":42.0,"key":"Boot"},{"floor":43.0,"key":"The Courier"},{"floor":45.0,"key":"Shovel"},{"floor":46,"key":"Torii"}],"event_choices":[{"damage_healed":0.0,"max_hp_gain":0.0,"max_hp_loss":0.0,"gold_gain":0.0,"event_name":"Scrap Ooze","player_choice":"Success","floor":4.0,"gold_loss":0.0,"damage_taken":7.0,"relics_obtained":["Pen Nib"]},{"damage_healed":0.0,"max_hp_gain":0.0,"max_hp_loss":0.0,"gold_gain":75.0,"event_name":"World of Goop","player_choice":"Gather Gold","floor":14.0,"gold_loss":0.0,"damage_taken":11.0},{"damage_healed":0.0,"max_hp_gain":0.0,"max_hp_loss":0.0,"gold_gain":99.0,"event_name":"Nest","player_choice":"Stole From Cult","floor":19.0,"gold_loss":0.0,"damage_taken":0.0},{"damage_healed":0.0,"max_hp_gain":0.0,"max_hp_loss":0.0,"gold_gain":0.0,"event_name":"Upgrade Shrine","player_choice":"Upgraded","floor":20.0,"gold_loss":0.0,"damage_taken":0.0,"cards_upgraded":["Omniscience"]},{"damage_healed":0.0,"max_hp_gain":0.0,"max_hp_loss":0.0,"gold_gain":0.0,"event_name":"Cursed Tome","player_choice":"Obtained Book","floor":30.0,"gold_loss":0.0,"damage_taken":16.0},{"cards_removed":["Defend_P"],"damage_healed":0.0,"max_hp_gain":0.0,"max_hp_loss":0.0,"gold_gain":0.0,"event_name":"Wheel of Change","player_choice":"Card Removal","floor":39.0,"gold_loss":0.0,"damage_taken":0.0},{"damage_healed":0.0,"max_hp_gain":0.0,"max_hp_loss":0.0,"gold_gain":0.0,"event_name":"MindBloom","player_choice":"Fight","floor":45.0,"gold_loss":0.0,"damage_taken":0.0},{"damage_healed":0,"gold_gain":0,"player_choice":"Fight","damage_taken":0,"max_hp_gain":0,"max_hp_loss":0,"event_name":"Mysterious Sphere","floor":46,"gold_loss":0},{"damage_healed":0,"gold_gain":0,"player_choice":"Paid","damage_taken":0,"relics_obtained":["Red Mask"],"max_hp_gain":0,"max_hp_loss":0,"event_name":"Tomb of Lord Red Mask","floor":48,"gold_loss":42}],"is_beta":false,"boss_relics":[{"not_picked":["Velvet Choker","Busted Crown"],"picked":"Ectoplasm"},{"not_picked":["Astrolabe","Tiny House"],"picked":"VioletLotus"}],"items_purged_floors":[28],"is_endless":false,"potions_floor_spawned":[2,7,10,12,21,22,24,36,37,42,45],"ascension_level":2}}