{"host":"9kcqr6gvt9348rwr","time":1609134922,"event":{"mods":["Alarm Clock","BaseMod","Better Third Choice","BetterRewards","Colored Map","Colored Powertips","Conspire","Downfall","Ironclad Rager","Minty Spire (QoL Compilation)","Practice Mode","Rare Cards Sparkle","Relic Sorter","Replay The Spire","Shop Mod","Spicy Shops","StSLib","[功能]功能增强和修复MOD"],"gold_per_floor":[531,1043,1023,820,1242,1269,1369,1399,1399,1399,1429,1429,1429,1232,1232,2985,2985,3384,3384,3217,3554,3397,3428,3428,3428,3428,3453,3933,3933,3982,4491,4491,6559,6559,7025,7409,7216,7612,7946,7946,7951,7979,8060,7909,7909,7909,7935,7935,7935,7935],"floor_reached":51,"playtime":4662,"items_purged":["Strike_G","Strike_G","Defend_G","Defend_G","Strike_G","Strike_G","Tools of the Trade+1","Defend_G+1","Defend_G+1","Survivor","Choke+1","Neutralize","Blade Dance"],"score":1477,"play_id":"939fd85f-0be4-4a43-b483-f75ce2ca6a53","local_time":"20201228135522","is_ascension_mode":false,"campfire_choices":[{"data":"A Thousand Cuts","floor":10,"key":"SMITH"},{"data":"conspire:DoublingDagger","floor":12,"key":"SMITH"},{"data":"Tools of the Trade","floor":15,"key":"SMITH"},{"data":"After Image","floor":24,"key":"SMITH"},{"data":"Slice","floor":32,"key":"SMITH"},{"data":"Endless Agony","floor":40,"key":"SMITH"},{"data":"Adrenaline","floor":45,"key":"SMITH"},{"data":"Adrenaline","floor":49,"key":"SMITH"}],"circlet_count":0,"master_deck":["Reflex","Acrobatics","Deflect+1","Hidden Blade","conspire:DoublingDagger+1","Slice+1","A Thousand Cuts+1","Endless Agony+1","Deflect+1","Slice+1","Deflect+1","Night Terror","After Image+1","Adrenaline+1","Adrenaline+1","Masterful Stab+1","PiercingWail+1","Flying Knee+1","Master of Strategy+1","Adrenaline+1","Masterful Stab+1","Acrobatics+1","Underhanded Strike+1","Envenom+1","Slice+1","Hidden Blade+1","Phantasmal Killer+1","Flying Knee+1","Doppelganger+1","Phantasmal Killer+1","Underhanded Strike+1","Endless Agony+1","Reflex","Outmaneuver","Endless Agony+1","Adrenaline+1","Bullet Time+1","Underhanded Strike+1","Endless Agony+1","Infinite Blades+1","expansioncontent:CaCaw"],"relics":["Ring of the Snake","Juzu Bracelet","Strange Spoon","PreservedInsect","MerchantsRug","Replay:Accelerometer","Paper Crane","Bag of Marbles","Molten Egg 2","HandDrill","Tingsha","Ginger","TungstenRod","Prayer Wheel","Mirror","Medical Kit","ClockworkSouvenir","conspire:TreasureMap","Replay:Rubber Ducky","Golden Egg","Snack Pack","ReplayFunnel","Lantern","Torii","Anchor","WingedGreaves","Replay:Multitool","Bird Faced Urn","ChewingGum","Kunai","conspire:DeflatedDodgeball","Pet Ghost","Replay:Baseball","Potion Belt","Lee\u0027s Waffle","Blue Doll","Pen Nib","Bottled Tornado","Strawberry","Guide Book","The Specimen","Bag of Preparation","ReplayTheSpireMod:TigerMarble"],"acts_visited":["Exordium","TheCity","TheBeyond"],"potions_floor_usage":[16],"damage_taken":[{"damage":0,"enemies":"Small Slimes","floor":1,"turns":5},{"damage":0,"enemies":"Jaw Worm","floor":2,"turns":4},{"damage":0,"enemies":"Cultist","floor":5,"turns":2},{"damage":3,"enemies":"Gremlin Nob","floor":6,"turns":3},{"damage":10,"enemies":"3 Sentries","floor":8,"turns":4},{"damage":10,"enemies":"Lagavulin","floor":11,"turns":3},{"damage":20,"enemies":"The Guardian","floor":16,"turns":5},{"damage":0,"enemies":"3 Byrds","floor":18,"turns":3},{"damage":0,"enemies":"Shell Parasite","floor":21,"turns":1},{"damage":0,"enemies":"Slavers","floor":23,"turns":2},{"damage":0,"enemies":"Gremlin Leader","floor":25,"turns":3},{"damage":0,"enemies":"Book of Stabbing","floor":27,"turns":2},{"damage":0,"enemies":"Centurion and Healer","floor":28,"turns":3},{"damage":0,"enemies":"Snecko","floor":31,"turns":2},{"damage":0,"enemies":"Pondfish","floor":33,"turns":4},{"damage":0,"enemies":"3 Shapes","floor":35,"turns":2},{"damage":0,"enemies":"Orb Walker","floor":36,"turns":2},{"damage":0,"enemies":"Jaw Worm Horde","floor":38,"turns":3},{"damage":0,"enemies":"Sphere and 2 Shapes","floor":39,"turns":1},{"damage":0,"enemies":"R_Hoarder","floor":42,"turns":3},{"damage":0,"enemies":"Nemesis","floor":47,"turns":2},{"damage":0,"enemies":"Donu and Deca","floor":50,"turns":2}],"seed_played":"6806072492845800339","potions_obtained":[{"floor":1,"key":"Ancient Potion"},{"floor":1,"key":"Toxic Potion"},{"floor":2,"key":"champ:CounterPotion"},{"floor":5,"key":"Swift Potion"},{"floor":16,"key":"Elixir"},{"floor":28,"key":"Energy Potion"},{"floor":33,"key":"FairyPotion"},{"floor":47,"key":"Fire Potion"}],"is_trial":false,"path_per_floor":["M","M","?","$","M","E","?","E","T","R","E","R","?","$","R_BF","B",null,"M","?","$","M","$","E","R","E","T","E","M","?","T","M","R","B",null,"M","M","$","M","M","R","$","E","T","$","R","?","E","?","R","B",null],"character_chosen":"THE_SILENT","items_purchased":["Juzu Bracelet","Strange Spoon","PreservedInsect","War Paint","MerchantsRug","Slice","Hidden Blade","Molten Egg 2","HandDrill","Tingsha","Slice+1","Tools of the Trade","Deflect","Master of Strategy","Replay:Bottled Eggs","DollysMirror","Mirror","Medical Kit","Acrobatics+1","ClockworkSouvenir","conspire:TreasureMap","Replay:Rubber Ducky","Golden Egg","Endless Agony+1","Adrenaline","Kunai","conspire:DeflatedDodgeball","Pet Ghost","Replay:Baseball","Potion Belt","Lee\u0027s Waffle","Blue Doll","Endless Agony+1","Infinite Blades","Strawberry","Guide Book","The Specimen","Bag of Preparation"],"campfire_rested":0,"item_purchase_floors":[4,4,4,4,4,4,4,14,14,14,14,14,14,20,20,20,20,20,22,22,22,22,22,37,37,37,37,37,41,41,41,41,41,41,44,44,44,44],"current_hp_per_floor":[70,70,70,70,70,67,67,57,57,57,47,47,47,47,47,27,70,70,70,70,70,70,70,70,70,70,70,70,70,70,70,70,70,70,70,70,70,70,70,70,77,77,77,84,84,84,84,84,84,84],"gold":7935,"neow_bonus":"TRANSFORM_CARD","is_daily":false,"chose_seed":false,"campfire_upgraded":8,"win_rate":0.0,"timestamp":1609134922,"path_taken":["M","M","?","$","M","E","?","E","T","R","E","R","?","$","R_BF","BOSS","M","?","$","M","$","E","R","E","T","E","M","?","?","M","R","BOSS","M","M","$","M","M","R","$","E","T","$","R","?","E","?","R","BOSS"],"items_purchased_type":["Relic","Relic","Relic","Relic","Relic","Card","Card","Relic","Relic","Relic","Card","Card","Card","Card","Relic","Relic","Relic","Relic","Card","Relic","Relic","Relic","Relic","Card","Card","Relic","Relic","Relic","Relic","Relic","Relic","Relic","Card","Card","Relic","Relic","Relic","Relic"],"build_version":"2020-12-22","purchased_purges":13,"victory":true,"max_hp_per_floor":[70,70,70,70,70,70,70,70,70,70,70,70,70,70,70,70,70,70,70,70,70,70,70,70,70,70,70,70,70,70,70,70,70,70,70,70,70,70,70,70,77,77,77,84,84,84,84,84,84,84],"card_choices":[{"not_picked":["Endless Agony","Replay:Poison Smokescreen"],"picked":"Acrobatics","floor":1},{"not_picked":["Quick Slash","ReplayTheSpireMod:Tripwire"],"picked":"Dagger Spray","floor":1},{"not_picked":["Quick Slash","Bane"],"picked":"Deflect","floor":2},{"not_picked":["Expertise","All Out Attack"],"picked":"Dagger Throw","floor":2},{"not_picked":["Slice","Dagger Spray"],"picked":"conspire:DoublingDagger","floor":5},{"not_picked":["Dodge and Roll","Deadly Poison"],"picked":"Slice","floor":5},{"not_picked":["Adrenaline","Burst"],"picked":"A Thousand Cuts","floor":6},{"not_picked":["Outmaneuver","Quick Slash"],"picked":"Blade Dance","floor":6},{"not_picked":["Eviscerate","Caltrops"],"picked":"Endless Agony","floor":8},{"not_picked":["Escape Plan","Replay:Poison Smokescreen"],"picked":"Deflect","floor":11},{"not_picked":["Poison Darts","Malaise"],"picked":"Night Terror","floor":16},{"not_picked":["ReplayTheSpireMod:From All Sides+1","Replay:Bag of Tricks"],"picked":"After Image","floor":16},{"not_picked":["Malaise","Tools of the Trade"],"picked":"Adrenaline","floor":16},{"not_picked":["Wraith Form v2","Die Die Die+1"],"picked":"Adrenaline","floor":16},{"not_picked":["Underhanded Strike+1","Slice+1"],"picked":"PiercingWail+1","floor":18},{"not_picked":["ReplayTheSpireMod:Shiv Toss","Draining Mist"],"picked":"Flying Knee+1","floor":18},{"not_picked":["Eviscerate+1","Quick Slash+1","conspire:DoublingDagger"],"picked":"SKIP","floor":18},{"not_picked":["Prepared","Backflip"],"picked":"Masterful Stab+1","floor":21},{"not_picked":["Deadly Poison","Blade Dance","Bane+1"],"picked":"SKIP","floor":21},{"not_picked":["Die Die Die+1","Sucker Punch+1","Footwork"],"picked":"SKIP","floor":21},{"not_picked":["Quick Slash+1","Sucker Punch+1"],"picked":"Underhanded Strike+1","floor":23},{"not_picked":["Deflect+1","conspire:PoisonWeapons","Terror+1"],"picked":"SKIP","floor":25},{"not_picked":["Deadly Poison+1","Quick Slash+1","Deflect+1"],"picked":"SKIP","floor":27},{"not_picked":["Prepared","Hidden Blade+1"],"picked":"Envenom","floor":28},{"not_picked":["Dodge and Roll+1","Catalyst"],"picked":"Slice+1","floor":28},{"not_picked":["Expertise","Dagger Throw+1"],"picked":"Hidden Blade+1","floor":28},{"not_picked":["Flying Knee+1","Masterful Stab+1"],"picked":"Phantasmal Killer","floor":31},{"not_picked":["Poisoned Stab+1","Prepared"],"picked":"Flying Knee+1","floor":31},{"not_picked":["Expertise","Bane+1","Crippling Poison+1"],"picked":"SKIP","floor":31},{"not_picked":["Die Die Die+1","Corpse Explosion"],"picked":"Doppelganger","floor":33},{"not_picked":["ReplayTheSpireMod:Necrosis","Glass Knife+1"],"picked":"Phantasmal Killer","floor":33},{"not_picked":["Masterful Stab+1","Blur"],"picked":"Underhanded Strike+1","floor":35},{"not_picked":["Dodge and Roll","Flying Knee+1"],"picked":"Endless Agony+1","floor":35},{"not_picked":["Dodge and Roll","Dagger Throw+1","Draining Mist"],"picked":"SKIP","floor":35},{"not_picked":["Deflect","Quick Slash+1"],"picked":"Reflex","floor":36},{"not_picked":["Bane+1","Slice+1"],"picked":"Outmaneuver","floor":36},{"not_picked":["Backflip","Caltrops","Slice+1"],"picked":"SKIP","floor":36},{"not_picked":["Bane+1","Deadly Poison"],"picked":"Bullet Time","floor":38},{"not_picked":["Bane+1","Blade Dance","Deflect"],"picked":"SKIP","floor":38},{"not_picked":["Dagger Spray+1","Blade Dance","Sucker Punch+1"],"picked":"SKIP","floor":38},{"not_picked":["Noxious Fumes+1","Predator+1"],"picked":"Underhanded Strike+1","floor":39},{"not_picked":["Caltrops","Backflip+1","Dodge and Roll"],"picked":"SKIP","floor":39},{"not_picked":["Distraction+1","Bane+1","Prepared"],"picked":"SKIP","floor":39},{"not_picked":["Leg Sweep","Riddle With Holes+1","Dagger Throw+1"],"picked":"SKIP","floor":42},{"not_picked":["Replay:SS_forest_6","Trip"],"picked":"expansioncontent:CaCaw","floor":46},{"not_picked":["Terror","Flying Knee+1","ReplayTheSpireMod:From All Sides+1"],"picked":"SKIP","floor":47}],"player_experience":16323,"relics_obtained":[{"floor":6,"key":"conspire:GiftBox"},{"floor":8,"key":"Replay:Accelerometer"},{"floor":9,"key":"Paper Crane"},{"floor":11,"key":"Bag of Marbles"},{"floor":16,"key":"Ginger"},{"floor":16,"key":"TungstenRod"},{"floor":16,"key":"Prayer Wheel"},{"floor":23,"key":"Snack Pack"},{"floor":25,"key":"ReplayFunnel"},{"floor":26,"key":"Lantern"},{"floor":27,"key":"Torii"},{"floor":30,"key":"Anchor"},{"floor":33,"key":"WingedGreaves"},{"floor":33,"key":"Replay:Multitool"},{"floor":33,"key":"Bird Faced Urn"},{"floor":42,"key":"Pen Nib"},{"floor":43,"key":"Bottled Tornado"},{"floor":47,"key":"ReplayTheSpireMod:TigerMarble"}],"event_choices":[{"damage_healed":0,"gold_gain":0,"player_choice":"Left","damage_taken":0,"max_hp_gain":0,"max_hp_loss":0,"event_name":"betterThird:BetterGoop","floor":3,"gold_loss":20},{"damage_healed":0,"gold_gain":100,"player_choice":"Pray","damage_taken":0,"max_hp_gain":0,"max_hp_loss":0,"event_name":"Golden Shrine","floor":7,"gold_loss":0},{"cards_removed":["Strike_G"],"damage_healed":0,"gold_gain":0,"player_choice":"Purged","damage_taken":0,"max_hp_gain":0,"max_hp_loss":0,"event_name":"Purifier","floor":13,"gold_loss":0},{"cards_removed":["Deadly Poison"],"damage_healed":0,"gold_gain":0,"player_choice":"Elegance","damage_taken":0,"max_hp_gain":0,"max_hp_loss":0,"event_name":"betterThird:BetterWriting","floor":19,"gold_loss":0},{"damage_healed":0,"gold_gain":0,"player_choice":"Ignored","damage_taken":0,"max_hp_gain":0,"max_hp_loss":0,"event_name":"Vampires","floor":29,"gold_loss":0},{"damage_healed":0,"gold_gain":0,"player_choice":"Memory 1","damage_taken":0,"max_hp_gain":0,"max_hp_loss":0,"event_name":"SensoryStone","floor":46,"gold_loss":0},{"damage_healed":0,"gold_gain":0,"player_choice":"Ignored","damage_taken":0,"max_hp_gain":0,"max_hp_loss":0,"event_name":"Tomb of Lord Red Mask","floor":48,"gold_loss":0}],"is_beta":false,"boss_relics":[{"not_picked":["Replay:Drink Me","conspire:SeveredTorchhead"],"picked":"Astrolabe"},{"not_picked":["SacredBark","conspire:RunicOctahedron"],"picked":"ChewingGum"}],"items_purged_floors":[4,4,4,4,4,14,37,37,37,37,37,41,44],"is_endless":false,"potions_floor_spawned":[1,1,2,2,2,5,5,6,8,16,16,18,18,21,25,25,27,28,31,31,31,33,35,35,36,38,38,39,39,42,42,47],"ascension_level":0}}