{"host":"cccop0r9ue4xv1s4","time":1609158230,"event":{"mods":["BaseMod","Downfall","Minty Spire (QoL Compilation)","Quick Restart","Shop Mod","StSLib","SuperFastMode","The Bug Knight","The Servant 0.9.4"],"gold_per_floor":[99,99,99,99,98973,98984,98984,98984,98997,99097,98173,98173,98098,98112,98127,98225,98225,98225,98237,97637,97737,97757,97773,97773,97873,97873,97902,97840,97850,97865,97865,97885,97984,97984,97909,97927,97594,97594,97594,97609,97609,97639,96948,96948,96967,96967,96983,96449,96464,96464],"floor_reached":51,"playtime":3024,"items_purged":["Slimebound:Strike_Slimebound","Slimebound:Tackle","Slimebound:Strike_Slimebound","Slimebound:FirmFortitude"],"score":785,"play_id":"afca23dd-27e4-49e2-93a8-c32c16faa89a","local_time":"20201228202350","is_ascension_mode":false,"campfire_choices":[{"data":"Slimebound:CorrosiveSpit","floor":1.0,"key":"SMITH"},{"floor":8,"key":"RECALL"},{"data":"Slimebound:SamplingLick","floor":13,"key":"SMITH"},{"data":"Slimebound:DouseInSlime","floor":18,"key":"SMITH"},{"data":"Slimebound:DuplicatedForm","floor":35,"key":"SMITH"},{"data":"Slimebound:RejuvenatingLick","floor":44,"key":"SMITH"}],"circlet_count":0,"master_deck":["Slimebound:Defend_Slimebound","Slimebound:Defend_Slimebound","Slimebound:Defend_Slimebound","Slimebound:Split+1","Slimebound:CorrosiveSpit+1","Slimebound:SamplingLick+1","Slimebound:Equalize+1","Slimebound:OneTwoCombo+1","Master of Strategy","Slimebound:PrepareCrush+1","Slimebound:Prepare","Slimebound:Grow+1","Slimebound:GoopTackle+1","Slimebound:SpikyOuterGoop+1","Slimebound:Gluttony","Slimebound:AcidTongue","Slimebound:DouseInSlime+1","CurseOfTheBell","Slimebound:SpikyOuterGoop+1","Slimebound:Gluttony+1","Slimebound:MegaLick+1","J.A.X.","Slimebound:RallyTheTroops","Slimebound:AcidTongue","Finesse+1","Slimebound:Nibble+1","Slimebound:DuplicatedForm+1","Slimebound:DisruptingSlam+1","Slimebound:Darklings","Slimebound:Schlurp+1","Slimebound:RejuvenatingLick+1","Slimebound:RainOfGoop"],"relics":["Slimebound:AbsorbEndCombat","downfall:HeartsMalice","Vajra","Shuriken","Toy Ornithopter","Lee\u0027s Waffle","HollowMod:StagPassRelic","Frozen Eye","HornCleat","Strawberry","MerchantsRug","Boot","downfall:HeartBlessingRed","Calling Bell","Bag of Preparation","Sundial","Ginger","Chemical X","HollowMod:PaleOreRelic","Bag of Marbles","MutagenicStrength","Art of War","Akabeko","War Paint","Slimebound:TarBlob","downfall:HeartBlessingBlue","Pantograph","Whetstone","ClockworkSouvenir","Gremlin Horn","Juzu Bracelet","Frozen Egg 2","Cauldron","Potion Belt","Regal Pillow"],"acts_visited":["Exordium","TheCity","TheBeyond"],"potions_floor_usage":[16,19,22,30,42,42,48,50],"damage_taken":[{"damage":0.0,"enemies":"Cultist","floor":2.0,"turns":1.0},{"damage":0.0,"enemies":"2 Louse","floor":3.0,"turns":1.0},{"damage":0.0,"enemies":"downfall:FleeingMerchant","floor":5.0,"turns":1.0},{"damage":7,"enemies":"Jaw Worm","floor":6,"turns":2},{"damage":5,"enemies":"Exordium Wildlife","floor":9,"turns":2},{"damage":35,"enemies":"downfall:Heads","floor":10,"turns":4},{"damage":10,"enemies":"downfall:FleeingMerchant","floor":11,"turns":4},{"damage":16,"enemies":"Exordium Thugs","floor":14,"turns":2},{"damage":4,"enemies":"2 Fungi Beasts","floor":15,"turns":3},{"damage":13,"enemies":"downfall:Ironclad","floor":16,"turns":6},{"damage":8,"enemies":"Shell Parasite","floor":19,"turns":3},{"damage":4,"enemies":"downfall:FleeingMerchant","floor":20,"turns":4},{"damage":35,"enemies":"downfall:Augmenter","floor":21,"turns":6},{"damage":34,"enemies":"Chosen and Byrds","floor":22,"turns":7},{"damage":23,"enemies":"Centurion and Healer","floor":23,"turns":4},{"damage":21,"enemies":"Book of Stabbing","floor":27,"turns":5},{"damage":7,"enemies":"downfall:FleeingMerchant","floor":28,"turns":4},{"damage":27,"enemies":"Snake Plant","floor":29,"turns":3},{"damage":30,"enemies":"Snecko","floor":30,"turns":5},{"damage":11,"enemies":"Centurion and Healer","floor":32,"turns":3},{"damage":65,"enemies":"downfall:Watcher","floor":33,"turns":7},{"damage":11,"enemies":"3 Shapes","floor":36,"turns":4},{"damage":24,"enemies":"Orb Walker","floor":40,"turns":2},{"damage":22,"enemies":"Reptomancer","floor":42,"turns":5},{"damage":8,"enemies":"Writhing Mass","floor":45,"turns":4},{"damage":45,"enemies":"3 Darklings","floor":47,"turns":5},{"damage":73,"enemies":"Spire Growth","floor":49,"turns":5},{"damage":62,"enemies":"downfall:Defect","floor":50,"turns":5}],"seed_played":"2458213121231953956","potions_obtained":[{"floor":9,"key":"champ:CounterPotion"},{"floor":14,"key":"DistilledChaos"},{"floor":16,"key":"LiquidMemories"},{"floor":22,"key":"Fire Potion"},{"floor":29,"key":"DistilledChaos"},{"floor":30,"key":"LiquidBronze"},{"floor":32,"key":"LiquidMemories"},{"floor":47,"key":"Block Potion"},{"floor":48,"key":"Fire Potion"},{"floor":49,"key":"Fire Potion"}],"is_trial":false,"path_per_floor":["R","M","M","T","$","M","T","R","M","?","$","T","R","M","M","B",null,"R","M","$","?","M","M","T","?","?","E","$","M","M","?","M","B",null,"R","M","?","?","?","M","T","E","$","R","M","T","M","$","M","B",null],"character_chosen":"SLIMEBOUND","items_purchased":["Slimebound:FirmFortitude","Slimebound:OneTwoCombo","Slimebound:GoopSpray","Shuriken","Toy Ornithopter","Lee\u0027s Waffle","Master of Strategy","Frozen Eye","HornCleat","Strawberry","Slimebound:GoopTackle","MerchantsRug","Slimebound:SpikyOuterGoop","Chemical X","HollowMod:PaleOreRelic","Bag of Marbles","Akabeko","War Paint","Finesse","ClockworkSouvenir","Gremlin Horn","Juzu Bracelet","Cauldron","Potion Belt","Regal Pillow","Fruit Juice"],"campfire_rested":0,"item_purchase_floors":[5,5,5,5,5,5,5,11,11,11,11,11,11,20,20,20,28,28,28,43,43,43,48,48,48,48],"current_hp_per_floor":[60,60,60,60,67,66,66,66,67,50,61,61,61,53,57,70,74,74,72,74,74,59,52,52,52,74,73,74,59,52,52,55,22,74,84,77,95,95,95,95,95,89,89,89,95,95,80,90,66,86],"gold":96464,"neow_bonus":"THREE_ENEMY_KILL","is_daily":false,"chose_seed":false,"campfire_upgraded":5,"win_rate":0.0,"timestamp":1609158230,"path_taken":["R","M","M","?","$","M","T","R","M","?","$","?","R","M","M","BOSS","R","M","$","?","M","M","T","?","?","E","$","M","?","?","M","BOSS","R","M","?","?","?","M","T","E","$","R","M","?","M","$","M","BOSS"],"items_purchased_type":["Card","Card","Card","Relic","Relic","Relic","Card","Relic","Relic","Relic","Card","Relic","Card","Relic","Relic","Relic","Relic","Relic","Card","Relic","Relic","Relic","Relic","Relic","Relic","Potion"],"build_version":"2020-12-22","purchased_purges":4,"victory":true,"max_hp_per_floor":[60,60,60,60,67,67,67,67,67,67,74,74,74,74,74,74,74,74,74,74,74,74,74,74,74,74,74,74,74,74,74,74,74,74,84,84,95,95,95,95,95,95,95,95,95,95,95,100,100,100],"card_choices":[{"not_picked":["Slimebound:SplitMire","Slimebound:SplitAcid"],"picked":"Slimebound:SamplingLick","floor":2.0},{"not_picked":["Slimebound:LeechingTouch","Slimebound:RollThrough","Slimebound:ComboTackle"],"picked":"SKIP","floor":3.0},{"not_picked":["Slimebound:RollThrough","Slimebound:SplitBruiser"],"picked":"Slimebound:Equalize","floor":5.0},{"not_picked":["Slimebound:FinishingTackle","Slimebound:RollThrough","Slimebound:PressTheAttack"],"picked":"SKIP","floor":6},{"not_picked":["Slimebound:SplitMire","Slimebound:SplitBruiser"],"picked":"Slimebound:PrepareCrush","floor":9},{"not_picked":["Slimebound:RollThrough","Slimebound:SlimeTap"],"picked":"Slimebound:Grow","floor":11},{"not_picked":["Slimebound:LeadByExample","Slimebound:SlimeSpikes"],"picked":"Slimebound:Gluttony","floor":14},{"not_picked":["Slimebound:SplitBruiser","Slimebound:Nibble"],"picked":"Slimebound:AcidTongue","floor":15},{"not_picked":["Slimebound:MinionMaster","Slimebound:Overexert"],"picked":"Slimebound:DouseInSlime","floor":16},{"not_picked":["Slimebound:LevelUp","Slimebound:FirmFortitude+1"],"picked":"Slimebound:SpikyOuterGoop+1","floor":19},{"not_picked":["Slimebound:LeechEnergy+1","Slimebound:LivingWall"],"picked":"Slimebound:Gluttony+1","floor":20},{"not_picked":["Slimebound:TongueLash","Slimebound:FormOfPuddle+1"],"picked":"Slimebound:MegaLick","floor":21},{"not_picked":[],"picked":"J.A.X.","floor":21},{"not_picked":["Slimebound:Replication","Slimebound:RollThrough","Slimebound:FinishingTackle"],"picked":"SKIP","floor":22},{"not_picked":["Slimebound:Teamwork","Slimebound:SamplingLick","Slimebound:PressTheAttack"],"picked":"SKIP","floor":23},{"not_picked":["Slimebound:RollThrough+1","Slimebound:RejuvenatingLick"],"picked":"Slimebound:AcidTongue","floor":27},{"not_picked":["Slimebound:GoopSpray","Slimebound:RallyTheTroops","Slimebound:RollThrough"],"picked":"SKIP","floor":28},{"not_picked":["Slimebound:SpikyOuterGoop","Slimebound:SlimeBarrage+1","Slimebound:PressTheAttack"],"picked":"SKIP","floor":29},{"not_picked":["Slimebound:LeechingTouch","Slimebound:Schlurp"],"picked":"Slimebound:Nibble+1","floor":30},{"not_picked":["Slimebound:Equalize","Slimebound:PressTheAttack","Slimebound:GoopSpray+1"],"picked":"SKIP","floor":32},{"not_picked":["Slimebound:MassRepurpose","Slimebound:SelfFormingGoo"],"picked":"Slimebound:DuplicatedForm","floor":33},{"not_picked":["Slimebound:PressTheAttack+1","Slimebound:FinishingTackle"],"picked":"Slimebound:DisruptingSlam+1","floor":36},{"not_picked":["Slimebound:SplitAcid","Slimebound:GoopSpray+1"],"picked":"Slimebound:Schlurp+1","floor":40},{"not_picked":["Slimebound:FirmFortitude","Slimebound:RallyTheTroops"],"picked":"Slimebound:RejuvenatingLick","floor":42},{"not_picked":["Slimebound:GoopSpray+1","Slimebound:SlimeSpikes"],"picked":"Slimebound:RainOfGoop","floor":45},{"not_picked":["Slimebound:FinishingTackle+1","Slimebound:SplitBruiser","Slimebound:SlimeSpikes+1"],"picked":"SKIP","floor":47},{"not_picked":["Slimebound:ItLooksTasty+1","Slimebound:SlimeSpikes+1","Slimebound:FinishingTackle+1"],"picked":"SKIP","floor":49}],"player_experience":318811,"relics_obtained":[{"floor":4.0,"key":"Vajra"},{"floor":7,"key":"HollowMod:StagPassRelic"},{"floor":12,"key":"Boot"},{"floor":17,"key":"Bag of Preparation"},{"floor":17,"key":"Sundial"},{"floor":17,"key":"Ginger"},{"floor":21,"key":"MutagenicStrength"},{"floor":27,"key":"Art of War"},{"floor":41,"key":"Pantograph"},{"floor":42,"key":"Whetstone"},{"floor":46,"key":"Frozen Egg 2"}],"event_choices":[{"damage_healed":22,"gold_gain":0,"player_choice":"Full Heal","damage_taken":0,"max_hp_gain":0,"max_hp_loss":0,"event_name":"Wheel of Change","floor":26,"gold_loss":0},{"damage_healed":0,"gold_gain":0,"player_choice":"Ignored","damage_taken":0,"max_hp_gain":0,"max_hp_loss":0,"event_name":"Transmorgrifier","floor":31,"gold_loss":0}],"is_beta":false,"boss_relics":[{"not_picked":["Cursed Key","Sozu"],"picked":"Calling Bell"},{"not_picked":["Coffee Dripper","Busted Crown"],"picked":"Slimebound:TarBlob"}],"items_purged_floors":[5,11,20,43],"is_endless":false,"potions_floor_spawned":[9,14,16,22,29,30,32,33,40,47,49],"ascension_level":0}}