{"host":"1lhpgrjjhxx10cx0","time":1609132646,"event":{"mods":["Arknights The Spire","BaseMod","CapriCore","Friendly Minions","Highlight Path","Minty Spire (QoL Compilation)","Permanent Neow","Quick Restart","StSLib","The Alterego","The Animator","The Immortal","Voiceroid Mod","Waifu the Spire","Yakumo Yukari mod","≤–¡Ù÷ÆŒÔ"],"gold_per_floor":[115,134,59,59,69,69,69,103,103,118,143,153,124,135,135,238,238,250,262,262,162,175,175,192,192,192,220,320,195,195,195,195],"floor_reached":31,"playtime":1557,"items_purged":["ats:Strike C","ats:Strike S","ats:Strike V"],"score":290,"play_id":"841d83da-0523-4ad1-82b0-92c88024594d","local_time":"20201228131726","is_ascension_mode":false,"campfire_choices":[{"data":"ats:Soul Rend","floor":6,"key":"SMITH"},{"data":"ats:Emotion Absorption","floor":15,"key":"SMITH"},{"data":"ats:Sword Rain","floor":23,"key":"SMITH"},{"data":"ats:Calcification","floor":25,"key":"SMITH"}],"circlet_count":0,"master_deck":["ats:Strike G","ats:Armor Crushing Shot","ats:Defend","ats:Defend","ats:Defend","ats:Defend","ats:Emotion Absorption+1","ats:Soul Rend+1","ats:Cat Scratch","ats:Red Shift","ats:Sword Rain+1","ats:Calcification+1","ats:Charging Defense","ats:Soul Rend","ats:Cat Scratch","ats:Cat Scratch","ats:Cat Scratch"],"relics":["ats:Sanity","ats:Lavender","ats:Originium","ats:Spiritual Recovery","ats:Industrial Water Cannon","ats:Originium","Mummified Hand","SlaversCollar","ats:MaxSp1","ats:Originium","Blue Candle","ats:Emergency Defibrillator","Ornamental Fan","Eternal Feather"],"acts_visited":["Exordium","TheCity"],"potions_floor_usage":[8,16,28,28,28],"damage_taken":[{"damage":10,"enemies":"Cultist","floor":1,"turns":4},{"damage":12,"enemies":"2 Louse","floor":2,"turns":3},{"damage":10,"enemies":"Small Slimes","floor":5,"turns":3},{"damage":42,"enemies":"3 Sentries","floor":8,"turns":11},{"damage":9,"enemies":"3 Louse","floor":10,"turns":2},{"damage":54,"enemies":"Gremlin Nob","floor":11,"turns":6},{"damage":4,"enemies":"2 Fungi Beasts","floor":12,"turns":4},{"damage":8,"enemies":"Exordium Wildlife","floor":14,"turns":4},{"damage":44,"enemies":"Hexaghost","floor":16,"turns":17},{"damage":30,"enemies":"Shell Parasite","floor":18,"turns":9},{"damage":26,"enemies":"Spheric Guardian","floor":19,"turns":6},{"damage":18,"enemies":"Snecko","floor":22,"turns":8},{"damage":30,"enemies":"Snake Plant","floor":24,"turns":7},{"damage":57,"enemies":"Slavers","floor":27,"turns":7},{"damage":15,"enemies":"Colosseum Slavers","floor":28,"turns":6},{"damage":29,"enemies":"Colosseum Nobs","floor":28,"turns":5},{"damage":15,"enemies":"Centurion and Healer","floor":31,"turns":5}],"seed_played":"3269713409002615040","potions_obtained":[{"floor":5,"key":"LiquidBronze"},{"floor":7,"key":"Strength Potion"},{"floor":7,"key":"Energy Potion"},{"floor":7,"key":"EssenceOfSteel"},{"floor":8,"key":"SmokeBomb"},{"floor":16,"key":"PowerPotion"},{"floor":18,"key":"Block Potion"},{"floor":28,"key":"ats:Top Emergency Sanity Potion"}],"is_trial":false,"path_per_floor":["M","M","$","?","M","R","?","E","T","M","E","M","?","M","R","B",null,"M","M","?","$","M","R","M","R","T","E","?","$","T","M"],"character_chosen":"DOCTOR_CLASS","items_purchased":[],"campfire_rested":0,"item_purchase_floors":[],"current_hp_per_floor":[63,52,52,40,37,37,37,47,47,41,6,12,12,18,18,52,72,72,51,51,51,72,72,63,63,63,49,53,53,53,72,72],"gold":195,"neow_bonus":"ONE_RANDOM_RARE_CARD","is_daily":false,"chose_seed":false,"campfire_upgraded":4,"win_rate":0.0,"timestamp":1609132646,"path_taken":["M","M","$","?","M","R","?","E","T","?","E","?","?","M","R","BOSS","M","M","?","$","M","R","M","R","T","E","?","$","?","M"],"items_purchased_type":[],"build_version":"2020-12-22","purchased_purges":3,"victory":false,"max_hp_per_floor":[72,72,72,72,72,72,72,72,72,72,72,72,72,72,72,72,72,72,72,72,72,72,72,72,72,72,72,72,72,72,72,72],"card_choices":[{"not_picked":["ats:Revitalization","ats:Explosion Area Strengthen"],"picked":"ats:Cat Scratch","floor":1},{"not_picked":["ats:Encircling Forest","ats:Hammer On"],"picked":"ats:Red Shift","floor":2},{"not_picked":["ats:Curse Doll","ats:Hammer On","ats:Consecutive Shot Auto"],"picked":"SKIP","floor":5},{"not_picked":["ats:Automatic Cover","ats:Hammer On"],"picked":"ats:Sword Rain","floor":8},{"not_picked":["ats:Chain Hook","ats:Guardian Obelisk","ats:Song Of Battle"],"picked":"SKIP","floor":10},{"not_picked":["ats:Mental Burst","ats:Rapid Magazine"],"picked":"ats:Calcification","floor":11},{"not_picked":["ats:Sunburst","ats:Thermite Blade","ats:Curse Doll"],"picked":"SKIP","floor":12},{"not_picked":["ats:Revitalization","ats:Childhood Dance"],"picked":"ats:Charging Defense","floor":14},{"not_picked":["ats:Nebulous Foxfire","ats:Ambush"],"picked":"ats:Soul Rend","floor":16},{"not_picked":["ats:Explosion Area Strengthen","ats:Spore Proliferation+1"],"picked":"ats:Cat Scratch","floor":18},{"not_picked":["ats:Flexible Camouflage","ats:Assault Order"],"picked":"ats:Cat Scratch","floor":19},{"not_picked":["ats:Directed Diagnosis","ats:Hammer On","ats:Thorns"],"picked":"SKIP","floor":22},{"not_picked":["ats:Defend Order","ats:Shell Defense","ats:Flexible Camouflage"],"picked":"SKIP","floor":24},{"not_picked":["ats:Collapsing Strike+1","ats:Mental Burst","ats:Powerful Strike"],"picked":"SKIP","floor":27}],"player_experience":96686,"relics_obtained":[{"floor":8,"key":"ats:Originium"},{"floor":8,"key":"ats:Spiritual Recovery"},{"floor":9,"key":"ats:Industrial Water Cannon"},{"floor":11,"key":"ats:Originium"},{"floor":11,"key":"Mummified Hand"},{"floor":26,"key":"ats:MaxSp1"},{"floor":27,"key":"ats:Originium"},{"floor":27,"key":"Blue Candle"},{"floor":28,"key":"ats:Emergency Defibrillator"},{"floor":28,"key":"Ornamental Fan"},{"floor":30,"key":"Eternal Feather"}],"event_choices":[{"damage_healed":0,"gold_gain":0,"player_choice":"Success","damage_taken":12,"relics_obtained":["ats:Lavender"],"max_hp_gain":0,"max_hp_loss":0,"event_name":"Scrap Ooze","floor":4,"gold_loss":0},{"damage_healed":0,"gold_gain":0,"player_choice":"Got Potions","damage_taken":0,"max_hp_gain":0,"max_hp_loss":0,"event_name":"Lab","floor":7,"gold_loss":0},{"damage_healed":0,"gold_gain":0,"player_choice":"Left Gold","damage_taken":0,"max_hp_gain":0,"max_hp_loss":0,"event_name":"World of Goop","floor":13,"gold_loss":29},{"damage_healed":0,"gold_gain":0,"player_choice":"Read","damage_taken":0,"max_hp_gain":0,"max_hp_loss":0,"event_name":"The Library","floor":20,"gold_loss":0,"cards_obtained":["ats:Cat Scratch"]},{"damage_healed":0,"gold_gain":0,"player_choice":"Fight","damage_taken":0,"max_hp_gain":0,"max_hp_loss":0,"event_name":"Colosseum","floor":28,"gold_loss":0},{"damage_healed":0,"gold_gain":0,"player_choice":"Fought Nobs","damage_taken":0,"max_hp_gain":0,"max_hp_loss":0,"event_name":"Colosseum","floor":28,"gold_loss":0}],"is_beta":false,"boss_relics":[{"not_picked":["Snecko Eye","Runic Pyramid"],"picked":"SlaversCollar"}],"items_purged_floors":[3,21,29],"is_endless":false,"potions_floor_spawned":[5,8,14,16,18,22,28,28],"killed_by":"Centurion and Healer","ascension_level":0}}