{"host":"j61pjxqytd94o6ng","time":1609175950,"event":{"mods":["BaseMod","Bestiary","Colored Map","Colored Powertips","Curses Come First","Filter the Spire","Minty Spire (QoL Compilation)","Replay The Spire","StSLib"],"gold_per_floor":[11,11,24,41,54,54,74,85,132,142,142,168,183,193,193,272,272,287,305,50,63,3,3,3,3],"floor_reached":24,"playtime":1581,"items_purged":["Strike_G"],"score":347,"play_id":"bb2ec3b3-741e-426d-846b-2d8f7626984c","local_time":"20201228101910","is_ascension_mode":true,"campfire_choices":[{"data":"Glass Knife","floor":6,"key":"SMITH"},{"data":"Burst","floor":11,"key":"SMITH"},{"floor":23,"key":"REST"}],"circlet_count":0,"master_deck":["AscendersBane","Strike_G","Strike_G","Strike_G","Strike_G","Defend_G","Defend_G","Defend_G","Defend_G","Defend_G","Survivor","Neutralize","Glass Knife+1","Blur","Catalyst","Footwork","Poisoned Stab","Deadly Poison","Burst+1","Dodge and Roll","Footwork","Acrobatics","Backflip+1","Corpse Explosion","Noxious Fumes","Terror+1","Sadistic Nature"],"relics":["Sizzling Blood","Omamori","Tiny Chest","Ring of Chaos"],"acts_visited":["Exordium","TheCity"],"potions_floor_usage":[12,13],"damage_taken":[{"damage":0,"enemies":"2 Louse","floor":1,"turns":2},{"damage":3,"enemies":"Cultist","floor":3,"turns":4},{"damage":8,"enemies":"Small Slimes","floor":4,"turns":6},{"damage":14,"enemies":"Red Slaver","floor":5,"turns":5},{"damage":3,"enemies":"Looter","floor":7,"turns":3},{"damage":4,"enemies":"Exordium Thugs","floor":8,"turns":6},{"damage":14,"enemies":"Red Slaver","floor":10,"turns":4},{"damage":28,"enemies":"Gremlin Nob","floor":12,"turns":5},{"damage":13,"enemies":"3 Louse","floor":13,"turns":5},{"damage":2,"enemies":"2 Fungi Beasts","floor":14,"turns":7},{"damage":20,"enemies":"Slime Boss","floor":16,"turns":18},{"damage":19,"enemies":"Spheric Guardian","floor":18,"turns":9},{"damage":18,"enemies":"Chosen","floor":19,"turns":8},{"damage":24,"enemies":"Snake Plant","floor":21,"turns":5},{"damage":31,"enemies":"Shelled Parasite and Fungi","floor":24,"turns":8}],"seed_played":"8768460357130091207","potions_obtained":[{"floor":1,"key":"FearPotion"},{"floor":3,"key":"GamblersBrew"},{"floor":8,"key":"PowerPotion"},{"floor":13,"key":"Reflective Coating"},{"floor":14,"key":"Dexterity Potion"}],"is_trial":false,"path_per_floor":["M","?","M","M","M","R","M","M","T","M","R","E","M","M","R_BF","B",null,"M","M","$","M","?","R","M"],"character_chosen":"THE_SILENT","items_purchased":["Sadistic Nature"],"campfire_rested":1,"item_purchase_floors":[20],"current_hp_per_floor":[59,63,64,60,50,50,51,51,51,41,41,17,8,10,31,15,56,41,27,27,7,7,28,0,0],"gold":3,"neow_bonus":"THREE_RARE_CARDS","is_daily":false,"chose_seed":false,"campfire_upgraded":2,"win_rate":0.0,"timestamp":1609175950,"path_taken":["M","?","M","M","M","R","M","M","T","M","R","E","M","M","R_BF","BOSS","M","M","$","M","?","R","M"],"items_purchased_type":["Card"],"build_version":"2020-12-22","purchased_purges":1,"victory":false,"max_hp_per_floor":[66,70,70,70,70,70,70,70,70,70,70,70,70,70,70,70,70,70,70,70,70,70,70,70,70],"card_choices":[{"not_picked":["ReplayTheSpireMod:From All Sides","ReplayTheSpireMod:Necrosis"],"picked":"Glass Knife","floor":0},{"not_picked":["Dagger Spray","Prepared"],"picked":"Blur","floor":1},{"not_picked":["Acrobatics","Deflect"],"picked":"Catalyst","floor":3},{"not_picked":["Infinite Blades","Flying Knee"],"picked":"Footwork","floor":4},{"not_picked":["Hidden Blade","Deflect"],"picked":"Poisoned Stab","floor":5},{"not_picked":["Quick Slash","Prepared"],"picked":"Deadly Poison","floor":7},{"not_picked":["Deadly Poison","Backflip"],"picked":"Burst","floor":8},{"not_picked":["Underhanded Strike","Caltrops"],"picked":"Dodge and Roll","floor":10},{"not_picked":["Dash","Backflip"],"picked":"Footwork","floor":12},{"not_picked":["ReplayTheSpireMod:Exploit Weakness","Setup"],"picked":"Acrobatics","floor":13},{"not_picked":["Bane","Dagger Spray"],"picked":"Backflip","floor":14},{"not_picked":["Atom Bomb","Poison Darts"],"picked":"Corpse Explosion","floor":16},{"not_picked":["Sucker Punch+1","Caltrops"],"picked":"Noxious Fumes","floor":18},{"not_picked":["Accuracy","Sneak Up"],"picked":"Terror+1","floor":19},{"not_picked":["Caltrops","ReplayTheSpireMod:Exploit Weakness","Deflect"],"picked":"SKIP","floor":21}],"player_experience":461188,"relics_obtained":[{"floor":9,"key":"Omamori"},{"floor":12,"key":"Tiny Chest"}],"event_choices":[],"is_beta":false,"boss_relics":[{"not_picked":["Astrolabe","Tiny House"],"picked":"Ring of Chaos"}],"items_purged_floors":[20],"is_endless":false,"potions_floor_spawned":[1,3,8,13,14,18,21],"killed_by":"Shelled Parasite and Fungi","ascension_level":14}}