{"host":"9s40qwdfo6o6xlx0","time":1609137239,"event":{"mods":["ATMod(°¢èªMod)","BaseMod","Highlight Path","Minty Spire (QoL Compilation)","Replay The Spire","StSLib"],"gold_per_floor":[118,118,118,139,139,157,190,190,190,215,250,325,366,384,384,504,504,522,522,538,538,538,571,571,571,598,632,632,632,646,6,6,134,134,159,159,175,200,126,162,162,212,236,236,259,294,294,312,312,312],"floor_reached":51,"playtime":4733,"items_purged":["Injury"],"score":910,"play_id":"e77121a8-3bbb-474f-aa01-cbe040dceb5a","local_time":"20201228143359","is_ascension_mode":false,"campfire_choices":[{"data":"Fission","floor":8.0,"key":"SMITH"},{"floor":15.0,"key":"REST"},{"data":"Time Bomb","floor":24.0,"key":"SMITH"},{"data":"Storm","floor":28.0,"key":"SMITH"},{"data":"AT_RightCognition","floor":32,"key":"SMITH"},{"data":"Creative AI","floor":41,"key":"SMITH"},{"data":"Creative AI","floor":44,"key":"SMITH"},{"floor":49,"key":"DIG"}],"circlet_count":0,"master_deck":["Strike_B","Strike_B","Strike_B","Defend_B","Defend_B","Defend_B","Zap","Dualcast","AT_ArcaneSupremacy","Crystallizer","Cold Snap","Fission+1","Skim","Hello World","Conserve Battery","Mirror Shield+1","ReplayGash","Storm+1","Streamline+1","Gash+1","Seek+1","ReplayTheSpireMod:System Scan+1","Time Bomb+1","Undo+1","Chill","AT_HeatAcrobatics","Beam Cell","Redo+1","AT_RightCognition+1","Self Repair","Midas Touch","Creative AI+1","Turbo+1","Swift Strike+1","Crow Ritual","AT_LightSaberMaster","Conserve Battery+1","Redo+1","Defragment","Creative AI+1","Languid","AT_ThunderBolt+1","Machine Learning+1","Spreading Infection","Redo+1"],"relics":["Cracked Core","AT_ATBox","AT_ChloranthyRing","Golden Idol","PreservedInsect","Replay:Baseball","AT_DeathDance","Geode","AT_Kusabimaru","Coffee Dripper","CaptainsWheel","Whetstone","Enchiridion","Bag of Preparation","Molten Egg 2","Spirit Poop","Guide Book","Replay:Rubber Ducky","Honey Jar","Counterbalance","Ring of Hypnosis","Ring of Greed","The Courier","Golden Egg","Juzu Bracelet","AT_RedTearstoneRing","Chameleon Ring"],"acts_visited":["Exordium","TheCity","TheBeyond"],"potions_floor_usage":[45,50,50,50],"damage_taken":[{"damage":0.0,"enemies":"2 Louse","floor":1.0,"turns":3.0},{"damage":8.0,"enemies":"Small Slimes","floor":4.0,"turns":4.0},{"damage":0.0,"enemies":"Cultist","floor":6.0,"turns":2.0},{"damage":9.0,"enemies":"3 Sentries","floor":7.0,"turns":9.0},{"damage":19.0,"enemies":"Exordium Thugs","floor":10.0,"turns":3.0},{"damage":2.0,"enemies":"Lagavulin","floor":11.0,"turns":7.0},{"damage":12.0,"enemies":"Gremlin Nob","floor":13.0,"turns":4.0},{"damage":0.0,"enemies":"Red Slaver","floor":14.0,"turns":3.0},{"damage":28.0,"enemies":"Hexaghost","floor":16.0,"turns":12.0},{"damage":30.0,"enemies":"2 Thieves","floor":18.0,"turns":4.0},{"damage":0.0,"enemies":"Shell Parasite","floor":20.0,"turns":4.0},{"damage":13.0,"enemies":"Book of Stabbing","floor":23.0,"turns":4.0},{"damage":4.0,"enemies":"Slavers","floor":27.0,"turns":4.0},{"damage":4,"enemies":"Snecko","floor":30,"turns":5},{"damage":0,"enemies":"Collector","floor":33,"turns":7},{"damage":1,"enemies":"Orb Walker","floor":35,"turns":2},{"damage":0,"enemies":"3 Shapes","floor":37,"turns":3},{"damage":0,"enemies":"Maw","floor":38,"turns":6},{"damage":36,"enemies":"Nemesis","floor":40,"turns":7},{"damage":11,"enemies":"4 Shapes","floor":45,"turns":3},{"damage":15,"enemies":"Reptomancer","floor":46,"turns":4},{"damage":3,"enemies":"Jaw Worm Horde","floor":48,"turns":1},{"damage":0,"enemies":"Time Eater","floor":50,"turns":8}],"seed_played":"6957763699034228853","potions_obtained":[{"floor":1.0,"key":"Adrenaline Potion"},{"floor":7.0,"key":"Energy Potion"},{"floor":11.0,"key":"Regen Potion"},{"floor":13.0,"key":"SkillPotion"},{"floor":18.0,"key":"DistilledChaos"},{"floor":33,"key":"Explosive Potion"},{"floor":35,"key":"Languid Potion"},{"floor":46,"key":"SkillPotion"}],"is_trial":false,"path_per_floor":["M","?","?","M","T","M","E","R","T","M","E","?","E","M","R","B",null,"M","?","M","?","?","E","R","?","T","E","R","?","M","$","R","B",null,"M","?","M","M","$","E","R","?","T","R","M","E","?","M","R","B",null],"character_chosen":"DEFECT","items_purchased":["Guide Book","Self Repair","Replay:Rubber Ducky","Midas Touch","Defragment"],"campfire_rested":1,"item_purchase_floors":[31,31,31,31,39],"current_hp_per_floor":[75,75,75,67,67,67,58,58,58,39,37,30,18,18,40,12,75,45,45,45,45,45,32,32,16,16,21,21,21,17,17,17,24,75,75,65,75,75,75,46,46,46,46,46,35,27,66,63,63,66],"gold":312,"neow_bonus":"RANDOM_COMMON_RELIC","is_daily":false,"chose_seed":false,"campfire_upgraded":6,"win_rate":0.0,"timestamp":1609137239,"path_taken":["M","?","?","?","?","M","E","R","T","?","E","?","E","M","R","BOSS","M","?","M","?","?","E","R","?","T","E","R","?","M","$","R","BOSS","M","?","M","M","$","E","R","?","T","R","M","E","?","M","R","BOSS"],"items_purchased_type":["Relic","Card","Relic","Card","Card"],"build_version":"2020-12-22","purchased_purges":1,"victory":true,"max_hp_per_floor":[75,75,75,75,75,75,75,75,75,75,75,75,75,75,75,75,75,75,75,75,75,75,75,75,75,75,75,75,75,75,75,75,75,75,75,75,75,75,75,75,75,75,75,75,75,75,66,66,66,66],"card_choices":[{"not_picked":["Capacitor","BasicCrystalCard"],"picked":"Crystallizer","floor":1.0},{"not_picked":["ReplayTheSpireMod:System Scan","ReplayTheSpireMod:Calculation Training"],"picked":"Hello World","floor":4.0},{"not_picked":["Stack","Leap"],"picked":"Conserve Battery","floor":6.0},{"not_picked":["Leap","Compile Driver"],"picked":"Mirror Shield","floor":7.0},{"not_picked":["ReplayTheSpireMod:System Scan","Streamline"],"picked":"ReplayGash","floor":10.0},{"not_picked":["AT_HeatAcrobatics","Streamline"],"picked":"Storm","floor":11.0},{"not_picked":["Ball Lightning","BootSequence"],"picked":"Streamline","floor":13.0},{"not_picked":["Ball Lightning","Beam Cell"],"picked":"Gash","floor":14.0},{"not_picked":["All For One","Multi-Cast"],"picked":"Seek","floor":16.0},{"not_picked":["Go for the Eyes","Reprogram"],"picked":"ReplayTheSpireMod:System Scan+1","floor":18.0},{"not_picked":["Cold Snap","Sunder"],"picked":"Undo+1","floor":20.0},{"not_picked":["Skim","Reprogram"],"picked":"Beam Cell","floor":23.0},{"not_picked":["Leap","Sweeping Beam+1"],"picked":"Redo+1","floor":27.0},{"not_picked":["Cold Snap+1","Stack+1"],"picked":"AT_RightCognition","floor":30},{"not_picked":["Fission","All For One+1"],"picked":"Creative AI","floor":33},{"not_picked":["FTL+1","Chaos","Streamline+1"],"picked":"Turbo+1","floor":35},{"not_picked":["ReplayTheSpireMod:Trickstab+1","Mind Blast+1","HandOfGreed+1"],"picked":"Swift Strike+1","floor":36},{"not_picked":["Survey Options","Blind","Impatience"],"picked":"Crow Ritual","floor":36},{"not_picked":["Good Instincts","Madness","Sadistic Nature"],"picked":"AT_LightSaberMaster","floor":36},{"not_picked":["Ball Lightning+1","Coolheaded+1","Lockon+1"],"picked":"Conserve Battery+1","floor":37},{"not_picked":["Auto Shields","Rebound+1","Panic Button+1"],"picked":"Redo+1","floor":38},{"not_picked":["Reinforced Body","Rebound+1","Leap"],"picked":"Creative AI","floor":40},{"not_picked":["Conserve Battery+1","ReplaySort","Compile Driver+1"],"picked":"AT_ThunderBolt+1","floor":45},{"not_picked":["Stack","Time Bomb+1","Compile Driver+1"],"picked":"Machine Learning","floor":46},{"not_picked":["ReplayTheSpireMod:System Scan","BootSequence+1","Streamline+1"],"picked":"Redo+1","floor":48}],"player_experience":34749,"relics_obtained":[{"floor":5.0,"key":"PreservedInsect"},{"floor":7.0,"key":"Replay:Baseball"},{"floor":9.0,"key":"AT_DeathDance"},{"floor":11.0,"key":"Geode"},{"floor":13.0,"key":"AT_Kusabimaru"},{"floor":23.0,"key":"Whetstone"},{"floor":25.0,"key":"Enchiridion"},{"floor":26.0,"key":"Bag of Preparation"},{"floor":27.0,"key":"Molten Egg 2"},{"floor":40,"key":"Counterbalance"},{"floor":42,"key":"Ring of Hypnosis"},{"floor":42,"key":"Ring of Greed"},{"floor":42,"key":"The Courier"},{"floor":42,"key":"Golden Egg"},{"floor":43,"key":"Juzu Bracelet"},{"floor":46,"key":"AT_RedTearstoneRing"},{"floor":49,"key":"Chameleon Ring"}],"event_choices":[{"damage_healed":0.0,"max_hp_gain":0.0,"max_hp_loss":0.0,"gold_gain":0.0,"event_name":"Golden Idol","player_choice":"Take Wound","floor":2.0,"gold_loss":0.0,"damage_taken":0.0,"relics_obtained":["Golden Idol"],"cards_obtained":["Injury"]},{"damage_healed":0.0,"max_hp_gain":0.0,"max_hp_loss":0.0,"gold_gain":0.0,"event_name":"Match and Keep!","player_choice":"3 cards matched","floor":3.0,"gold_loss":0.0,"damage_taken":0.0,"cards_obtained":["Cold Snap","Fission","Skim"]},{"damage_healed":0.0,"max_hp_gain":0.0,"max_hp_loss":0.0,"gold_gain":0.0,"event_name":"Match and Keep!","player_choice":"3 cards matched","floor":3.0,"gold_loss":0.0,"damage_taken":0.0,"cards_obtained":["Cold Snap","Fission","Skim"]},{"damage_healed":0.0,"max_hp_gain":0.0,"max_hp_loss":0.0,"gold_gain":75.0,"event_name":"World of Goop","player_choice":"Gather Gold","floor":12.0,"gold_loss":0.0,"damage_taken":11.0},{"damage_healed":0.0,"max_hp_gain":0.0,"max_hp_loss":0.0,"gold_gain":0.0,"event_name":"The Library","player_choice":"Read","floor":19.0,"gold_loss":0.0,"damage_taken":0.0,"cards_obtained":["Time Bomb"]},{"damage_healed":0.0,"max_hp_gain":0.0,"max_hp_loss":0.0,"gold_gain":0.0,"cards_transformed":["Strike_B","Defend_B"],"event_name":"Drug Dealer","player_choice":"Became Test Subject","floor":21.0,"gold_loss":0.0,"damage_taken":0.0,"cards_obtained":["Chill","AT_HeatAcrobatics"]},{"damage_healed":0.0,"max_hp_gain":0.0,"max_hp_loss":0.0,"gold_gain":0.0,"event_name":"Cursed Tome","player_choice":"Obtained Book","floor":25.0,"gold_loss":0.0,"damage_taken":16.0},{"cards_removed":["Regret"],"damage_healed":0.0,"max_hp_gain":0.0,"max_hp_loss":0.0,"gold_gain":0.0,"event_name":"Bonfire Elementals","player_choice":"Offered Curse","floor":29.0,"gold_loss":0.0,"damage_taken":0.0,"relics_obtained":["Spirit Poop"]},{"damage_healed":0,"gold_gain":0,"player_choice":"Memory 3","damage_taken":10,"max_hp_gain":0,"max_hp_loss":0,"event_name":"SensoryStone","floor":36,"gold_loss":0},{"damage_healed":66,"gold_gain":0,"player_choice":"Heal","damage_taken":0,"max_hp_gain":0,"max_hp_loss":9,"event_name":"The Moai Head","floor":47,"gold_loss":0}],"is_beta":false,"boss_relics":[{"not_picked":["Philosopher\u0027s Stone","Runic Pyramid"],"picked":"Coffee Dripper"},{"not_picked":["SlaversCollar","Cursed Key"],"picked":"Honey Jar"}],"items_purged_floors":[31],"is_endless":false,"potions_floor_spawned":[1,7,11,13,16,18,23,33,35,46],"ascension_level":0}}