{"host":"wbjiqg83duq292na","time":1609191148,"event":{"mods":["BaseMod","Minty Spire (QoL Compilation)"],"gold_per_floor":[109,128,147,163,176,205,205,235,235,245,420,370,370,404,404,404,404],"floor_reached":16,"playtime":619,"items_purged":[],"score":128,"play_id":"2523f0cb-acc0-4987-b3a3-bbf03c1197d5","local_time":"20201228193228","is_ascension_mode":true,"campfire_choices":[{"data":"White Noise","floor":7,"key":"SMITH"},{"floor":13,"key":"REST"},{"floor":15,"key":"REST"}],"circlet_count":0,"master_deck":["Strike_B","Strike_B","Strike_B","Strike_B","Defend_B","Defend_B","Defend_B","Defend_B","Zap","Dualcast","Ball Lightning","Beam Cell","Heatsinks","Streamline","Redo","White Noise+1","Ball Lightning","Lockon","Ball Lightning"],"relics":["Cracked Core","Shovel","Oddly Smooth Stone","Shuriken","Bag of Marbles"],"acts_visited":["Exordium"],"potions_floor_usage":[6,8,8],"damage_taken":[{"damage":0,"enemies":"Cultist","floor":1,"turns":4},{"damage":0,"enemies":"Small Slimes","floor":2,"turns":2},{"damage":0,"enemies":"2 Louse","floor":3,"turns":3},{"damage":9,"enemies":"Blue Slaver","floor":4,"turns":4},{"damage":5,"enemies":"Looter","floor":5,"turns":2},{"damage":25,"enemies":"3 Sentries","floor":6,"turns":6},{"damage":16,"enemies":"Gremlin Nob","floor":8,"turns":4},{"damage":7,"enemies":"Red Slaver","floor":10,"turns":3},{"damage":30,"enemies":"Lagavulin","floor":14,"turns":4},{"damage":39,"enemies":"Hexaghost","floor":16,"turns":7}],"seed_played":"8218948901018410122","potions_obtained":[{"floor":3,"key":"DistilledChaos"},{"floor":5,"key":"FearPotion"},{"floor":6,"key":"Energy Potion"},{"floor":14,"key":"PotionOfCapacity"}],"is_trial":false,"path_per_floor":["M","M","M","M","M","E","R","E","T","M","?","?","R","E","R","B"],"character_chosen":"DEFECT","items_purchased":[],"campfire_rested":2,"item_purchase_floors":[],"current_hp_per_floor":[82,82,82,73,68,43,43,27,27,20,20,20,44,14,38,0,0],"gold":404,"neow_bonus":"TEN_PERCENT_HP_BONUS","is_daily":false,"chose_seed":false,"campfire_upgraded":1,"win_rate":0.0,"timestamp":1609191148,"path_taken":["M","M","?","M","M","E","R","E","T","M","?","?","R","E","R","BOSS"],"items_purchased_type":[],"build_version":"2020-12-22","purchased_purges":0,"victory":false,"max_hp_per_floor":[82,82,82,82,82,82,82,82,82,82,82,82,82,82,82,82,82],"card_choices":[{"not_picked":["Coolheaded","Streamline"],"picked":"Ball Lightning","floor":1},{"not_picked":["Glacier","Doom and Gloom"],"picked":"Beam Cell","floor":2},{"not_picked":["Sweeping Beam","Sunder"],"picked":"Heatsinks","floor":3},{"not_picked":["Chill","Steam"],"picked":"Streamline","floor":4},{"not_picked":["Reboot","Fusion"],"picked":"Redo","floor":5},{"not_picked":["Sweeping Beam","Reinforced Body"],"picked":"White Noise","floor":6},{"not_picked":["Hologram","Beam Cell"],"picked":"Ball Lightning","floor":8},{"not_picked":["Stack","Auto Shields"],"picked":"Lockon","floor":10},{"not_picked":["Conserve Battery","Barrage"],"picked":"Ball Lightning","floor":14}],"player_experience":250396,"relics_obtained":[{"floor":6,"key":"Shovel"},{"floor":8,"key":"Oddly Smooth Stone"},{"floor":9,"key":"Shuriken"},{"floor":14,"key":"Bag of Marbles"}],"event_choices":[{"damage_healed":0,"gold_gain":175,"player_choice":"AGREE","damage_taken":0,"max_hp_gain":0,"max_hp_loss":0,"event_name":"Liars Game","floor":11,"gold_loss":0,"cards_obtained":["Doubt"]},{"cards_removed":["Doubt"],"damage_healed":0,"gold_gain":0,"player_choice":"Card Removal","damage_taken":0,"max_hp_gain":0,"max_hp_loss":0,"event_name":"The Cleric","floor":12,"gold_loss":50}],"is_beta":false,"boss_relics":[],"items_purged_floors":[],"is_endless":false,"potions_floor_spawned":[3,5,6,14],"killed_by":"Hexaghost","ascension_level":1}}