{"host":"9d83omykrosjn1d3","time":1609133167,"event":{"mods":["AchievementEnabler","BaseMod","BetterRewards","Card Forge","Downfall","Hubris","Minty Spire (QoL Compilation)","Permanent Neow","Shop Mod","StSLib","SuperFastMode","The Construct"],"gold_per_floor":[115,115,115,131,151,181,146,146,195,195,228,242,272,284,296,412,424,452,476,503,515,527,574,606,652,689,726,738,781,807,845,857,971,983,1008,1370,1382,1414,1440,1484,1496,1534,1546,1590,1621,1663,1686,1698,1710,1722,1734,1746,1211,1240,1240],"floor_reached":56,"playtime":3710,"items_purged":[],"score":2183,"play_id":"219f08b1-a61a-4671-a822-44767be118c5","local_time":"20201228142607","is_ascension_mode":true,"campfire_choices":[{"data":"construct:Hazardproof","floor":8,"key":"SMITH"},{"data":"construct:Hazardproof+1","floor":10,"key":"SMITH"},{"floor":15,"key":"RECALL"},{"data":"Gash","floor":32,"key":"SMITH"},{"floor":49,"key":"REST"},{"floor":52,"key":"REST"}],"circlet_count":0,"master_deck":["Recycle+1","Gash+1","construct:Hazardproof+2","Creative AI+1","Coolheaded+1","Double Energy+1","Self Repair+1","hubris:DoWhile+1","Defragment+1","Heatsinks+1","Genetic Algorithm+1"],"relics":["Hammer of Thor","Seething Fire","Anvil of the Gods","Pandora\u0027s Box","Molten Egg 2","Toxic Egg 2","Frozen Egg 2","construct:ClockworkPhoenix","Blue Candle","Ice Cream","MawBank","Tiny Chest","Sozu","Anchor","MutagenicStrength","hubris:BallOfYels","Happy Flower","Pen Nib","Boot","Darkstone Periapt","Pear","hubris:SoftwareUpdate","Runic Pyramid","Old Coin","Bottled Flame","Dream Catcher","construct:RocketBooster","Smiling Mask","Unceasing Top","Bottled Lightning","construct:FoamFinger","PrismaticShard","Lantern","Ornamental Fan"],"acts_visited":["Exordium","TheCity","TheBeyond","TheEnding"],"potions_floor_usage":[55],"damage_taken":[{"damage":14,"enemies":"2 Louse","floor":1,"turns":4},{"damage":8,"enemies":"Small Slimes","floor":4,"turns":4},{"damage":0,"enemies":"Cultist","floor":5,"turns":4},{"damage":0,"enemies":"Lagavulin","floor":6,"turns":7},{"damage":21,"enemies":"Gremlin Nob","floor":11,"turns":4},{"damage":2,"enemies":"2 Fungi Beasts","floor":12,"turns":5},{"damage":5,"enemies":"Lagavulin","floor":13,"turns":5},{"damage":23,"enemies":"Hexaghost","floor":16,"turns":6},{"damage":28,"enemies":"2 Thieves","floor":18,"turns":4},{"damage":55,"enemies":"Chosen","floor":19,"turns":7},{"damage":24,"enemies":"Snake Plant","floor":20,"turns":2},{"damage":17,"enemies":"Book of Stabbing","floor":23,"turns":3},{"damage":11,"enemies":"Centurion and Healer","floor":24,"turns":2},{"damage":13,"enemies":"Gremlin Leader","floor":25,"turns":3},{"damage":35,"enemies":"Slavers","floor":27,"turns":4},{"damage":21,"enemies":"Gremlin Leader","floor":29,"turns":3},{"damage":4,"enemies":"Shelled Parasite and Fungi","floor":30,"turns":2},{"damage":0,"enemies":"Book of Stabbing","floor":31,"turns":2},{"damage":5,"enemies":"hubris:MusketHawk","floor":33,"turns":2},{"damage":0,"enemies":"Orb Walker","floor":35,"turns":2},{"damage":0,"enemies":"Mind Bloom Boss Battle","floor":36,"turns":2},{"damage":41,"enemies":"3 Shapes","floor":38,"turns":5},{"damage":0,"enemies":"Transient","floor":39,"turns":2},{"damage":0,"enemies":"Giant Head","floor":40,"turns":2},{"damage":0,"enemies":"Reptomancer","floor":42,"turns":2},{"damage":0,"enemies":"Nemesis","floor":44,"turns":2},{"damage":33,"enemies":"4 Shapes","floor":45,"turns":4},{"damage":0,"enemies":"Giant Head","floor":46,"turns":2},{"damage":0,"enemies":"Jaw Worm Horde","floor":47,"turns":2},{"damage":58,"enemies":"Time Eater","floor":50,"turns":4},{"damage":0,"enemies":"Shield and Spear","floor":54,"turns":2},{"damage":3,"enemies":"The Heart","floor":55,"turns":5}],"seed_played":"-3526174468175245452","potions_obtained":[{"floor":5,"key":"Block Potion"},{"floor":6,"key":"Energy Potion"},{"floor":13,"key":"PowerPotion"},{"floor":16,"key":"SkillPotion"}],"is_trial":false,"path_per_floor":["M","?","?","M","M","E","?","R","T","R","E","M","E","?","R","B",null,"M","M","M","?","?","E","M","E","T","E","T","E","M","E","R","B",null,"M","?","?","M","M","E","$","E","T","E","M","E","M","T","R","B",null,"R","$","E","B",null],"character_chosen":"DEFECT","items_purchased":["construct:FoamFinger","PrismaticShard","Lantern"],"campfire_rested":2,"item_purchase_floors":[53,53,53],"current_hp_per_floor":[54,57,57,49,49,49,68,68,68,68,47,45,50,50,50,37,68,78,78,78,78,78,71,70,67,67,42,42,41,88,88,88,88,88,88,88,94,63,94,94,94,94,94,94,94,94,94,94,94,46,82,94,94,94,94],"gold":1240,"neow_bonus":"BOSS_RELIC","is_daily":false,"chose_seed":false,"campfire_upgraded":3,"win_rate":0.0,"timestamp":1609133167,"path_taken":["M","?","?","?","M","E","?","R","T","R","E","M","E","?","R","BOSS","M","M","?","?","?","E","M","E","T","E","?","E","?","E","R","BOSS","M","?","?","M","M","E","$","E","T","E","M","E","M","?","R","BOSS","R","$","E","BOSS"],"items_purchased_type":["Relic","Relic","Relic"],"build_version":"2020-12-22","purchased_purges":0,"victory":true,"max_hp_per_floor":[75,78,78,78,78,78,78,78,78,78,78,78,78,78,78,78,78,78,78,78,78,78,78,78,78,78,78,78,88,88,88,88,88,88,88,88,94,94,94,94,94,94,94,94,94,94,94,94,94,94,94,94,94,94,94],"card_choices":[{"not_picked":["Rebound+1","Go for the Eyes+1","Steam+1"],"picked":"SKIP","floor":1},{"not_picked":["Rebound+1","Hologram+1","Fusion+1"],"picked":"SKIP","floor":4},{"not_picked":["Compile Driver+1","Chill+1"],"picked":"Double Energy+1","floor":5},{"not_picked":["Beam Cell+1","Auto Shields+1","Hologram+1"],"picked":"SKIP","floor":6},{"not_picked":["Steam+1","Turbo+1"],"picked":"Meteor Strike+1","floor":11},{"not_picked":["Hologram+1","Streamline+1"],"picked":"Self Repair+1","floor":12},{"not_picked":["Scrape+1","Redo+1","Hello World+1"],"picked":"SKIP","floor":13},{"not_picked":["Machine Learning+1","Reboot+1"],"picked":"hubris:DoWhile+1","floor":16},{"not_picked":["Hologram+1","Redo+1"],"picked":"Defragment+1","floor":18},{"not_picked":["Cold Snap+1","Conserve Battery+1","Recycle+1"],"picked":"SKIP","floor":19},{"not_picked":["Gash+1","Coolheaded+1","Creative AI+1"],"picked":"SKIP","floor":20},{"not_picked":["Rip and Tear+1","hubris:PowerSurge+1"],"picked":"Heatsinks+1","floor":23},{"not_picked":["Melter+1","Auto Shields+1","Stack+1"],"picked":"SKIP","floor":24},{"not_picked":["Ball Lightning+1","Hologram+1","Redo+1"],"picked":"SKIP","floor":25},{"not_picked":["Coolheaded+1","All For One+1","Melter+1"],"picked":"SKIP","floor":27},{"not_picked":["Skim+1","Self Repair+1","Streamline+1"],"picked":"SKIP","floor":29},{"not_picked":["Hologram+1","Aggregate+1"],"picked":"Genetic Algorithm+1","floor":30},{"not_picked":["Self Repair+1","Streamline+1","Stack+1"],"picked":"SKIP","floor":31},{"not_picked":["Self Repair+1","Streamline+1","Stack+1"],"picked":"SKIP","floor":31},{"not_picked":["Fusion+1","Lockon+1","Sweeping Beam+1"],"picked":"SKIP","floor":35},{"not_picked":["Go for the Eyes+1","Leap+1","Static Discharge+1"],"picked":"SKIP","floor":38},{"not_picked":["Undo+1","Redo+1","Ball Lightning+1"],"picked":"SKIP","floor":39},{"not_picked":["Thunder Strike+1","Compile Driver+1","Genetic Algorithm+1"],"picked":"SKIP","floor":40},{"not_picked":["Compile Driver+1","Biased Cognition+1","Steam+1"],"picked":"SKIP","floor":42},{"not_picked":["Heatsinks+1","Genetic Algorithm+1","Barrage+1"],"picked":"SKIP","floor":44},{"not_picked":["Melter+1","Gash+1","Skim+1"],"picked":"SKIP","floor":45},{"not_picked":["Genetic Algorithm+1","Stack+1","Turbo+1"],"picked":"SKIP","floor":46},{"not_picked":["Hello World+1","Turbo+1","Coolheaded+1"],"picked":"SKIP","floor":47},{"not_picked":["Flying Knee+1","Fire Breathing+1","MasterReality+1"],"picked":"SKIP","floor":54}],"player_experience":675494,"relics_obtained":[{"floor":6,"key":"Blue Candle"},{"floor":11,"key":"Ice Cream"},{"floor":13,"key":"MawBank"},{"floor":23,"key":"hubris:BallOfYels"},{"floor":25,"key":"Happy Flower"},{"floor":26,"key":"Pen Nib"},{"floor":27,"key":"Boot"},{"floor":28,"key":"Darkstone Periapt"},{"floor":29,"key":"Pear"},{"floor":31,"key":"hubris:SoftwareUpdate"},{"floor":36,"key":"Old Coin"},{"floor":40,"key":"Bottled Flame"},{"floor":42,"key":"Dream Catcher"},{"floor":43,"key":"construct:RocketBooster"},{"floor":44,"key":"Smiling Mask"},{"floor":46,"key":"Unceasing Top"},{"floor":48,"key":"Bottled Lightning"},{"floor":54,"key":"Ornamental Fan"}],"event_choices":[{"damage_healed":0,"gold_gain":0,"player_choice":"Upgraded","damage_taken":0,"max_hp_gain":0,"max_hp_loss":0,"event_name":"Upgrade Shrine","floor":3,"gold_loss":0,"cards_upgraded":["Recycle"]},{"damage_healed":19,"gold_gain":0,"player_choice":"Healed","damage_taken":0,"max_hp_gain":0,"max_hp_loss":0,"event_name":"The Cleric","floor":7,"gold_loss":35},{"damage_healed":0,"gold_gain":0,"player_choice":"Gave Potion","damage_taken":0,"relics_obtained":["Tiny Chest"],"max_hp_gain":0,"max_hp_loss":0,"event_name":"WeMeetAgain","floor":14,"gold_loss":0},{"damage_healed":0,"gold_gain":0,"player_choice":"Stole Relic","damage_taken":0,"relics_obtained":["Anchor"],"max_hp_gain":0,"max_hp_loss":0,"event_name":"Addict","floor":21,"gold_loss":0,"cards_obtained":["Shame"]},{"damage_healed":0,"gold_gain":0,"player_choice":"Inject Mutagens","damage_taken":0,"relics_obtained":["MutagenicStrength"],"max_hp_gain":0,"max_hp_loss":0,"event_name":"Drug Dealer","floor":22,"gold_loss":0},{"damage_healed":0,"gold_gain":0,"player_choice":"Fight","damage_taken":0,"max_hp_gain":0,"max_hp_loss":0,"event_name":"MindBloom","floor":36,"gold_loss":0},{"damage_healed":22,"gold_gain":0,"player_choice":"Writhe","damage_taken":0,"max_hp_gain":0,"max_hp_loss":0,"event_name":"Winding Halls","floor":37,"gold_loss":0,"cards_obtained":["Writhe"]}],"is_beta":false,"boss_relics":[{"not_picked":["hubris:HollowSoul","SlaversCollar"],"picked":"Sozu"},{"not_picked":["Runic Dome","Nuclear Battery"],"picked":"Runic Pyramid"}],"items_purged_floors":[],"is_endless":false,"potions_floor_spawned":[5,6,13,16,18,19,27,31,33,40,42,44,45],"ascension_level":6}}