{"host":"6w8bjwgzh6vkxqjs","time":1609118760,"event":{"mods":["2.2 Compatiblity","AchievementEnabler","Act Like it!","AlwaysNeverKeys","Aspiration","Bard","BaseMod","Better Altar","Better Match","Better Note","Better Sensory Stone","Better Skull","Better Third Choice","Block Reminder","Colored Map","Colored Powertips","Conspire","Curses Come First","DeckTracker","Downfall","Hallownest","Hermit","Hubris","Infinite Spire","Jedi Mod","Minty Spire (QoL Compilation)","Permanent Neow","Quick Restart","Random Character Button","Rare Cards Sparkle","Relic Stats","Replay The Spire","Slay the Relics Exporter","StSLib","The Bug Knight","The Construct","TheArtist"],"gold_per_floor":[114,13,13,32,48,48,76,76,126,154,168,179,28,60,60,164,164,178,178,52,64,64,89,89,133,157,188,143,180,180,202,202,312,312,337,373,96,96,96,171,71,115,115,115,159,191,224,255,255,269,269,269,168,168,168,168],"floor_reached":55,"playtime":6144,"items_purged":["HollowMod:NailStrikeStart","Hallownest:curseDreamersLament","HollowMod:HeavyBlow","HollowMod:theNailsmith"],"score":910,"play_id":"88e98acc-8d01-418d-8492-a60e6ea6fae4","local_time":"20201227192600","is_ascension_mode":false,"campfire_choices":[{"data":"HollowMod:QuirrelsAssistance","floor":6,"key":"SMITH"},{"data":"HollowMod:Weaversong","floor":8,"key":"SMITH"},{"data":"HollowMod:HuntersJournal","floor":15,"key":"SMITH"},{"data":"HollowMod:BaldurShell","floor":24,"key":"SMITH"},{"data":"HollowMod:SoulMaster","floor":32,"key":"SMITH"},{"data":"HollowMod:InfectionAssault","floor":44,"key":"SMITH"},{"floor":49,"key":"RECALL"},{"data":"HollowMod:SoulShaman","floor":52,"key":"SMITH"}],"circlet_count":0,"master_deck":["HollowMod:QuickDashStart","HollowMod:QuickDashStart+1","HollowMod:QuickDashStart","HollowMod:QuickDashStart","HollowMod:FocusHealStart+1","HollowMod:PogoStrike","HollowMod:QuirrelsAssistance+1","HollowMod:MothsMistake+1","HollowMod:CloakDash","HollowMod:Weaversong+1","HollowMod:HuntersJournal+1","HollowMod:PerfectDash","HollowMod:SoulShaman+1","HollowMod:VengefulSpirit","HollowMod:SoulMaster+1","HollowMod:CycloneSlash+1","HollowMod:PerfectDash+1","HollowMod:InfectedCysts+1","HollowMod:CornifersMapStart","HollowMod:BaldurShell+1","HollowMod:GoodIntentions","HollowMod:NewGlowingWomb+1","HollowMod:HowlingWraiths+1","HollowMod:InfectionAssault+1","HollowMod:MonarchWings+1","HollowMod:GoodIntentions","HollowMod:HornetsHelp","HollowMod:SoulStrike","HollowMod:SoulSplash","HollowMod:CloakDash","HollowMod:DoubleDash+1","HollowMod:SoulStrike","HollowMod:VengefulSpirit+1","HollowMod:NewGlowingWomb","HollowMod:PerfectDash+1"],"relics":["HollowMod:VesselMask","Pet Ghost","hubris:Icosahedron","infinitespire:EmpoweringShard","Lantern","Bronze Scales","jedi:crownofsimplicity","MealTicket","Replay:Grab Bag","Coffee Dripper","Sozu","Astrolabe","Black Star","Potion Belt","Replay:Bandana","aspiration:Lifesprig","hubris:Spice","infinitespire:WardingShard","War Paint","Hallownest:WatcherSealRelic","jedi:battlestandard","Anchor","TheAbacus","Shuriken","jedi:ominousloannote"],"acts_visited":["Hallownest:Greenpath","Hallownest:CityofTears","Hallownest:KingdomsEdge","TheEnding"],"potions_floor_usage":[55],"damage_taken":[{"damage":0,"enemies":"Hallownest:2_Baldur","floor":1,"turns":4},{"damage":1,"enemies":"Hallownest:monsterHuskGuard","floor":4,"turns":4},{"damage":0,"enemies":"Hallownest:2_MossCreeps","floor":5,"turns":4},{"damage":3,"enemies":"Hallownest:eliteMossKnight","floor":7,"turns":5},{"damage":10,"enemies":"Hallownest:eliteVengeflyKing","floor":10,"turns":5},{"damage":0,"enemies":"Hallownest:monsterMossCharger","floor":11,"turns":2},{"damage":1,"enemies":"Hallownest:Wandering_and_Horned","floor":12,"turns":3},{"damage":1,"enemies":"Hallownest:eliteMossKnight","floor":14,"turns":4},{"damage":32,"enemies":"Hallownest:BossFalseKnight","floor":16,"turns":7},{"damage":3,"enemies":"Hallownest:Guard_and_Sentry","floor":18,"turns":3},{"damage":16,"enemies":"Hallownest:2_Mistakes","floor":21,"turns":3},{"damage":6,"enemies":"Hallownest:eliteSoulWarrior","floor":23,"turns":5},{"damage":5,"enemies":"Hallownest:Nosk","floor":25,"turns":5},{"damage":0,"enemies":"Hallownest:Master_and_Novice","floor":27,"turns":3},{"damage":0,"enemies":"Hallownest:2_Flukemon","floor":29,"turns":3},{"damage":3,"enemies":"Hallownest:monsterMisterMushroom","floor":31,"turns":5},{"damage":2,"enemies":"Hallownest:BossSoulMaster","floor":33,"turns":8},{"damage":1,"enemies":"Hallownest:Shield_Heavy","floor":35,"turns":4},{"damage":2,"enemies":"Hallownest:3_Siblings","floor":36,"turns":5},{"damage":22,"enemies":"Hallownest:2_Primals","floor":40,"turns":5},{"damage":2,"enemies":"Hallownest:eliteHiveKnight","floor":42,"turns":6},{"damage":0,"enemies":"Hallownest:StalkingDevout","floor":45,"turns":4},{"damage":0,"enemies":"Hallownest:2_Wandering_and_1_Horned","floor":46,"turns":4},{"damage":7,"enemies":"Hallownest:Slobbering_and_Violent","floor":47,"turns":4},{"damage":0,"enemies":"Hallownest:Shield_Sturdy","floor":48,"turns":3},{"damage":10,"enemies":"Hallownest:BossHollowKnight","floor":50,"turns":7},{"damage":2,"enemies":"Shield and Spear","floor":54,"turns":5},{"damage":44,"enemies":"The Heart","floor":55,"turns":3}],"seed_played":"-8472486532865355278","potions_obtained":[{"floor":5,"key":"Regen Potion"},{"floor":7,"key":"Explosive Potion"},{"floor":12,"key":"DuplicationPotion"}],"is_trial":false,"path_per_floor":["M","$","?","M","M","R","E","R","T","E","M","M","$","E","R","B",null,"M","?","$","M","AVR","E","R","E","T","M","?","M","?","M","R","B",null,"M","M","$","?","AVR","?","$","E","T","R","E","M","M","M","R","B",null,"R","$","E","B"],"character_chosen":"THE_BUGKNIGHT","items_purchased":["HollowMod:MothsMistake+1","PowerPotion","jedi:crownofsimplicity","HollowMod:BaldurShell","HollowMod:GoodIntentions","HollowMod:SoulSplash","Anchor","jedi:ominousloannote","hubris:Spice","HollowMod:NewGlowingWomb"],"campfire_rested":0,"item_purchase_floors":[2,2,13,20,20,37,37,53,53,53],"current_hp_per_floor":[75,75,75,74,74,74,73,73,73,69,69,68,68,73,73,47,75,72,72,75,59,59,53,53,56,56,56,56,68,68,65,65,75,83,82,80,83,78,78,64,79,77,77,77,62,62,55,55,55,45,62,62,54,38,0,0],"gold":168,"neow_bonus":"RANDOM_COMMON_RELIC","is_daily":false,"chose_seed":false,"campfire_upgraded":7,"win_rate":0.0,"timestamp":1609118760,"path_taken":["M","$","?","M","M","R","E","R","T","E","M","M","$","E","R","BOSS","M","?","$","M","AVR","E","R","E","T","M","?","M","?","?","R","BOSS","M","M","$","?","AVR","?","?","E","T","R","E","M","M","M","R","BOSS","R","$","E","BOSS"],"items_purchased_type":["Card","Potion","Relic","Card","Card","Card","Relic","Relic","Relic","Card"],"build_version":"2020-12-22","purchased_purges":4,"victory":false,"max_hp_per_floor":[75,75,75,75,75,75,75,75,75,75,75,75,75,75,75,75,75,75,75,75,75,75,75,75,83,83,83,83,83,83,83,83,83,83,83,83,83,78,78,86,86,78,78,78,62,62,62,62,62,62,62,62,54,38,38,38],"relic_stats":{"Sozu":8,"TheAbacus":[48],"counters":[28,123],"Shuriken":[16],"Bronze Scales":[340],"Astrolabe":["HollowMod:CycloneSlash","HollowMod:PerfectDash","HollowMod:InfectedCysts"],"MealTicket":21,"Black Star":5,"War Paint":["HollowMod:FocusHealStart","HollowMod:QuickDashStart"],"obtain_stats":[{"Lantern":9,"aspiration:Lifesprig":23,"HollowMod:VesselMask":0,"jedi:battlestandard":34,"Pet Ghost":0,"Sozu":17,"Replay:Bandana":23,"hubris:Icosahedron":3,"TheAbacus":39,"MealTicket":14,"Potion Belt":22,"Replay:Grab Bag":17,"Astrolabe":17,"jedi:crownofsimplicity":13,"War Paint":26,"Hallownest:WatcherSealRelic":30,"Anchor":37,"infinitespire:WardingShard":25,"hubris:Spice":25,"Shuriken":42,"jedi:ominousloannote":53,"Bronze Scales":10,"infinitespire:EmpoweringShard":7,"Coffee Dripper":17,"Black Star":17},{"Lantern":4,"aspiration:Lifesprig":12,"HollowMod:VesselMask":0,"jedi:battlestandard":17,"Pet Ghost":0,"Sozu":9,"Replay:Bandana":12,"hubris:Icosahedron":1,"TheAbacus":19,"MealTicket":8,"Potion Belt":11,"Replay:Grab Bag":9,"Astrolabe":9,"jedi:crownofsimplicity":7,"War Paint":13,"Hallownest:WatcherSealRelic":15,"Anchor":19,"infinitespire:WardingShard":13,"hubris:Spice":13,"Shuriken":21,"jedi:ominousloannote":26,"Bronze Scales":5,"infinitespire:EmpoweringShard":4,"Coffee Dripper":9,"Black Star":9},{"Lantern":17,"aspiration:Lifesprig":49,"HollowMod:VesselMask":0,"jedi:battlestandard":73,"Pet Ghost":0,"Sozu":38,"Replay:Bandana":49,"hubris:Icosahedron":4,"TheAbacus":82,"MealTicket":31,"Potion Belt":44,"Replay:Grab Bag":38,"Astrolabe":38,"jedi:crownofsimplicity":27,"War Paint":54,"Hallownest:WatcherSealRelic":60,"Anchor":82,"infinitespire:WardingShard":54,"hubris:Spice":54,"Shuriken":93,"jedi:ominousloannote":115,"Bronze Scales":22,"infinitespire:EmpoweringShard":17,"Coffee Dripper":38,"Black Star":38}]},"card_choices":[{"not_picked":["HollowMod:SoulShaman","HollowMod:DoubleDash"],"picked":"HollowMod:QuirrelsAssistance","floor":1},{"not_picked":["HollowMod:SharpenedNail","HollowMod:RecoilStrike"],"picked":"HollowMod:CloakDash","floor":4},{"not_picked":["HollowMod:GrimmsGift","HollowMod:WraithStrike"],"picked":"HollowMod:HeavyBlow","floor":5},{"not_picked":["HollowMod:VengefulSpirit","HollowMod:SharpenedShadows"],"picked":"HollowMod:Weaversong","floor":7},{"not_picked":["HollowMod:NewJinnsSoul","HollowMod:SoulShaman"],"picked":"HollowMod:HuntersJournal","floor":10},{"not_picked":["HollowMod:ShadowDash","HollowMod:SoulSplash"],"picked":"HollowMod:PerfectDash","floor":11},{"not_picked":["HollowMod:DoubleDash","HollowMod:DescendingDark"],"picked":"HollowMod:SoulShaman","floor":12},{"not_picked":["HollowMod:CoiledNail","HollowMod:ChannelNail"],"picked":"HollowMod:VengefulSpirit","floor":14},{"not_picked":["HollowMod:ElderbugsWisdom","HollowMod:MidwifesHunger"],"picked":"HollowMod:SoulMaster","floor":16},{"not_picked":["HollowMod:VengefulVoid","HollowMod:InfectedCysts+1"],"picked":"HollowMod:CornifersMapStart","floor":18},{"not_picked":["HollowMod:DescendingDark","HollowMod:NewLittleFool"],"picked":"HollowMod:NewGlowingWomb+1","floor":21},{"not_picked":["HollowMod:SoulSplash+1","HollowMod:CycloneSlash"],"picked":"HollowMod:HowlingWraiths+1","floor":23},{"not_picked":["HollowMod:NewInfectedGuardian","HollowMod:CornifersMapStart"],"picked":"HollowMod:theNailsmith","floor":25},{"not_picked":["HollowMod:DashSlash","HollowMod:WraithStrike"],"picked":"HollowMod:InfectionAssault","floor":27},{"not_picked":["HollowMod:SiblingsSouls+1","HollowMod:ShadowDash"],"picked":"HollowMod:MonarchWings+1","floor":29},{"not_picked":["HollowMod:NewJinnsSoul","HollowMod:SiblingsShadow"],"picked":"HollowMod:GoodIntentions","floor":31},{"not_picked":["HollowMod:SlysStrikes","HollowMod:AwokenDreamNail"],"picked":"HollowMod:HornetsHelp","floor":33},{"not_picked":["HollowMod:VengefulVoid","HollowMod:SoulVessel+1"],"picked":"HollowMod:SoulStrike","floor":35},{"not_picked":["HollowMod:SiblingsSouls+1","HollowMod:InfectedCysts+1","HollowMod:RecoilStrike"],"picked":"SKIP","floor":36},{"not_picked":["HollowMod:HowlingWraiths+1","HollowMod:WraithStrike+1"],"picked":"HollowMod:CloakDash","floor":40},{"not_picked":["HollowMod:NewLittleFool","HollowMod:SoulEater"],"picked":"HollowMod:DoubleDash+1","floor":42},{"not_picked":["HollowMod:AbyssShriek+1","HollowMod:SharpenedShadows"],"picked":"HollowMod:SoulStrike","floor":45},{"not_picked":["HollowMod:CycloneSlash","HollowMod:DescendingDark+1","HollowMod:VengefulVoid"],"picked":"SKIP","floor":46},{"not_picked":["HollowMod:FallenFury","HollowMod:GoodIntentions","HollowMod:DashSlash+1"],"picked":"SKIP","floor":47},{"not_picked":["HollowMod:Grubsong","HollowMod:ShadowDash"],"picked":"HollowMod:VengefulSpirit+1","floor":48},{"not_picked":["HollowMod:SiblingsShadow","hubris:SpiceAddiction"],"picked":"HollowMod:PerfectDash+1","floor":54}],"player_experience":7347,"relics_obtained":[{"floor":7,"key":"infinitespire:EmpoweringShard"},{"floor":9,"key":"Lantern"},{"floor":10,"key":"Bronze Scales"},{"floor":14,"key":"MealTicket"},{"floor":23,"key":"Replay:Bandana"},{"floor":23,"key":"aspiration:Lifesprig"},{"floor":25,"key":"hubris:Spice"},{"floor":25,"key":"infinitespire:WardingShard"},{"floor":26,"key":"War Paint"},{"floor":40,"key":"hubris:Spice"},{"floor":42,"key":"hubris:Spice"},{"floor":42,"key":"Shuriken"},{"floor":45,"key":"hubris:Spice"},{"floor":45,"key":"hubris:Spice"},{"floor":54,"key":"hubris:Spice"},{"floor":54,"key":"hubris:Spice"}],"event_choices":[{"damage_healed":0,"gold_gain":0,"player_choice":"Leave","damage_taken":0,"max_hp_gain":0,"max_hp_loss":0,"event_name":"conspire:Investor","floor":19,"gold_loss":0}],"is_beta":false,"boss_relics":[{"not_picked":["aspiration:RitualDagger","SlaversCollar"],"picked":"Replay:Grab Bag"},{"not_picked":["Painkiller Herb","Replay:Bronze Core"],"picked":"Coffee Dripper"},{"not_picked":["hubris:TerracottaHorce","hubris:CrackedHourglass"],"picked":"Sozu"},{"not_picked":["conspire:RunicOctahedron","Empty Cage"],"picked":"Astrolabe"},{"not_picked":["aspiration:RunicSpoon","Ring of Chaos"],"picked":"Black Star"},{"not_picked":["ReplayTheSpireMod:SealedPack","hubris:Spice"],"picked":"jedi:battlestandard"}],"items_purged_floors":[22,37,41,53],"is_endless":false,"potions_floor_spawned":[5,7,12,23,27,31,36,40,42,46],"killed_by":"The Heart","ascension_level":0}}