{"host":"zjc1tzo4ovig5lll","time":1609173927,"event":{"mods":["AchievementEnabler","Aspiration","BaseMod","Beaked The Cultist","Better Altar","Better Match","Better Note","Better Sensory Stone","Colored Map","Colored Powertips","Conspire","Energized Spire","Friendly Minions","GifTheSpireLib","Halation","Hermit","Hubris","Minty Spire (QoL Compilation)","Rare Cards Sparkle","Replay The Spire","StSLib","The Blue Laboratory","The Bug Knight","The Construct","The Jungle","The Servant 0.9.4","everything is the same but u backflip on backflip","vexMod"],"gold_per_floor":[111,111,111,128,128,128,56,68,117,134,134,166,183,199,199,295,295,305,63,63,83,96,96,122,122,122,122,122,138,138,138,138,59,59,59,59],"floor_reached":35,"playtime":1617,"items_purged":[],"score":316,"play_id":"809a018f-1f32-4d29-8357-6ca166f309c6","local_time":"20201228184527","is_ascension_mode":true,"campfire_choices":[{"data":"Defragment","floor":6,"key":"SMITH"},{"data":"Loop","floor":11,"key":"SMITH"},{"floor":15,"key":"REST"},{"data":"Echo Form","floor":23,"key":"SMITH"},{"floor":25,"key":"REST"},{"floor":28,"key":"REST"},{"data":"Crystallizer","floor":32,"key":"SMITH"},{"data":"Crystallizer","floor":34,"key":"SMITH"}],"circlet_count":0,"master_deck":["Strike_B","Strike_B","Strike_B","Strike_B","Defend_B","Defend_B","Defend_B","Defend_B","Zap","Dualcast","Defragment+1","hubris:PowerSurge","Heatsinks","Loop+1","Coolheaded","Echo Form+1","Machine Learning","Loop","Crystallizer+1","Crystallizer+1"],"relics":["Cracked Core","halation:EternalFortune","aspiration:EnhancedActuators","energizedSpire:MagnifyingGlass","aspiration:SeaSaltIceCream","hubris:TerracottaHorce","Garlic","Replay:WaspNest"],"acts_visited":["Exordium","TheCity"],"potions_floor_usage":[18,35],"damage_taken":[{"damage":4,"enemies":"Jaw Worm","floor":1,"turns":4},{"damage":2,"enemies":"2 Louse","floor":4,"turns":4},{"damage":0,"enemies":"Cultist","floor":8,"turns":2},{"damage":12,"enemies":"2 Fungi Beasts","floor":10,"turns":3},{"damage":35,"enemies":"3 Sentries","floor":12,"turns":6},{"damage":7,"enemies":"Exordium Wildlife","floor":13,"turns":3},{"damage":11,"enemies":"Exordium Thugs","floor":14,"turns":5},{"damage":16,"enemies":"The Guardian","floor":16,"turns":15},{"damage":11,"enemies":"conspire:FuzzyDice","floor":18,"turns":8},{"damage":27,"enemies":"Chosen","floor":21,"turns":7},{"damage":8,"enemies":"Centurion and Healer","floor":22,"turns":17},{"damage":37,"enemies":"conspire:SneckoGhost","floor":24,"turns":9},{"damage":10,"enemies":"Snake Plant","floor":29,"turns":5},{"damage":51,"enemies":"Champ","floor":35,"turns":13}],"seed_played":"2195863024340206943","potions_obtained":[{"floor":16,"key":"blueLaboratory:FruitPunch"},{"floor":21,"key":"blueLaboratory:PhilterOfMotion"},{"floor":29,"key":"blueLaboratory:ForbiddenFruitJuice"}],"is_trial":false,"path_per_floor":["M","$","?","M","?","R","$","M","T","M","R","E","M","M","R","B",null,"M","$","?","M","M","R","E","R","T","?","R","M","PTL","PTL","R","$","R","B"],"character_chosen":"DEFECT","items_purchased":["hubris:PowerSurge","aspiration:SeaSaltIceCream","Crystallizer"],"campfire_rested":3,"item_purchase_floors":[7,19,33],"current_hp_per_floor":[78,78,81,79,79,79,79,79,79,67,67,32,25,14,39,23,85,76,76,76,49,41,41,4,30,30,30,56,46,46,46,46,46,46,0,0],"gold":59,"neow_bonus":"TEN_PERCENT_HP_BONUS","is_daily":false,"chose_seed":false,"campfire_upgraded":5,"win_rate":0.0,"timestamp":1609173927,"path_taken":["M","$","?","M","?","R","$","M","T","M","R","E","M","M","R","BOSS","M","?","?","?","M","R","E","R","T","?","R","M","PTL","PTL","R","$","R","BOSS"],"items_purchased_type":["Card","Relic","Card"],"build_version":"2020-12-22","purchased_purges":0,"victory":false,"max_hp_per_floor":[82,82,85,85,85,85,85,85,85,85,85,85,85,85,85,85,85,87,87,87,87,87,87,87,87,87,87,87,87,87,87,87,87,87,87,87],"card_choices":[{"not_picked":["Conserve Battery","Undo"],"picked":"Defragment","floor":1},{"not_picked":["ReplayTheSpireMod:Repulse","Sweeping Beam","Barrage"],"picked":"SKIP","floor":4},{"not_picked":["Rebound","Cold Snap"],"picked":"Heatsinks","floor":8},{"not_picked":["Hologram","Stack"],"picked":"Loop","floor":10},{"not_picked":["Go for the Eyes","All For One","Ball Lightning"],"picked":"SKIP","floor":12},{"not_picked":["FTL","Redo"],"picked":"Coolheaded","floor":13},{"not_picked":["Coolheaded","Barrage","ReplayTheSpireMod:Reroute Power"],"picked":"SKIP","floor":14},{"not_picked":["Multi-Cast","Mirror Shield"],"picked":"Echo Form","floor":16},{"not_picked":["Turbo","Melter","Compile Driver"],"picked":"SKIP","floor":18},{"not_picked":["Redo","Blizzard+1","Heatsinks"],"picked":"SKIP","floor":21},{"not_picked":["Coolheaded","Beam Cell"],"picked":"Machine Learning","floor":22},{"not_picked":["Rip and Tear","Chaos"],"picked":"Loop","floor":24},{"not_picked":["Sweeping Beam","Beam Cell"],"picked":"Crystallizer","floor":29}],"player_experience":595944,"relics_obtained":[{"floor":12,"key":"aspiration:EnhancedActuators"},{"floor":24,"key":"Garlic"},{"floor":26,"key":"Replay:WaspNest"}],"event_choices":[{"damage_healed":0,"gold_gain":0,"player_choice":"Bought 0 Potions","damage_taken":0,"max_hp_gain":0,"max_hp_loss":0,"event_name":"The Woman in Blue","floor":5,"gold_loss":0},{"damage_healed":0,"gold_gain":0,"player_choice":"Ignored","damage_taken":0,"max_hp_gain":0,"max_hp_loss":0,"event_name":"The Mausoleum","floor":20,"gold_loss":0},{"damage_healed":0,"gold_gain":0,"player_choice":"Ignored","damage_taken":0,"max_hp_gain":0,"max_hp_loss":0,"event_name":"Cursed Tome","floor":27,"gold_loss":0}],"is_beta":false,"boss_relics":[{"not_picked":["Replay:Grab Bag","conspire:SlowCooker"],"picked":"energizedSpire:MagnifyingGlass"}],"items_purged_floors":[],"is_endless":false,"potions_floor_spawned":[1,4,16,21,29],"killed_by":"Champ","ascension_level":3}}