{"host":"vtat3rddyckbno30","time":1609178600,"event":{"mods":["AchievementEnabler","BaseMod","BetterRewards","Colored Map","Downfall","Highlight Path","Minty Spire (QoL Compilation)","Replay The Spire","StSLib","everything is the same but u backflip on backflip"],"gold_per_floor":[20,20,20,20,34,34,55,55,80,120,42,63,87,101,101,226,226,249,489,503,524,390,390,390,390,413,432,432,432,445,463,463,594,594,619,529,59,73,96,96,140,140,167,203,217,217,241,266,266,266,266],"floor_reached":50,"playtime":7266,"items_purged":["Strike_G","Injury","Defend_G"],"score":731,"play_id":"e406b523-95b1-4dd3-8984-69b5a4bb4c62","local_time":"20201228190320","is_ascension_mode":false,"campfire_choices":[{"data":"ReplayTheSpireMod:Scrap Shanks","floor":6.0,"key":"SMITH"},{"data":"Backflip","floor":8.0,"key":"SMITH"},{"floor":15.0,"key":"REST"},{"data":"ReplayTheSpireMod:Scrap Shanks","floor":23.0,"key":"SMITH"},{"data":"Hidden Blade","floor":25.0,"key":"SMITH"},{"floor":29.0,"key":"RECALL"},{"floor":32.0,"key":"REST"},{"data":"Prepared","floor":40,"key":"SMITH"},{"floor":42,"key":"REST"},{"floor":49,"key":"REST"}],"circlet_count":0,"master_deck":["Strike_G","Strike_G","Strike_G","Defend_G+1","Defend_G","Defend_G","Neutralize","Hidden Blade+1","Hidden Blade+1","Infinite Blades","Poisoned Stab","ReplayTheSpireMod:Scrap Shanks+1","Sneak Up+1","Concentrate","Backflip+1","Acrobatics","ReplayTheSpireMod:Scrap Shanks+1","Dagger Throw","Blade Dance+1","Underhanded Strike","Underhanded Strike","Concentrate","A Thousand Cuts+1","Dagger Throw+1","After Image+1","Prepared+1","Pot Of Greed","Pot Of Greed","Pot Of Greed+1","Tactician+1","Well Laid Plans+1"],"relics":["Ring of the Snake","Tingsha","Lee\u0027s Waffle","Replay:Baseball","Golden Idol","Bird Faced Urn","Philosopher\u0027s Stone","Pen Nib","Golden Egg","Black Star","Membership Card","Quantum Egg","Nunchaku","Iron Hammer","Orichalcum","MealTicket","Replay:Rubber Ducky","Grinning Jar"],"acts_visited":["Exordium","TheCity","TheBeyond"],"potions_floor_usage":[41,41],"damage_taken":[{"damage":1.0,"enemies":"Small Slimes","floor":1.0,"turns":2.0},{"damage":1.0,"enemies":"Jaw Worm","floor":5.0,"turns":2.0},{"damage":0.0,"enemies":"Cultist","floor":7.0,"turns":2.0},{"damage":34.0,"enemies":"3 Sentries","floor":10.0,"turns":7.0},{"damage":0.0,"enemies":"Blue Slaver","floor":12.0,"turns":2.0},{"damage":0.0,"enemies":"Looter","floor":13.0,"turns":1.0},{"damage":0.0,"enemies":"Red Slaver","floor":14.0,"turns":1.0},{"damage":19.0,"enemies":"Fading Forest","floor":16.0,"turns":11.0},{"damage":0.0,"enemies":"2 Thieves","floor":18.0,"turns":2.0},{"damage":10.0,"enemies":"Spheric Guardian","floor":20.0,"turns":4.0},{"damage":2.0,"enemies":"Cultist and Chosen","floor":21.0,"turns":4.0},{"damage":19.0,"enemies":"Centurion and Healer","floor":27.0,"turns":5.0},{"damage":24.0,"enemies":"Snake Plant","floor":30.0,"turns":3.0},{"damage":2.0,"enemies":"Cultist and Chosen","floor":31.0,"turns":2.0},{"damage":48.0,"enemies":"Pondfish","floor":33.0,"turns":8.0},{"damage":24.0,"enemies":"3 Darklings","floor":35.0,"turns":3.0},{"damage":0,"enemies":"Orb Walker","floor":38,"turns":2},{"damage":0,"enemies":"Jaw Worm Horde","floor":39,"turns":3},{"damage":47,"enemies":"Nemesis","floor":41,"turns":7},{"damage":0,"enemies":"Reptomancer","floor":44,"turns":3},{"damage":0,"enemies":"Sphere and 2 Shapes","floor":45,"turns":1},{"damage":30,"enemies":"3 Darklings","floor":47,"turns":3},{"damage":0,"enemies":"Transient","floor":48,"turns":5},{"damage":84,"enemies":"Time Eater","floor":50,"turns":8}],"seed_played":"-3860547557281059922","potions_obtained":[{"floor":5.0,"key":"SteroidPotion"},{"floor":14.0,"key":"Weak Potion"},{"floor":18.0,"key":"BlessingOfTheForge"},{"floor":27.0,"key":"Swift Potion"},{"floor":30.0,"key":"Poison Potion"},{"floor":35.0,"key":"Block Potion"},{"floor":39,"key":"Fire Potion"},{"floor":48,"key":"SpeedPotion"}],"is_trial":false,"path_per_floor":["M","?","?","$","M","R","M","R","T","E","$","M","M","M","R","B",null,"M","?","M","M","$","R","?","R","T","M","?","R","M","M","R","B",null,"M","?","$","M","M","R","E","R","T","E","M","?","M","M","R","B"],"character_chosen":"THE_SILENT","items_purchased":["Hidden Blade","Infinite Blades","Lee\u0027s Waffle","Replay:Baseball","ReplayTheSpireMod:Scrap Shanks","Underhanded Strike","Membership Card","After Image+1","Quantum Egg","Nunchaku"],"campfire_rested":4,"item_purchase_floors":[0,0,0,0,11,22,37,37,37,37],"current_hp_per_floor":[76,76,61,61,60,60,60,60,60,26,26,30,34,36,59,58,77,77,77,67,71,71,71,71,71,71,58,58,58,38,40,63,21,77,57,57,57,61,71,71,33,56,56,66,74,74,55,67,77,0,0],"gold":266,"neow_bonus":"","is_daily":false,"chose_seed":false,"campfire_upgraded":5,"win_rate":0.0,"timestamp":1609178600,"path_taken":["M","?","?","?","M","R","M","R","T","E","$","?","M","M","R","BOSS","M","?","M","?","$","R","?","R","T","M","?","R","?","M","R","BOSS","M","?","$","?","M","R","E","R","T","E","M","?","?","M","R","BOSS"],"items_purchased_type":["Card","Card","Relic","Relic","Card","Card","Relic","Card","Relic","Relic"],"build_version":"2020-12-22","purchased_purges":3,"victory":false,"max_hp_per_floor":[77,77,77,77,77,77,77,77,77,77,77,77,77,77,77,77,77,77,77,77,77,77,77,77,77,77,77,77,77,77,77,77,77,77,77,77,77,77,77,77,77,77,77,77,77,77,77,77,77,77,77],"card_choices":[{"not_picked":["Flechettes","Dash"],"picked":"Concentrate","floor":1.0},{"not_picked":["Concentrate","Bane"],"picked":"Backflip","floor":5.0},{"not_picked":["Flying Knee","Catalyst","Sucker Punch"],"picked":"SKIP","floor":7.0},{"not_picked":["Flying Knee","Slice"],"picked":"Acrobatics","floor":10.0},{"not_picked":["Dagger Spray","Flechettes","Flying Knee"],"picked":"SKIP","floor":12.0},{"not_picked":["Infinite Blades","Well Laid Plans"],"picked":"Dagger Throw","floor":13.0},{"not_picked":["Malaise","Bane","Sucker Punch"],"picked":"SKIP","floor":14.0},{"not_picked":["Dagger Spray","Deflect"],"picked":"Blade Dance+1","floor":18.0},{"not_picked":["Expertise","Deflect","Crippling Poison+1"],"picked":"SKIP","floor":20.0},{"not_picked":["Quick Slash","Hidden Blade","Toxin Wave"],"picked":"SKIP","floor":21.0},{"not_picked":["Blade Dance","Grand Finale"],"picked":"Concentrate","floor":27.0},{"not_picked":["Setup","Dodge and Roll","Dagger Throw+1"],"picked":"SKIP","floor":30.0},{"not_picked":["Deadly Poison","Underhanded Strike+1","Dash"],"picked":"SKIP","floor":31.0},{"not_picked":["Malaise","Venomology"],"picked":"A Thousand Cuts","floor":33.0},{"not_picked":["Quick Slash+1","ReplayTheSpireMod:Tripwire"],"picked":"Dagger Throw+1","floor":35.0},{"not_picked":["Backflip","ReplayTheSpireMod:Tripwire+1"],"picked":"Prepared","floor":38},{"not_picked":["Riddle With Holes+1","Bouncing Flask","Dodge and Roll"],"picked":"SKIP","floor":39},{"not_picked":["Blur","Caltrops","Distraction"],"picked":"SKIP","floor":41},{"not_picked":["Prepared+1","Distraction"],"picked":"Tactician+1","floor":44},{"not_picked":["Underhanded Strike","All Out Attack"],"picked":"Well Laid Plans+1","floor":45},{"not_picked":["Bullet Time","Expertise","Dagger Spray+1"],"picked":"SKIP","floor":47},{"not_picked":["Underhanded Strike","Hidden Blade+1","Skewer"],"picked":"SKIP","floor":48}],"player_experience":533753,"relics_obtained":[{"floor":10.0,"key":"Bird Faced Urn"},{"floor":26.0,"key":"Pen Nib"},{"floor":28.0,"key":"Golden Egg"},{"floor":41,"key":"Iron Hammer"},{"floor":41,"key":"Orichalcum"},{"floor":43,"key":"MealTicket"},{"floor":44,"key":"Replay:Rubber Ducky"},{"floor":44,"key":"Grinning Jar"}],"event_choices":[{"damage_healed":0.0,"max_hp_gain":0.0,"max_hp_loss":0.0,"gold_gain":0.0,"event_name":"Golden Idol","player_choice":"Take Wound","floor":2.0,"gold_loss":0.0,"damage_taken":0.0,"relics_obtained":["Golden Idol"],"cards_obtained":["Injury"]},{"damage_healed":0.0,"max_hp_gain":0.0,"max_hp_loss":0.0,"gold_gain":0.0,"event_name":"Shining Light","player_choice":"Entered Light","floor":3.0,"gold_loss":0.0,"damage_taken":15.0,"cards_upgraded":["Defend_G","Sneak Up"]},{"damage_healed":0.0,"max_hp_gain":0.0,"max_hp_loss":0.0,"gold_gain":0.0,"event_name":"Ghosts","player_choice":"Ignored","floor":24.0,"gold_loss":0.0,"damage_taken":0.0},{"damage_healed":0.0,"max_hp_gain":0.0,"max_hp_loss":0.0,"gold_gain":0.0,"event_name":"Wheel of Change","player_choice":"Relic","floor":28.0,"gold_loss":0.0,"damage_taken":0.0},{"cards_removed":["Strike_G"],"damage_healed":0.0,"max_hp_gain":0.0,"max_hp_loss":0.0,"gold_gain":0.0,"event_name":"Designer","player_choice":"Upgrade and Remove","floor":36.0,"gold_loss":90.0,"damage_taken":0.0,"cards_upgraded":["Hidden Blade"]},{"damage_healed":0,"gold_gain":0,"player_choice":"Upgraded","damage_taken":0,"max_hp_gain":0,"max_hp_loss":0,"event_name":"Upgrade Shrine","floor":46,"gold_loss":0,"cards_upgraded":["Pot Of Greed"]}],"is_beta":false,"boss_relics":[{"not_picked":["Empty Cage","Busted Crown"],"picked":"Philosopher\u0027s Stone"},{"not_picked":["Sozu","Pandora\u0027s Box"],"picked":"Black Star"}],"items_purged_floors":[0,22,37],"is_endless":false,"potions_floor_spawned":[5,14,18,27,30,35,39,48],"killed_by":"Time Eater","ascension_level":0}}