{"host":"wghdsg8ym2wc7ov9","time":1609135765,"event":{"mods":["AchievementEnabler","Astrologer","Bard","BaseMod","Beaked The Cultist","Better Altar","Better Note","Colored Map","Hermit","Highlight Path","Jorbs\u0027s Wanderer Trilogy","Minty Spire (QoL Compilation)","Random Character Button","Relic Stats","Shop Mod","StSLib","The Blackbeard","The Bladedancer","The Cursed","The Gatherer","The Hierophant","The Mystic","The Senshi","The Servant 0.9.4"],"gold_per_floor":[115,79,93,113,113,113,154,202,202,202,240,240,240,280,280,388,388,440,440,494,482,482],"floor_reached":21,"playtime":3118,"items_purged":[],"score":239,"play_id":"300beca0-f1e6-4010-88a5-735f48644617","local_time":"20201227220925","is_ascension_mode":false,"campfire_choices":[{"data":"hierophant:ChurchCoffers","floor":6.0,"key":"SMITH"},{"floor":10.0,"key":"REST"},{"floor":13.0,"key":"REST"},{"floor":15.0,"key":"REST"}],"circlet_count":0,"master_deck":["hierophant:Strike_Hierophant","hierophant:Strike_Hierophant","hierophant:Strike_Hierophant","hierophant:Strike_Hierophant","hierophant:Punish","hierophant:Defend_Hierophant","hierophant:Defend_Hierophant","hierophant:Defend_Hierophant","hierophant:Defend_Hierophant","hierophant:ChurchCoffers+1","hierophant:OrnateBuckler+1","hierophant:Glossolalia","hierophant:PassingBell","hierophant:RustyCrate","hierophant:Doubloon+1","hierophant:Doubloon","hierophant:Sermon","hierophant:Doomsaying","hierophant:HolyVerse","hierophant:Doubloon","hierophant:Generosity","hierophant:Kindle","Magnetism","hierophant:Doubloon","hierophant:Dazzle+1","hierophant:MorningPrayer+1"],"relics":["hierophant:PropheticMaskRelic","theSenshi:FeatherClipsRelic","White Beast Statue","Mercury Hourglass","Mango","beaked:SacredDeck"],"acts_visited":["Exordium","TheCity"],"potions_floor_usage":[18,21,21],"damage_taken":[{"damage":1.0,"enemies":"Cultist","floor":1.0,"turns":3.0},{"damage":0.0,"enemies":"Small Slimes","floor":3.0,"turns":3.0},{"damage":8.0,"enemies":"Jaw Worm","floor":4.0,"turns":6.0},{"damage":19.0,"enemies":"Gremlin Gang","floor":7.0,"turns":5.0},{"damage":37.0,"enemies":"3 Sentries","floor":8.0,"turns":13.0},{"damage":9.0,"enemies":"Blue Slaver","floor":11.0,"turns":4.0},{"damage":30.0,"enemies":"Gremlin Nob","floor":14.0,"turns":4.0},{"damage":62.0,"enemies":"The Guardian","floor":16.0,"turns":19.0},{"damage":36,"enemies":"3 Byrds","floor":18,"turns":6},{"damage":51,"enemies":"Spheric Guardian","floor":20,"turns":6},{"damage":29,"enemies":"Snake Plant","floor":21,"turns":4}],"seed_played":"6962054147471491014","potions_obtained":[{"floor":3.0,"key":"Strength Potion"},{"floor":11.0,"key":"Swift Potion"},{"floor":14.0,"key":"Block Potion"},{"floor":16.0,"key":"PowerPotion"},{"floor":18,"key":"Fruit Juice"},{"floor":20,"key":"Strength Potion"}],"is_trial":false,"path_per_floor":["M","$","M","M","?","R","M","E","T","R","M","?","R","E","R","B",null,"M","?","M","M"],"character_chosen":"HIEROPHANT","items_purchased":["hierophant:Glossolalia"],"campfire_rested":3,"item_purchase_floors":[2],"current_hp_per_floor":[81,81,81,73,61,61,48,17,17,41,38,22,46,36,64,8,96,71,71,26,0,0],"gold":482,"neow_bonus":"TEN_PERCENT_HP_BONUS","is_daily":false,"chose_seed":false,"campfire_upgraded":1,"win_rate":0.0,"timestamp":1609135765,"path_taken":["M","$","M","M","?","R","M","E","T","R","M","?","R","E","R","BOSS","M","?","M","M"],"items_purchased_type":["Card"],"build_version":"2020-12-22","purchased_purges":0,"victory":false,"max_hp_per_floor":[82,82,82,82,82,82,82,82,82,82,82,82,82,96,96,96,96,101,101,101,101,101],"relic_stats":{"counters":[11,73],"obtain_stats":[{"hierophant:PropheticMaskRelic":0,"beaked:SacredDeck":17,"Mango":14,"theSenshi:FeatherClipsRelic":5,"White Beast Statue":8,"Mercury Hourglass":9},{"hierophant:PropheticMaskRelic":0,"beaked:SacredDeck":8,"Mango":7,"theSenshi:FeatherClipsRelic":3,"White Beast Statue":5,"Mercury Hourglass":5},{"hierophant:PropheticMaskRelic":0,"beaked:SacredDeck":57,"Mango":38,"theSenshi:FeatherClipsRelic":12,"White Beast Statue":30,"Mercury Hourglass":30}],"Mercury Hourglass":[132]},"card_choices":[{"not_picked":["hierophant:Doubloon","hierophant:Zeal"],"picked":"hierophant:OrnateBuckler","floor":1.0},{"not_picked":["hierophant:RecallFunds","hierophant:Encroach"],"picked":"hierophant:PassingBell","floor":3.0},{"not_picked":["hierophant:AuricForm","hierophant:DisplayOfPower"],"picked":"hierophant:RustyCrate","floor":4.0},{"not_picked":["hierophant:Refuge","hierophant:FieryStrike"],"picked":"hierophant:Sermon","floor":7.0},{"not_picked":["hierophant:AuricForm","hierophant:DisplayOfPower"],"picked":"hierophant:Doomsaying","floor":8.0},{"not_picked":["hierophant:Mercenaries","hierophant:Smite"],"picked":"hierophant:HolyVerse","floor":11.0},{"not_picked":["hierophant:ThreeLashes","hierophant:Embezzle"],"picked":"hierophant:Generosity","floor":14.0},{"not_picked":["hierophant:WrathOfGod","hierophant:DeathKnell"],"picked":"hierophant:Kindle","floor":16.0},{"not_picked":["hierophant:Remorse","hierophant:Encroach+1"],"picked":"hierophant:Dazzle+1","floor":18},{"not_picked":["hierophant:Purify","hierophant:Rebuild"],"picked":"hierophant:MorningPrayer+1","floor":20}],"player_experience":507589,"relics_obtained":[{"floor":8.0,"key":"White Beast Statue"},{"floor":9.0,"key":"Mercury Hourglass"},{"floor":14.0,"key":"Mango"}],"event_choices":[{"damage_healed":0.0,"max_hp_gain":0.0,"max_hp_loss":0.0,"gold_gain":0.0,"event_name":"Scrap Ooze","player_choice":"Success","floor":5.0,"gold_loss":0.0,"damage_taken":12.0,"relics_obtained":["theSenshi:FeatherClipsRelic"]},{"damage_healed":0.0,"max_hp_gain":0.0,"max_hp_loss":0.0,"gold_gain":0.0,"event_name":"Shining Light","player_choice":"Entered Light","floor":12.0,"gold_loss":0.0,"damage_taken":16.0,"cards_upgraded":["hierophant:Doubloon","hierophant:OrnateBuckler"]},{"cards_removed":["hierophant:ChurchCoffers"],"damage_healed":0,"gold_gain":0,"player_choice":"Give","damage_taken":0,"max_hp_gain":0,"max_hp_loss":0,"event_name":"betterNote:BetterNote","floor":19,"gold_loss":0,"cards_obtained":["None"]}],"is_beta":false,"boss_relics":[{"not_picked":["Pandora\u0027s Box","Runic Pyramid"],"picked":"beaked:SacredDeck"}],"items_purged_floors":[],"is_endless":false,"potions_floor_spawned":[3,11,14,16,18,20],"killed_by":"Snake Plant","ascension_level":0}}