{"host":"ywt8u9kq80n9hc8s","time":1609116507,"event":{"mods":["AchievementEnabler","Alarm Clock","BaseMod","Better Altar","Better Match","Better Note","Better Sensory Stone","Better Skull","Better Third Choice","BetterRewards","Displayed Cursed Tome","Filter the Spire","Infinite Spire","Minty Spire (QoL Compilation)","Permanent Neow","Quick Restart","Rare Cards Sparkle","StSLib"],"gold_per_floor":[116,127,147,157,122,122,122,152,178,213,213,238,265,306,318,430,442,471,188,201,214,232,262,293,325,351,384,155,184,204,219,219,321,321,334,281,294,307,318,344,379,411,438,466,72,100,130,160,160,160],"floor_reached":51,"playtime":5077,"items_purged":[],"score":2027,"play_id":"a9b3f4ec-ea66-492d-95a3-a3a2754ca900","local_time":"20201228024827","daily_mods":["Draft","Vintage","Diverse","Heirloom","Time Dilation","Flight","DeadlyEvents","Elite Swarm"],"is_ascension_mode":true,"campfire_choices":[{"floor":6,"key":"REST"},{"data":"Echo Form","floor":6,"key":"SMITH"},{"floor":7,"key":"REST"},{"data":"DevaForm","floor":7,"key":"SMITH"},{"data":"Wraith Form v2","floor":11,"key":"SMITH"},{"data":"Devotion","floor":15,"key":"SMITH"},{"floor":32,"key":"REST"},{"data":"Demon Form","floor":32,"key":"SMITH"},{"floor":49,"key":"REST"},{"data":"Amplify","floor":49,"key":"SMITH"}],"circlet_count":0,"master_deck":["Demon Form+1","Wraith Form v2+1","Echo Form+1","DevaForm+1","Perseverance","Warcry","CrushJoints+1","Dagger Throw","Wallop","White Noise","Dagger Spray","Headbutt","Coolheaded","Fusion","Crescendo","Acrobatics","Glacier+1","ThirdEye","Clothesline+1","Devotion+1","Vault","MasterReality","Reboot","Meteor Strike","Creative AI","Exhume","Doom and Gloom","Omniscience+1","Backflip","Bludgeon","Amplify+1","Metallicize"],"relics":["Snecko Eye","infinitespire:Magic Flask","DataDisk","Happy Flower","Bronze Scales","Letter Opener","TungstenRod","Ancient Tea Set","Bottled Lightning","Bird Faced Urn","MawBank","Orichalcum","Black Star","Pear","Blood Vial","Runic Capacitor","Calipers","Regal Pillow","HornCleat","Bag of Marbles","Potion Belt","infinitespire:WardingShard","Gremlin Horn","Art of War","Unceasing Top","Pen Nib","Mango","PreservedInsect","Medical Kit","Ornamental Fan","Bag of Preparation","Nunchaku","Lantern","infinitespire:Cupcake","Bottled Flame","Matryoshka","Whetstone","Smiling Mask","Blue Candle","Kunai","Mummified Hand","Boot","Ice Cream","infinitespire:CheckeredPen","infinitespire:PuzzleCube","Vajra","infinitespire:Lucky Rock","Darkstone Periapt","infinitespire:Freezer","infinitespire:BottledMercury","infinitespire:Lychee Nut","War Paint","Anchor","Dream Catcher","infinitespire:Satchel","infinitespire:Beetle Shell"],"acts_visited":["Exordium","TheCity","TheBeyond"],"potions_floor_usage":[],"damage_taken":[{"damage":0,"enemies":"2 Louse","floor":1,"turns":3},{"damage":0,"enemies":"Jaw Worm","floor":2,"turns":2},{"damage":0,"enemies":"Small Slimes","floor":3,"turns":3},{"damage":44,"enemies":"Gremlin Gang","floor":4,"turns":3},{"damage":0,"enemies":"Lagavulin","floor":8,"turns":3},{"damage":0,"enemies":"3 Sentries","floor":10,"turns":4},{"damage":0,"enemies":"Gremlin Nob","floor":12,"turns":3},{"damage":0,"enemies":"Lagavulin","floor":13,"turns":4},{"damage":0,"enemies":"Gremlin Nob","floor":14,"turns":3},{"damage":0,"enemies":"Slime Boss","floor":16,"turns":2},{"damage":0,"enemies":"Chosen","floor":18,"turns":1},{"damage":0,"enemies":"3 Byrds","floor":20,"turns":2},{"damage":9,"enemies":"Snake Plant","floor":21,"turns":2},{"damage":0,"enemies":"3 Cultists","floor":22,"turns":3},{"damage":0,"enemies":"Nightmare","floor":23,"turns":6},{"damage":0,"enemies":"Slavers","floor":24,"turns":3},{"damage":6,"enemies":"Book of Stabbing","floor":25,"turns":2},{"damage":0,"enemies":"Slavers","floor":27,"turns":4},{"damage":0,"enemies":"Gremlin Leader","floor":29,"turns":2},{"damage":0,"enemies":"Snecko","floor":30,"turns":2},{"damage":16,"enemies":"Centurion and Healer","floor":31,"turns":1},{"damage":0,"enemies":"Champ","floor":33,"turns":4},{"damage":0,"enemies":"3 Shapes","floor":35,"turns":3},{"damage":0,"enemies":"3 Darklings","floor":37,"turns":3},{"damage":0,"enemies":"4 Shapes","floor":38,"turns":1},{"damage":0,"enemies":"Jaw Worm Horde","floor":39,"turns":2},{"damage":48,"enemies":"Reptomancer","floor":40,"turns":3},{"damage":0,"enemies":"Giant Head","floor":41,"turns":3},{"damage":0,"enemies":"Reptomancer","floor":42,"turns":2},{"damage":0,"enemies":"Giant Head","floor":44,"turns":2},{"damage":0,"enemies":"Reptomancer","floor":46,"turns":1},{"damage":0,"enemies":"Giant Head","floor":47,"turns":1},{"damage":0,"enemies":"Nightmare","floor":48,"turns":1},{"damage":0,"enemies":"Awakened One","floor":50,"turns":4}],"seed_played":"-5123184841753484092","potions_obtained":[{"floor":4,"key":"Block Potion"},{"floor":8,"key":"PowerPotion"},{"floor":12,"key":"Swift Potion"},{"floor":24,"key":"FearPotion"},{"floor":37,"key":"LiquidMemories"},{"floor":41,"key":"infinitespire:BlackPotion"}],"is_trial":true,"path_per_floor":["M","M","M","M","?","R","R","E","T","E","R","E","E","E","R","B",null,"M","$","M","M","M","NM","E","E","T","E","$","E","M","M","R","B",null,"M","$","M","M","M","E","E","E","T","E","$","E","E","NM","R","B",null],"character_chosen":"DEFECT","items_purchased":["Blood Vial","Runic Capacitor","Medical Kit","Doom and Gloom","Backflip","infinitespire:Freezer","infinitespire:BottledMercury"],"campfire_rested":4,"item_purchase_floors":[19,19,28,28,36,45,45],"current_hp_per_floor":[75,75,75,31,49,71,75,75,75,75,75,75,75,75,75,75,75,85,85,85,80,85,85,85,85,85,99,99,99,99,83,99,99,99,99,99,99,99,99,59,75,97,97,99,99,74,74,74,74,74],"gold":160,"neow_bonus":"","is_daily":false,"chose_seed":false,"campfire_upgraded":6,"win_rate":0.0,"timestamp":1609116507,"path_taken":["M","M","M","M","?","R","R","E","T","E","R","E","E","E","R","BOSS","M","$","M","M","M","NM","E","E","T","E","$","E","M","M","R","BOSS","M","$","M","M","M","E","E","E","T","E","$","E","E","NM","R","BOSS"],"items_purchased_type":["Relic","Relic","Relic","Card","Card","Relic","Relic"],"build_version":"2020-12-22","purchased_purges":0,"victory":true,"max_hp_per_floor":[75,75,75,75,75,75,75,75,75,75,75,75,75,75,75,75,75,85,85,85,85,85,85,85,85,85,99,99,99,99,99,99,99,99,99,99,99,99,99,99,99,99,99,99,99,74,74,74,74,74],"card_choices":[{"not_picked":["BowlingBash","Gash"],"picked":"Perseverance","floor":0},{"not_picked":["Redo","Second Wind"],"picked":"Warcry","floor":0},{"not_picked":["Shrug It Off","Evaluate"],"picked":"CrushJoints","floor":0},{"not_picked":["Adaptation","Sword Boomerang"],"picked":"Dagger Throw","floor":0},{"not_picked":["BattleHymn","Reckless Charge"],"picked":"Wallop","floor":0},{"not_picked":["WheelKick","Dagger Throw"],"picked":"White Noise","floor":0},{"not_picked":["Lockon","TalkToTheHand"],"picked":"Dagger Spray","floor":0},{"not_picked":["PiercingWail","Aggregate"],"picked":"Headbutt","floor":0},{"not_picked":["ThirdEye","Crippling Poison"],"picked":"Coolheaded","floor":0},{"not_picked":["Setup","Searing Blow"],"picked":"Fusion","floor":0},{"not_picked":["Gash","Prostrate"],"picked":"Crescendo","floor":0},{"not_picked":["Finisher","Consume"],"picked":"Acrobatics","floor":0},{"not_picked":["Cleave","Concentrate"],"picked":"Glacier","floor":0},{"not_picked":["Slice","Dagger Spray"],"picked":"ThirdEye","floor":0},{"not_picked":["EmptyFist","Rebound"],"picked":"Clothesline","floor":0},{"not_picked":["Unload","Hyperbeam"],"picked":"Devotion","floor":8},{"not_picked":["Biased Cognition","Core Surge","Impervious"],"picked":"SKIP","floor":10},{"not_picked":["Barricade","Brilliance"],"picked":"Vault","floor":12},{"not_picked":["Buffer","ConjureBlade"],"picked":"MasterReality","floor":13},{"not_picked":["Reaper","Fiend Fire"],"picked":"Reboot","floor":14},{"not_picked":["Bullet Time","Die Die Die"],"picked":"Meteor Strike","floor":23},{"not_picked":["Storm of Steel","Tools of the Trade"],"picked":"Creative AI","floor":24},{"not_picked":["Seek","Brutality"],"picked":"Exhume","floor":25},{"not_picked":["Alpha","Double Tap","Demon Form"],"picked":"SKIP","floor":27},{"not_picked":["Core Surge","DeusExMachina","Creative AI"],"picked":"SKIP","floor":29},{"not_picked":["MasterReality","Tools of the Trade"],"picked":"Omniscience","floor":33},{"not_picked":["Creative AI","ConjureBlade","Venomology"],"picked":"SKIP","floor":40},{"not_picked":["Feed","Echo Form"],"picked":"Bludgeon","floor":41},{"not_picked":["Bludgeon","Exhume","Reaper"],"picked":"SKIP","floor":42},{"not_picked":["LessonLearned","Fiend Fire","Corpse Explosion"],"picked":"SKIP","floor":44},{"not_picked":["Meteor Strike","Brilliance","Bludgeon"],"picked":"SKIP","floor":46},{"not_picked":["Creative AI","Brilliance","Wraith Form v2"],"picked":"SKIP","floor":47},{"not_picked":["Grand Finale","Vault"],"picked":"Amplify","floor":48},{"not_picked":["Fire Breathing","Sucker Punch+1"],"picked":"Metallicize","floor":49}],"player_experience":116979,"relics_obtained":[{"floor":1,"key":"DataDisk"},{"floor":2,"key":"Happy Flower"},{"floor":3,"key":"Bronze Scales"},{"floor":4,"key":"Letter Opener"},{"floor":8,"key":"TungstenRod"},{"floor":9,"key":"Ancient Tea Set"},{"floor":10,"key":"Bottled Lightning"},{"floor":12,"key":"Bird Faced Urn"},{"floor":13,"key":"MawBank"},{"floor":14,"key":"Orichalcum"},{"floor":18,"key":"Pear"},{"floor":20,"key":"Calipers"},{"floor":21,"key":"Regal Pillow"},{"floor":22,"key":"HornCleat"},{"floor":23,"key":"Bag of Marbles"},{"floor":23,"key":"Potion Belt"},{"floor":24,"key":"infinitespire:WardingShard"},{"floor":24,"key":"Gremlin Horn"},{"floor":25,"key":"Art of War"},{"floor":25,"key":"Unceasing Top"},{"floor":26,"key":"Pen Nib"},{"floor":27,"key":"Mango"},{"floor":27,"key":"PreservedInsect"},{"floor":29,"key":"Ornamental Fan"},{"floor":29,"key":"Bag of Preparation"},{"floor":30,"key":"Nunchaku"},{"floor":31,"key":"Lantern"},{"floor":35,"key":"Bottled Flame"},{"floor":37,"key":"Matryoshka"},{"floor":38,"key":"Whetstone"},{"floor":39,"key":"Smiling Mask"},{"floor":40,"key":"Blue Candle"},{"floor":40,"key":"Kunai"},{"floor":41,"key":"Mummified Hand"},{"floor":41,"key":"Boot"},{"floor":42,"key":"Ice Cream"},{"floor":42,"key":"infinitespire:CheckeredPen"},{"floor":43,"key":"infinitespire:PuzzleCube"},{"floor":43,"key":"Vajra"},{"floor":44,"key":"infinitespire:Lucky Rock"},{"floor":44,"key":"Darkstone Periapt"},{"floor":46,"key":"infinitespire:Lychee Nut"},{"floor":46,"key":"War Paint"},{"floor":47,"key":"Anchor"},{"floor":47,"key":"Dream Catcher"},{"floor":48,"key":"infinitespire:Satchel"},{"floor":48,"key":"infinitespire:Beetle Shell"}],"event_choices":[{"damage_healed":18,"gold_gain":0,"player_choice":"Healed","damage_taken":0,"max_hp_gain":0,"max_hp_loss":0,"event_name":"The Cleric","floor":5,"gold_loss":35}],"is_beta":false,"boss_relics":[{"not_picked":["SacredBark","Nuclear Battery"],"picked":"Black Star"},{"not_picked":["Runic Pyramid","Tiny House"],"picked":"infinitespire:Cupcake"}],"items_purged_floors":[],"is_endless":false,"potions_floor_spawned":[4,8,12,14,16,20,21,22,24,37,41,42,44,46],"ascension_level":4}}