{"host":"2461dio7vetlq1z3","time":1609156234,"event":{"mods":["2.2 Compatiblity","AchievementEnabler","Aspiration","Bard","BaseMod","Better Third Choice","Friendly Minions","Hermit","Minty Spire (QoL Compilation)","Relic Stats","Spicy Shops","StSLib","Waifu the Spire"],"gold_per_floor":[111,12,12,23,33,33,52,52,52,52,71,104,104,121,121,198,198,209,33,83,102,117,117],"floor_reached":22,"playtime":1443,"items_purged":["Strike_G"],"score":376,"play_id":"a15e173d-baa8-4d83-9f28-74976ce370ca","local_time":"20201228125034","is_ascension_mode":true,"campfire_choices":[{"data":"bard:SongBolt","floor":6,"key":"SMITH"},{"data":"Neutralize","floor":8,"key":"SMITH"},{"data":"bard:DiscordantVoice","floor":13,"key":"SMITH"},{"data":"Burst","floor":15,"key":"SMITH"}],"circlet_count":0,"master_deck":["AscendersBane","Strike_G","Strike_G","Strike_G","Strike_G","Defend_G","Defend_G","Defend_G","Defend_G","Defend_G","Survivor","Neutralize+1","Blade Dance","bard:EchoEcho","bard:Gamble","bard:SongBolt+1","Sucker Punch","bard:GreaterMagicWeapon","bard:DiscordantVoice+1","bard:GuardPoint","Burst+1","A Thousand Cuts","bard:SixFourTime","Crippling Poison"],"relics":["aspiration:BardSkillbook","Lizard Tail","CultistMask","Mummified Hand","Philosopher\u0027s Stone"],"acts_visited":["Exordium","TheCity"],"potions_floor_usage":[],"damage_taken":[{"damage":6,"enemies":"Cultist","floor":1,"turns":3},{"damage":3,"enemies":"2 Louse","floor":4,"turns":3},{"damage":4,"enemies":"Jaw Worm","floor":5,"turns":3},{"damage":16,"enemies":"3 Louse","floor":7,"turns":2},{"damage":0,"enemies":"Exordium Wildlife","floor":11,"turns":4},{"damage":5,"enemies":"Lagavulin","floor":12,"turns":7},{"damage":2,"enemies":"2 Fungi Beasts","floor":14,"turns":2},{"damage":12,"enemies":"The Guardian","floor":16,"turns":12},{"damage":15,"enemies":"Spheric Guardian","floor":18,"turns":4},{"damage":0,"enemies":"Chosen","floor":21,"turns":4},{"damage":19,"enemies":"Snecko","floor":22,"turns":6}],"seed_played":"5218509002147666252","potions_obtained":[{"floor":12,"key":"Weak Potion"},{"floor":14,"key":"Regen Potion"},{"floor":16,"key":"PowerPotion"}],"is_trial":false,"path_per_floor":["M","$","?","M","M","R","M","R","T","?","M","E","R","M","R","B",null,"M","$","?","M","M"],"character_chosen":"THE_SILENT","items_purchased":["bard:EchoEcho","bard:SixFourTime"],"campfire_rested":0,"item_purchase_floors":[2,19],"current_hp_per_floor":[53,53,53,50,46,46,30,30,30,30,30,25,25,23,23,11,52,37,37,37,37,18,18],"gold":117,"neow_bonus":"BOSS_RELIC","is_daily":false,"chose_seed":false,"campfire_upgraded":4,"win_rate":0.0,"timestamp":1609156234,"path_taken":["M","$","?","?","M","R","?","R","T","?","M","E","R","?","R","BOSS","M","$","?","M","M"],"items_purchased_type":["Card","Card"],"build_version":"2020-12-22","purchased_purges":1,"victory":false,"max_hp_per_floor":[66,66,66,66,66,66,66,66,66,66,66,66,66,66,66,66,66,66,66,66,66,66,66],"relic_stats":{"Lizard Tail":0,"counters":[11,50],"Mummified Hand":[15],"obtain_stats":[{"Lizard Tail":9,"Mummified Hand":12,"Philosopher\u0027s Stone":17,"CultistMask":10,"aspiration:BardSkillbook":0,"Ring of the Snake":0},{"Lizard Tail":4,"Mummified Hand":6,"Philosopher\u0027s Stone":8,"CultistMask":4,"aspiration:BardSkillbook":0,"Ring of the Snake":0},{"Lizard Tail":11,"Mummified Hand":22,"Philosopher\u0027s Stone":36,"CultistMask":11,"aspiration:BardSkillbook":0,"Ring of the Snake":0}]},"card_choices":[{"not_picked":["Bane","bard:FeastOnFear","bard:HideousLaughter"],"picked":"Blade Dance","floor":1},{"not_picked":["Backflip","Calculated Gamble","Escape Plan"],"picked":"bard:SongBolt","floor":4},{"not_picked":["bard:StudiedStrike","Masterful Stab","Dagger Throw"],"picked":"Sucker Punch","floor":5},{"not_picked":["bard:HideousLaughter","Dodge and Roll","bard:Thunderwave"],"picked":"bard:GreaterMagicWeapon","floor":7},{"not_picked":["bard:EchoEcho","Sucker Punch","bard:Gamble"],"picked":"bard:DiscordantVoice","floor":11},{"not_picked":["Slice","bard:Parry","bard:Sift"],"picked":"bard:GuardPoint","floor":12},{"not_picked":["Endless Agony","Deadly Poison","bard:Fermata"],"picked":"Burst","floor":14},{"not_picked":["bard:BottledSong","Glass Knife","bard:Focused"],"picked":"A Thousand Cuts","floor":16},{"not_picked":["Sucker Punch","Caltrops","Slice+1","bard:Solo+1"],"picked":"SKIP","floor":18},{"not_picked":["bard:PhantasmalForce","Backstab","bard:FirstStrike+1"],"picked":"Crippling Poison","floor":21}],"player_experience":980465,"relics_obtained":[{"floor":9,"key":"Lizard Tail"},{"floor":12,"key":"Mummified Hand"}],"event_choices":[{"damage_healed":0,"gold_gain":0,"player_choice":"1 cards matched","damage_taken":0,"max_hp_gain":0,"max_hp_loss":0,"event_name":"Match and Keep!","floor":3,"gold_loss":0,"cards_obtained":["bard:Gamble"]},{"damage_healed":0,"gold_gain":0,"player_choice":"Trade","damage_taken":0,"relics_obtained":["CultistMask"],"max_hp_gain":0,"max_hp_loss":0,"event_name":"FaceTrader","floor":10,"gold_loss":0},{"damage_healed":0,"gold_gain":50,"player_choice":"Steal","damage_taken":0,"max_hp_gain":0,"max_hp_loss":0,"event_name":"betterThird:BetterNest","floor":20,"gold_loss":0}],"is_beta":false,"boss_relics":[{"not_picked":["Black Star","Runic Dome"],"picked":"Philosopher\u0027s Stone"}],"items_purged_floors":[2],"is_endless":false,"potions_floor_spawned":[12,14,16,22],"killed_by":"Snecko","ascension_level":20}}