{"host":"w3q5ijqu8eoknil3","time":1609118147,"event":{"mods":["AchievementEnabler","BaseMod","Block Reminder","Colored Powertips","Minty Spire (QoL Compilation)","Quick Restart","Relic Stats","ojb\u0027s Better Paths Mod","ojb\u0027s Info Mod","slay the spire mod where everything is the same but ironclad has a cowboy hat"],"gold_per_floor":[112,112,38,48,48,76,76,87,87,87,106,139,158,169,169,248,248,262,281,295,295,295,295],"floor_reached":22,"playtime":701,"items_purged":[],"score":446,"play_id":"8b2d673c-9276-4316-a4a2-62385be663db","local_time":"20201228011547","is_ascension_mode":true,"campfire_choices":[{"data":"Feel No Pain","floor":7,"key":"SMITH"},{"data":"Shockwave","floor":15,"key":"SMITH"}],"circlet_count":0,"master_deck":["AscendersBane","Strike_R","Strike_R","Strike_R","Strike_R","Defend_R+1","Defend_R","Defend_R","Defend_R+1","Bash","Cleave","Fire Breathing","Feel No Pain+1","Thunderclap","Carnage","Spot Weakness","Whirlwind","Sever Soul","Havoc","Dark Embrace","Shockwave+1","Fiend Fire","Uppercut","Power Through","Pommel Strike"],"relics":["Burning Blood","NeowsBlessing","War Paint","Pantograph","Calipers","Sozu"],"acts_visited":["Exordium","TheCity"],"potions_floor_usage":[11,16,18,19],"damage_taken":[{"damage":0,"enemies":"Small Slimes","floor":1,"turns":2},{"damage":0,"enemies":"Cultist","floor":4,"turns":1},{"damage":0,"enemies":"Gremlin Nob","floor":6,"turns":1},{"damage":0,"enemies":"2 Louse","floor":8,"turns":2},{"damage":8,"enemies":"2 Fungi Beasts","floor":11,"turns":3},{"damage":22,"enemies":"3 Sentries","floor":12,"turns":6},{"damage":27,"enemies":"Gremlin Gang","floor":13,"turns":3},{"damage":15,"enemies":"Exordium Wildlife","floor":14,"turns":3},{"damage":39,"enemies":"Slime Boss","floor":16,"turns":8},{"damage":29,"enemies":"Spheric Guardian","floor":18,"turns":4},{"damage":9,"enemies":"3 Byrds","floor":19,"turns":5},{"damage":28,"enemies":"Centurion and Healer","floor":20,"turns":6},{"damage":15,"enemies":"Shelled Parasite and Fungi","floor":22,"turns":1}],"seed_played":"7677637868185556947","potions_obtained":[{"floor":4,"key":"LiquidMemories"},{"floor":8,"key":"SpeedPotion"},{"floor":13,"key":"EssenceOfSteel"},{"floor":16,"key":"DuplicationPotion"}],"is_trial":false,"path_per_floor":["M","?","$","M","?","E","R","M","T","?","M","E","M","M","R","B",null,"M","M","M","?","M"],"character_chosen":"IRONCLAD","items_purchased":["Feel No Pain"],"campfire_rested":0,"item_purchase_floors":[3],"current_hp_per_floor":[74,74,74,75,75,75,75,75,75,75,73,57,36,27,27,19,61,38,35,13,13,0,0],"gold":295,"neow_bonus":"THREE_ENEMY_KILL","is_daily":false,"chose_seed":false,"campfire_upgraded":2,"win_rate":0.0,"timestamp":1609118147,"path_taken":["M","?","$","?","?","E","R","M","T","?","M","E","M","?","R","BOSS","M","M","M","?","M"],"items_purchased_type":["Card"],"build_version":"2020-12-22","purchased_purges":0,"victory":false,"max_hp_per_floor":[75,75,75,75,75,75,75,75,75,75,75,75,75,75,75,75,75,75,75,75,75,75,75],"relic_stats":{"Sozu":1,"counters":[13,45],"Pantograph":25,"War Paint":["Defend_R","Defend_R"],"obtain_stats":[{"Sozu":17,"Calipers":12,"NeowsBlessing":0,"Pantograph":9,"War Paint":6,"Burning Blood":0},{"Sozu":9,"Calipers":6,"NeowsBlessing":0,"Pantograph":4,"War Paint":3,"Burning Blood":0},{"Sozu":29,"Calipers":15,"NeowsBlessing":0,"Pantograph":6,"War Paint":4,"Burning Blood":0}],"Burning Blood":55},"card_choices":[{"not_picked":["Flex","Thunderclap"],"picked":"Cleave","floor":1},{"not_picked":["Wild Strike","Iron Wave"],"picked":"Thunderclap","floor":4},{"not_picked":["Reckless Charge","Clothesline"],"picked":"Carnage","floor":6},{"not_picked":["Pummel","Perfected Strike"],"picked":"Spot Weakness","floor":8},{"not_picked":["Fire Breathing","Clothesline"],"picked":"Sever Soul","floor":11},{"not_picked":["Clash","Body Slam"],"picked":"Havoc","floor":12},{"not_picked":["Anger","Rupture"],"picked":"Dark Embrace","floor":13},{"not_picked":["Armaments","Perfected Strike"],"picked":"Shockwave","floor":14},{"not_picked":["Barricade","Offering"],"picked":"Fiend Fire","floor":16},{"not_picked":["Anger+1","Perfected Strike"],"picked":"Uppercut","floor":18},{"not_picked":["Battle Trance","True Grit"],"picked":"Power Through","floor":19},{"not_picked":["Twin Strike","Warcry"],"picked":"Pommel Strike","floor":20}],"player_experience":946785,"relics_obtained":[{"floor":6,"key":"War Paint"},{"floor":9,"key":"Pantograph"},{"floor":12,"key":"Calipers"}],"event_choices":[{"damage_healed":0,"gold_gain":0,"cards_transformed":["Strike_R"],"player_choice":"Transformed","damage_taken":0,"max_hp_gain":0,"max_hp_loss":0,"event_name":"Transmorgrifier","floor":2,"gold_loss":0,"cards_obtained":["Fire Breathing"]},{"damage_healed":0,"gold_gain":0,"player_choice":"Leave","damage_taken":0,"max_hp_gain":0,"max_hp_loss":0,"event_name":"The Cleric","floor":5,"gold_loss":0},{"damage_healed":0,"gold_gain":0,"player_choice":"1 cards matched","damage_taken":0,"max_hp_gain":0,"max_hp_loss":0,"event_name":"Match and Keep!","floor":10,"gold_loss":0,"cards_obtained":["Whirlwind"]},{"damage_healed":0,"gold_gain":0,"player_choice":"Ignored","damage_taken":0,"max_hp_gain":0,"max_hp_loss":0,"event_name":"The Mausoleum","floor":21,"gold_loss":0}],"is_beta":false,"boss_relics":[{"not_picked":["Empty Cage","Ectoplasm"],"picked":"Sozu"}],"items_purged_floors":[],"is_endless":false,"potions_floor_spawned":[4,8,13,16,18],"killed_by":"Shelled Parasite and Fungi","ascension_level":20}}