{"host":"04aht2z7d1qbuefv","time":1609114711,"event":{"mods":["AchievementEnabler","BaseMod","Downfall","Minty Spire (QoL Compilation)","StSLib","The Cursed","The Necromancer"],"gold_per_floor":[99,117,102,102,102,119,119,119,29,29,29,29],"floor_reached":10,"playtime":305,"items_purged":["Regret"],"score":54,"play_id":"24a8a78b-56e6-4c00-9afd-93b770b0fd50","local_time":"20201227211831","is_ascension_mode":false,"campfire_choices":[{"floor":1,"key":"RECALL"}],"circlet_count":0,"master_deck":["hexamod:Strike","hexamod:Strike","hexamod:Strike","hexamod:Strike","hexamod:Defend","hexamod:Defend","hexamod:Defend","hexamod:Defend","hexamod:Sear","hexamod:Float","hexamod:InspiringFlames","hexamod:ShieldOfDarkness","hexamod:FourthSeal"],"relics":["hexamod:SpiritBrand","FossilizedHelix","Frozen Egg 2"],"acts_visited":["Exordium"],"potions_floor_usage":[10],"damage_taken":[{"damage":0,"enemies":"Jaw Worm","floor":2,"turns":4},{"damage":5,"enemies":"downfall:FleeingMerchant","floor":3,"turns":4},{"damage":2,"enemies":"2 Louse","floor":6,"turns":3},{"damage":5,"enemies":"downfall:FleeingMerchant","floor":9,"turns":4},{"damage":95,"enemies":"Gremlin Nob","floor":10,"turns":7}],"seed_played":"-2008851563825576131","potions_obtained":[{"floor":2,"key":"EssenceOfSteel"},{"floor":9,"key":"hexamod:InfernoChargePotion"}],"is_trial":false,"path_per_floor":["R","M","$","?","?","M","T","?","$","E"],"character_chosen":"THE_SPIRIT","items_purchased":[],"campfire_rested":0,"item_purchase_floors":[],"current_hp_per_floor":[77,77,72,72,72,70,70,70,65,0,0,0],"gold":29,"neow_bonus":"TEN_PERCENT_HP_BONUS","is_daily":false,"chose_seed":false,"campfire_upgraded":0,"win_rate":0.0,"timestamp":1609114711,"path_taken":["R","M","$","?","?","M","T","?","?","E"],"items_purchased_type":[],"build_version":"2020-12-22","purchased_purges":1,"victory":false,"max_hp_per_floor":[77,77,77,77,77,77,77,77,77,77,77,77],"card_choices":[{"not_picked":["hexamod:SkipABeat","hexamod:GhostLash"],"picked":"hexamod:InspiringFlames","floor":2},{"not_picked":["hexamod:RetreatToShadows","hexamod:NightmareGuise","hexamod:NightmareStrike"],"picked":"SKIP","floor":3},{"not_picked":["hexamod:TimeOfNeed","hexamod:BurningTouch"],"picked":"hexamod:ShieldOfDarkness","floor":6},{"not_picked":["hexamod:Again","hexamod:InspiringFlames","hexamod:CatchUp"],"picked":"SKIP","floor":9}],"player_experience":145786,"relics_obtained":[{"floor":7,"key":"Frozen Egg 2"}],"event_choices":[{"damage_healed":0,"gold_gain":0,"player_choice":"Box","damage_taken":0,"relics_obtained":["FossilizedHelix"],"max_hp_gain":0,"max_hp_loss":0,"event_name":"Big Fish","floor":5,"gold_loss":0,"cards_obtained":["Regret"]}],"is_beta":false,"boss_relics":[],"items_purged_floors":[9],"is_endless":false,"potions_floor_spawned":[2],"killed_by":"Gremlin Nob","ascension_level":0}}