{"host":"gk9qdtkqd8dwfeg2","time":1609167057,"event":{"mods":["Aspiration","BaseMod","Colored Powertips","KomeijiMod","Minty Spire (QoL Compilation)","Quick Restart","Replay The Spire","Shop Mod","StSLib","TestMod","The Gatherer","The Servant 0.9.4","Waifu the Spire","WarShipGirlsR/战舰少女R mod","Yuri Mod","【功能Mod】聪明的最终Boss"],"gold_per_floor":[112,112,62,153,153,185,196,225,225,244,255,265,279,156,156,255,255,275,275,291,390,410,410,410,410],"floor_reached":23,"playtime":1380,"items_purged":[],"score":228,"play_id":"47145fe7-88d5-45a0-91d1-9bfb3b77eca7","local_time":"20201228225057","is_ascension_mode":false,"metric_token":1045,"campfire_choices":[{"floor":15.0,"key":"REST"}],"circlet_count":0,"master_deck":["Gatherer:Strike_Gatherer","Gatherer:Strike_Gatherer","Gatherer:Strike_Gatherer","Gatherer:Strike_Gatherer","Gatherer:Strike_Gatherer","Gatherer:Defend_Gatherer","Gatherer:Defend_Gatherer","Gatherer:Defend_Gatherer","Gatherer:Defend_Gatherer","Gatherer:Defend_Gatherer","Gatherer:Centralize","Gatherer:FlowerWhip+1","Gatherer:QuickSynthesis","Gatherer:RecipeChange","Gatherer:EnergyBasket","Gatherer:BalancedGrowth","Iron Wave","Gatherer:QuickSynthesis","Gatherer:Nutrients","Gatherer:WoolGloves","Gatherer:PoisonMastery","Gatherer:FlowerPower","Gatherer:Photoscythe","Gatherer:GatherMaterial","Gatherer:Convert+1"],"relics":["Gatherer:AlchemyBag","testmod-TestBox","testmod-Fortitude","NeowsBlessing","Replay:Bottled Snecko","ReplayTheSpireMod:Shallot","HoshigumaDish","GoodDreamPillow","aspiration:RandomNobGenerator"],"acts_visited":["Exordium","TheCity"],"potions_floor_usage":[20,20],"damage_taken":[{"damage":0.0,"enemies":"Small Slimes","floor":1.0,"turns":1.0},{"damage":0.0,"enemies":"3 Sentries","floor":6.0,"turns":2.0},{"damage":0.0,"enemies":"2 Louse","floor":7.0,"turns":1.0},{"damage":28.0,"enemies":"Gremlin Nob","floor":8.0,"turns":4.0},{"damage":0.0,"enemies":"Cultist","floor":10.0,"turns":4.0},{"damage":6.0,"enemies":"Blue Slaver","floor":11.0,"turns":3.0},{"damage":0.0,"enemies":"Looter","floor":12.0,"turns":2.0},{"damage":3.0,"enemies":"2 Fungi Beasts","floor":13.0,"turns":3.0},{"damage":13,"enemies":"The Guardian","floor":16,"turns":9},{"damage":33,"enemies":"Spheric Guardian","floor":18,"turns":6},{"damage":26,"enemies":"Chosen","floor":20,"turns":6},{"damage":21,"enemies":"Centurion and Healer","floor":22,"turns":7},{"damage":0,"enemies":"Slavers","floor":23,"turns":1}],"seed_played":"922448052509617728","potions_obtained":[{"floor":1.0,"key":"Adrenaline Potion"},{"floor":8.0,"key":"BloodPotion"},{"floor":10.0,"key":"CalmPotion"},{"floor":20,"key":"Strength Potion"}],"is_trial":false,"path_per_floor":["M","?","$","?","?","E","M","E","T","M","M","M","M","?","R","B",null,"M","?","M","?","M","E"],"character_chosen":"THE_GATHERER","items_purchased":["Gatherer:QuickSynthesis"],"campfire_rested":1,"item_purchase_floors":[3],"current_hp_per_floor":[72,72,72,54,54,54,54,26,26,26,20,20,17,17,38,25,72,39,39,27,27,6,6,6,6],"gold":410,"neow_bonus":"THREE_ENEMY_KILL","is_daily":false,"chose_seed":false,"campfire_upgraded":0,"win_rate":0.0,"timestamp":1609167057,"path_taken":["M","?","$","?","?","E","M","E","T","M","M","?","M","?","R","BOSS","M","?","M","?","M","E"],"items_purchased_type":["Card"],"build_version":"2020-12-22","purchased_purges":0,"victory":false,"max_hp_per_floor":[72,72,72,72,72,72,72,72,72,72,72,72,72,72,72,72,72,72,72,72,72,72,72,72,72],"card_choices":[{"not_picked":["Gatherer:Solidify","Gatherer:BigPouch"],"picked":"Gatherer:BalancedGrowth","floor":1.0},{"not_picked":["Gatherer:Snatch","Gatherer:AromaProtection"],"picked":"Gatherer:RecipeChange","floor":4.0},{"not_picked":["Gatherer:AcidicSpray","Gatherer:RecoveryHerb"],"picked":"Gatherer:EnergyBasket","floor":4.0},{"not_picked":["Gatherer:SaveValuables","Gatherer:Polymorphism"],"picked":"Gatherer:BalancedGrowth","floor":4.0},{"not_picked":["Gatherer:CarefulStrike","Gatherer:PotentialSlash","Gatherer:BalancedGrowth"],"picked":"SKIP","floor":6.0},{"not_picked":["Gatherer:AcidicSpray","Gatherer:Enchant"],"picked":"Gatherer:QuickSynthesis","floor":7.0},{"not_picked":["Gatherer:Herbalism","Gatherer:TreeGrowth"],"picked":"Gatherer:Nutrients","floor":8.0},{"not_picked":["Gatherer:PotentialSlash","Gatherer:ScentOfRosmari"],"picked":"Gatherer:WoolGloves","floor":10.0},{"not_picked":["Gatherer:TacticalStrike","Gatherer:Polymorphism","Gatherer:PotentialSlash"],"picked":"SKIP","floor":11.0},{"not_picked":["Gatherer:GatherMaterial","Gatherer:PotentialSlash"],"picked":"Gatherer:PoisonMastery","floor":12.0},{"not_picked":["Gatherer:SaveValuables","Gatherer:WoolGloves"],"picked":"Gatherer:FlowerPower","floor":13.0},{"not_picked":["Gatherer:ScrollOfPurity","Gatherer:StoneFence"],"picked":"Gatherer:Photoscythe","floor":16},{"not_picked":["Gatherer:RecipeChange","Gatherer:Enchant"],"picked":"Gatherer:GatherMaterial","floor":18},{"not_picked":["Gatherer:WitheringStrike","Gatherer:SmartManeuver"],"picked":"Gatherer:Convert+1","floor":20},{"not_picked":["Gatherer:TacticalStrike","Gatherer:ScentOfRosmari","Gatherer:FlowerShield"],"picked":"SKIP","floor":22}],"player_experience":580056,"relics_obtained":[{"floor":6.0,"key":"Replay:Bottled Snecko"},{"floor":8.0,"key":"ReplayTheSpireMod:Shallot"},{"floor":9.0,"key":"HoshigumaDish"}],"event_choices":[{"damage_healed":0.0,"max_hp_gain":0.0,"max_hp_loss":0.0,"gold_gain":0.0,"event_name":"Shining Light","player_choice":"Ignored","floor":2.0,"gold_loss":0.0,"damage_taken":0.0},{"cards_removed":["Gatherer:BalancedGrowth"],"damage_healed":0.0,"max_hp_gain":0.0,"max_hp_loss":0.0,"gold_gain":0.0,"event_name":"NoteForYourself","player_choice":"Took Card","floor":5.0,"gold_loss":0.0,"damage_taken":0.0,"cards_obtained":["Iron Wave"]},{"damage_healed":0,"gold_gain":0,"player_choice":"Ignored","damage_taken":0,"max_hp_gain":0,"max_hp_loss":0,"event_name":"Vampires","floor":19,"gold_loss":0},{"damage_healed":0,"gold_gain":99,"player_choice":"Stole From Cult","damage_taken":0,"max_hp_gain":0,"max_hp_loss":0,"event_name":"Nest","floor":21,"gold_loss":0}],"is_beta":false,"boss_relics":[{"not_picked":["Snecko Heart","testmod-SaigiyounoYou"],"picked":"aspiration:RandomNobGenerator"}],"items_purged_floors":[],"is_endless":false,"potions_floor_spawned":[1,8,10,16,20],"killed_by":"Slavers","ascension_level":0}}