{"host":"f5gffvlv6a66yqkd","time":1609134150,"event":{"mods":["2.2 Compatiblity","BaseMod","Colored Map","DeckTracker","Keyboard Shortcuts","Lobotomy","Minty Spire (QoL Compilation)","Permanent Neow","Quick Restart","Relic Stats","StSLib","SuperFastMode"],"gold_per_floor":[111,12,12,30,30,50,83,101,178,178,178,212,212,228,228,329,329,299,299],"floor_reached":18,"playtime":720,"items_purged":["Strike_B"],"score":179,"play_id":"3018f201-0efb-4d0b-b814-35da3e107d54","local_time":"20201228144230","is_ascension_mode":true,"campfire_choices":[{"data":"Chaos","floor":10,"key":"SMITH"},{"data":"Double Energy","floor":13,"key":"SMITH"},{"data":"Turbo","floor":15,"key":"SMITH"}],"circlet_count":0,"master_deck":["Defend_B","Defend_B","Defend_B+1","Defend_B","Zap+1","Dualcast","OldLady","Chaos+1","Rebound","OSAHOGD","Electrodynamics","MeatLantern","MHz","Reboot","PunishingBird","Turbo+1","SpiderBud","Double Energy+1","BlackSwan","Cold Snap","NakedNest","Seek","Stack+1","Reprogram+1","Creative AI+1"],"relics":["Cracked Core","CogitoBucket","Dead Branch","Happy Flower","Pear","CaptainsWheel","HellTrain","Astrolabe"],"acts_visited":["Exordium","TheCity"],"potions_floor_usage":[8,12],"damage_taken":[{"damage":0,"enemies":"2 Louse","floor":1,"turns":3},{"damage":0,"enemies":"Jaw Worm","floor":4,"turns":2},{"damage":0,"enemies":"Small Slimes","floor":6,"turns":2},{"damage":16,"enemies":"Gremlin Nob","floor":7,"turns":4},{"damage":0,"enemies":"Gremlin Gang","floor":8,"turns":4},{"damage":1,"enemies":"3 Sentries","floor":12,"turns":5},{"damage":2,"enemies":"2 Fungi Beasts","floor":14,"turns":3},{"damage":61,"enemies":"The Guardian","floor":16,"turns":9},{"damage":106,"enemies":"2 Thieves","floor":18,"turns":2}],"seed_played":"-5777821464905599558","potions_obtained":[{"floor":6,"key":"SteroidPotion"},{"floor":11,"key":"DistilledChaos"},{"floor":11,"key":"ColorlessPotion"},{"floor":11,"key":"LiquidMemories"},{"floor":12,"key":"FairyPotion"},{"floor":16,"key":"FocusPotion"}],"is_trial":false,"path_per_floor":["M","$","?","M","?","M","E","M","T","R","?","E","R","M","R","B",null,"M"],"character_chosen":"DEFECT","items_purchased":["Rebound"],"campfire_rested":0,"item_purchase_floors":[2],"current_hp_per_floor":[75,75,60,60,48,48,32,32,42,42,42,41,41,39,39,11,85,0,0],"gold":299,"neow_bonus":"","is_daily":false,"chose_seed":false,"campfire_upgraded":3,"win_rate":0.0,"timestamp":1609134150,"path_taken":["M","$","?","M","?","M","E","M","T","R","?","E","R","M","R","BOSS","M"],"items_purchased_type":["Card"],"build_version":"2020-12-22","purchased_purges":1,"victory":false,"max_hp_per_floor":[75,75,75,75,75,75,75,75,85,85,85,85,85,85,85,85,85,85,85],"relic_stats":{"Happy Flower":[8],"counters":[10,35],"Dead Branch":[20],"Astrolabe":["Stack","Reprogram","Creative AI"],"obtain_stats":[{"CogitoBucket":0,"CaptainsWheel":12,"Pear":9,"Happy Flower":7,"Dead Branch":5,"Astrolabe":17,"HellTrain":14,"Cracked Core":0},{"CogitoBucket":0,"CaptainsWheel":6,"Pear":5,"Happy Flower":4,"Dead Branch":2,"Astrolabe":9,"HellTrain":8,"Cracked Core":0},{"CogitoBucket":0,"CaptainsWheel":20,"Pear":15,"Happy Flower":11,"Dead Branch":5,"Astrolabe":33,"HellTrain":24,"Cracked Core":0}]},"card_choices":[{"not_picked":["Scorched","BeautyBeast"],"picked":"OldLady","floor":1},{"not_picked":["Hologram","Go for the Eyes"],"picked":"Chaos","floor":1},{"not_picked":["HeroicMonk","Freischutz"],"picked":"OSAHOGD","floor":4},{"not_picked":["Redo","Beam Cell"],"picked":"Electrodynamics","floor":4},{"not_picked":["Scorched","FieryBird"],"picked":"MeatLantern","floor":6},{"not_picked":["Beam Cell","Steam","Streamline"],"picked":"SKIP","floor":6},{"not_picked":["QueenBee","LaLuna"],"picked":"MHz","floor":7},{"not_picked":["Static Discharge","Streamline"],"picked":"Reboot","floor":7},{"not_picked":["HappyTeddy","SpiderBud"],"picked":"PunishingBird","floor":8},{"not_picked":["Sweeping Beam","Redo"],"picked":"Turbo","floor":8},{"not_picked":["Mercenary","Wellcheers"],"picked":"SpiderBud","floor":12},{"not_picked":["FTL","Reprogram"],"picked":"Double Energy","floor":12},{"not_picked":["CherryBlossoms","FairyFestival"],"picked":"BlackSwan","floor":14},{"not_picked":["Turbo","Scrape"],"picked":"Cold Snap","floor":14},{"not_picked":["Bloodbath","CrumblingArmor"],"picked":"NakedNest","floor":16},{"not_picked":["Machine Learning","Meteor Strike"],"picked":"Seek","floor":16}],"player_experience":1497546,"relics_obtained":[{"floor":7,"key":"Happy Flower"},{"floor":9,"key":"Pear"},{"floor":12,"key":"CaptainsWheel"}],"event_choices":[{"damage_healed":0,"gold_gain":0,"player_choice":"Entered Light","damage_taken":15,"max_hp_gain":0,"max_hp_loss":0,"event_name":"Shining Light","floor":3,"gold_loss":0,"cards_upgraded":["Defend_B","Zap"]},{"damage_healed":0,"gold_gain":0,"player_choice":"Success","damage_taken":12,"relics_obtained":["Dead Branch"],"max_hp_gain":0,"max_hp_loss":0,"event_name":"Scrap Ooze","floor":5,"gold_loss":0},{"damage_healed":0,"gold_gain":0,"player_choice":"Got Potions","damage_taken":0,"max_hp_gain":0,"max_hp_loss":0,"event_name":"Lab","floor":11,"gold_loss":0}],"is_beta":false,"boss_relics":[{"not_picked":["Cursed Key","Ectoplasm"],"picked":"Astrolabe"}],"items_purged_floors":[2],"is_endless":false,"potions_floor_spawned":[6,12,16],"killed_by":"2 Thieves","ascension_level":1}}