{"host":"7vidw0fny0glz923","time":1609178839,"event":{"mods":["ATMod(°¢èªMod)","Act Like it!","BaseMod","Challenge The Spire","Downfall","Friendly Minions","HololiveMod","KinomotoSakuraMod(Ä¾Ö®±¾Ó£)","Kiyohime£¨Çå¼§£©","KomeijiMod","Lobotomy","LobotomyExtend","Marisa£¨ìFÓê¡¡Ä§ÀíÉ³£©","Minty Spire (QoL Compilation)","MostiFishMod","Pale of the Ancients","READ ME - Guardian Mod","Reimu£¨²©ÀöÁéÃÎ£©","Remilia£¨ÀÙÃ×ÀòÑÇ£©","Replay The Spire","RumiaBox-Â¶Ã×æ«µÄÉñÃØºÐ×Ó","Shop Mod","StSLib","TestMod","The Cursed","The Hierophant","The Jungle","The Poker Player","The Servant 0.9.4","Yakumo Yukari mod","Youmu£¨»êÆÇÑýÃÎ£©","[µØ¾«Ê×ÁìÅÀËþ]The Maniac","¡¾ÒÅÎï¿¨ÅÆ¡¿REMEMod"],"gold_per_floor":[115,165,179,193,118,118,133,169,169,176,193,193,212,217,312,385,385,408,323,373,115,138,138,170,170,170,174,174,49,49,58,58,132,132,151,171,199,199,217,217,250,250,250,250,100,100,159,189,189,184,184],"floor_reached":50,"playtime":1847,"items_purged":["Delirium","maniac:Guilty","Strike_P","Voices"],"score":1290,"play_id":"02c0974a-891c-4289-a156-f54da5602558","local_time":"20201228180719","is_ascension_mode":true,"campfire_choices":[{"data":"Eruption","floor":6,"key":"SMITH"},{"data":"AT_MachinaRedman","floor":23,"key":"SMITH"},{"data":"CherryBlossomSword","floor":28,"key":"SMITH"},{"data":"CutThroughFate","floor":30,"key":"SMITH"},{"data":"Strike_P","floor":32,"key":"PURGE"},{"data":"AT_Desolate","floor":44,"key":"SMITH"},{"floor":46,"key":"RECALL"},{"data":"EndlessPower","floor":49,"key":"SMITH"}],"circlet_count":0,"master_deck":["AscendersBane","Strike_P","Strike_P","Defend_P","Defend_P+1","Eruption+1","Vigilance","AT_Desolate+1","CherryBlossomSword+1","Wallop","HappyTeddy","Freischutz","CutThroughFate+1","QueenBee","Evaluate","BlackArmy","maniac:Torture","AT_MachinaRedman+1","WallGazer","Hallucinations","HereticApostle","Wrath_TH","EndlessPower+1","Pot Of Greed","Pot Of Greed","Pot Of Greed","SnowQueen","WhiteNight","BattleHymn","BlueStar","Replay:Hysterical Blindness","REME_CurseOfMatryoshka"],"relics":["PureWater","testmod-TestBox","DaveBox","REME_ComplimentaryCards","AT_ATBox","testmod-Acrobat","RhineSuit","CogitoBucket","RabbitCall","SynthV:TestCard","LetterFromLob","Ring of Greed","ReplayTheSpireMod:Ring of Addiction","Tiny Chest","Replay:Wax Seal","Potion Belt","Toy Ornithopter","MealTicket","BehaviorAdjustment","CaptainsWheel","RedMistMask","Gaze_r","War Paint","Replay:Baseball","Anchor","testmod-TurbochargingSystem","Grinning Jar","AspirationHeart","Philosopher\u0027s Stone","SkinProphecy","Question Card","testmod-Justice","Regal Pillow","Centennial Puzzle","CatCart"],"acts_visited":["Exordium","TheCity","TheBeyond"],"potions_floor_usage":[10,12,18,27,37,50,50],"damage_taken":[{"damage":4,"enemies":"Jaw Worm","floor":1,"turns":2},{"damage":0,"enemies":"Cultist","floor":3,"turns":3},{"damage":0,"enemies":"2 Louse","floor":4,"turns":1},{"damage":0,"enemies":"Blue Slaver","floor":7,"turns":2},{"damage":0,"enemies":"Gremlin Nob","floor":8,"turns":2},{"damage":26,"enemies":"Lots of Slimes","floor":10,"turns":5},{"damage":2,"enemies":"Lagavulin","floor":11,"turns":3},{"damage":2,"enemies":"Looter","floor":13,"turns":2},{"damage":1,"enemies":"Exordium Wildlife","floor":14,"turns":1},{"damage":11,"enemies":"The Guardian","floor":16,"turns":3},{"damage":7,"enemies":"2 Thieves","floor":18,"turns":3},{"damage":0,"enemies":"Slavers","floor":24,"turns":1},{"damage":36,"enemies":"Spheric Guardian","floor":27,"turns":5},{"damage":2,"enemies":"Centurion and Healer","floor":31,"turns":4},{"damage":17,"enemies":"Collector","floor":33,"turns":4},{"damage":2,"enemies":"Orb Walker","floor":35,"turns":1},{"damage":0,"enemies":"3 Darklings","floor":36,"turns":1},{"damage":46,"enemies":"Maw","floor":37,"turns":2},{"damage":10,"enemies":"4 Shapes","floor":39,"turns":2},{"damage":15,"enemies":"R_Hoarder","floor":41,"turns":4},{"damage":5,"enemies":"Writhing Mass","floor":42,"turns":4},{"damage":39,"enemies":"Orin","floor":47,"turns":3},{"damage":19,"enemies":"Transient","floor":48,"turns":4},{"damage":208,"enemies":"FixerMidnight","floor":50,"turns":7}],"seed_played":"8344954479790855561","potions_obtained":[{"floor":2,"key":"Explosive Potion"},{"floor":2,"key":"Regen Potion"},{"floor":2,"key":"Regen Potion"},{"floor":3,"key":"Explosive Potion"},{"floor":10,"key":"BlessingOfTheForge"},{"floor":11,"key":"FairyPotion"},{"floor":12,"key":"testmod-SpacePotion"},{"floor":12,"key":"Toxic Potion"},{"floor":13,"key":"Fire Potion"},{"floor":24,"key":"SpeedPotion"},{"floor":36,"key":"Regen Potion"},{"floor":41,"key":"Explosive Potion"}],"is_trial":false,"path_per_floor":["M","?","M","M","$","R","M","E","T","M","E","?","M","M","R","B",null,"M","?","?","$","T","R","E","?","T","M","R","$","R","M","R","B",null,"M","M","M","T","M","T","E","M","T","R","$","R","?","M","R","B"],"character_chosen":"WATCHER","items_purchased":["Replay:Baseball"],"campfire_rested":0,"item_purchase_floors":[21],"current_hp_per_floor":[57,57,57,57,57,57,57,57,57,42,40,45,43,63,63,51,59,55,55,55,62,60,60,60,58,58,47,47,62,62,63,63,66,64,64,64,62,62,57,57,64,66,66,64,64,64,53,58,58,0,0],"gold":184,"neow_bonus":"","is_daily":false,"chose_seed":false,"campfire_upgraded":6,"win_rate":0.0,"timestamp":1609178839,"path_taken":["M","?","M","M","$","R","M","E","T","M","E","?","M","M","R","BOSS","M","?","?","$","?","R","E","?","T","?","R","$","R","M","R","BOSS","M","?","M","?","M","?","E","M","T","R","$","R","?","?","R","BOSS"],"items_purchased_type":["Relic"],"build_version":"2020-12-22","purchased_purges":4,"victory":false,"max_hp_per_floor":[68,68,68,68,68,66,66,66,64,64,64,64,64,64,64,62,62,62,62,62,62,60,60,60,58,58,68,68,68,68,66,66,66,64,64,64,62,62,64,64,64,66,66,64,64,64,64,66,66,66,66],"card_choices":[{"not_picked":["Wellcheers","CrumblingArmor","GreedKing"],"picked":"Singing Bowl","floor":1},{"not_picked":["AT_SoftenMuscles","Replay:AtTheReady"],"picked":"Wallop","floor":1},{"not_picked":["LongBird","Scorched"],"picked":"HappyTeddy","floor":3},{"not_picked":["FlurryOfBlows","Replay:ManipulateFuture","Replay:Anticipation","FlyingSleeves","Halt"],"picked":"SKIP","floor":3},{"not_picked":["MHz","Scorched"],"picked":"Freischutz","floor":4},{"not_picked":["CrushJoints","Evaluate","ReachHeaven","Crescendo"],"picked":"CutThroughFate","floor":4},{"not_picked":["Porccubus","BeautyBeast","LongBird"],"picked":"Singing Bowl","floor":7},{"not_picked":["ForeignInfluence","Replay:ManipulateFuture","Crescendo","Worship","Blasphemy"],"picked":"SKIP","floor":7},{"not_picked":["Wellcheers","WallGazer"],"picked":"QueenBee","floor":8},{"not_picked":["DeceiveReality","Meditate","SandsOfTime","MostiFishMod:FlowState"],"picked":"Evaluate","floor":8},{"not_picked":["CrumblingArmor","SpiderBud","Scorched"],"picked":"Singing Bowl","floor":10},{"not_picked":["MeatLantern","Murderer"],"picked":"BlackArmy","floor":10},{"not_picked":["FearNoEvil","Replay:AtTheReady","CutThroughFate","Halt","SashWhip"],"picked":"SKIP","floor":10},{"not_picked":["LittleHelper","CherryBlossoms","Porccubus"],"picked":"Singing Bowl","floor":11},{"not_picked":["SashWhip","FlyingSleeves","REME_Repentance","Replay:AtTheReady"],"picked":"AT_MachinaRedman","floor":11},{"not_picked":["GalaxyChild","Woodsman","Porccubus"],"picked":"Singing Bowl","floor":13},{"not_picked":["EmptyFist","CrushJoints","FlurryOfBlows","SignatureMove","Replay:Hum"],"picked":"SKIP","floor":13},{"not_picked":["SpiderBud","WallGazer","Mercenary"],"picked":"Singing Bowl","floor":16},{"not_picked":["Scorched","BeautyBeast","Murderer"],"picked":"Singing Bowl","floor":18},{"not_picked":["OldLady","MeatLantern"],"picked":"WallGazer","floor":18},{"not_picked":["MostiFishMod:Nomercy","ReachHeaven","REME_Repentance","AT_ChampionStep+1","ClearTheMind"],"picked":"SKIP","floor":18},{"not_picked":["OldLady","Wellcheers","SpiderBud"],"picked":"Singing Bowl","floor":24},{"not_picked":["BlackSwan","Alriune"],"picked":"BigBadWolf","floor":24},{"not_picked":["Meditate+1","MostiFishMod:PathToVictory+1","JustLucky","FlyingSleeves","Evaluate"],"picked":"SKIP","floor":24},{"not_picked":["BeautyBeast","Mercenary","SingingMachine"],"picked":"Singing Bowl","floor":27},{"not_picked":["DreamingCurrent","Murderer"],"picked":"SnowQueen","floor":27},{"not_picked":["FlyingSleeves","EmptyBody","LikeWater","Conclude","AT_RealFormLess"],"picked":"SKIP","floor":27},{"not_picked":["Woodsman","Rudolta"],"picked":"WhiteNight","floor":31},{"not_picked":["Replay:Anticipation","Halt","CutThroughFate+1","FlyingSleeves"],"picked":"BattleHymn","floor":31},{"not_picked":["Murderer","Variant"],"picked":"BlueStar","floor":33},{"not_picked":["NakedNest","Murderer","FairyFestival"],"picked":"Singing Bowl","floor":35},{"not_picked":["CutThroughFate","Evaluate","Replay:Battleflow","BowlingBash","Sanctity+1"],"picked":"SKIP","floor":35},{"not_picked":["FairyFestival","UniverseFragment","MeatLantern"],"picked":"Singing Bowl","floor":36},{"not_picked":["MostiFishMod:Clarity+1","CrushJoints","MostiFishMod:Speedup","CutThroughFate+1","ThirdEye"],"picked":"SKIP","floor":36},{"not_picked":["PunishingBird","MeatLantern","Yin"],"picked":"Singing Bowl","floor":37},{"not_picked":["PathToVictory","Worship","Judgement","Crescendo","ThirdEye+1"],"picked":"SKIP","floor":37},{"not_picked":["Laetitia","FieryBird","CrumblingArmor"],"picked":"Singing Bowl","floor":39},{"not_picked":["Crescendo","Evaluate","Conclude+1","Replay:Vibes","ThirdEye","FlurryOfBlows"],"picked":"SKIP","floor":39},{"not_picked":["PunishingBird","Scorched","LaLuna"],"picked":"Singing Bowl","floor":41},{"not_picked":["Crescendo","Perseverance","Wish","EmptyBody+1","SashWhip","BowlingBash"],"picked":"SKIP","floor":41},{"not_picked":["FieryBird","CrumblingArmor","Alriune"],"picked":"Singing Bowl","floor":42},{"not_picked":["CrushJoints","DeceiveReality","Weave","Replay:Cycle","CarveReality+1","InnerPeace"],"picked":"SKIP","floor":42},{"not_picked":["Laetitia","Alriune","WhitesApple"],"picked":"Singing Bowl","floor":47},{"not_picked":["LaLuna","Yin","NakedNest"],"picked":"Singing Bowl","floor":48},{"not_picked":["EmptyMind+1","Crescendo","Fasting2","Weave+1","REME_MusicOfDeath","BowlingBash+1"],"picked":"SKIP","floor":48}],"player_experience":905223,"relics_obtained":[{"floor":1,"key":"SynthV:TestCard"},{"floor":1,"key":"LetterFromLob"},{"floor":2,"key":"Ring of Greed"},{"floor":2,"key":"ReplayTheSpireMod:Ring of Addiction"},{"floor":2,"key":"Tiny Chest"},{"floor":2,"key":"Replay:Wax Seal"},{"floor":2,"key":"Potion Belt"},{"floor":2,"key":"Toy Ornithopter"},{"floor":8,"key":"MealTicket"},{"floor":11,"key":"CaptainsWheel"},{"floor":13,"key":"RedMistMask"},{"floor":22,"key":"Anchor"},{"floor":24,"key":"testmod-TurbochargingSystem"},{"floor":26,"key":"Grinning Jar"},{"floor":38,"key":"Question Card"},{"floor":40,"key":"testmod-Justice"},{"floor":41,"key":"Regal Pillow"},{"floor":43,"key":"Centennial Puzzle"},{"floor":47,"key":"CatCart"}],"event_choices":[{"damage_healed":0,"gold_gain":0,"player_choice":"Got Potions","damage_taken":0,"max_hp_gain":0,"max_hp_loss":0,"event_name":"Lab","floor":12,"gold_loss":0},{"damage_healed":0,"gold_gain":0,"player_choice":"Obtained Relic","damage_taken":0,"relics_obtained":["War Paint"],"max_hp_gain":0,"max_hp_loss":0,"event_name":"Addict","floor":19,"gold_loss":85},{"damage_healed":0,"gold_gain":50,"player_choice":"Stole From Cult","damage_taken":0,"max_hp_gain":0,"max_hp_loss":0,"event_name":"Nest","floor":20,"gold_loss":0},{"damage_healed":0,"gold_gain":0,"player_choice":"Fight","damage_taken":0,"max_hp_gain":0,"max_hp_loss":0,"event_name":"OrinTheCat","floor":47,"gold_loss":0}],"is_beta":false,"boss_relics":[{"not_picked":["OneHitWonderSystem","Hololive_TopUpMoneyS","testmod-Recursion"]},{"not_picked":["Replay:Drink Me","Painkiller Herb"],"picked":"Philosopher\u0027s Stone"}],"items_purged_floors":[5,21,29,45],"is_endless":false,"potions_floor_spawned":[3,10,11,13,14,24,27,36,41,47],"killed_by":"FixerMidnight","ascension_level":18}}