{"host":"hig4mmxcip4vq5ai","time":1609164758,"event":{"mods":["Aspiration","BaseMod","Challenge The Spire","Colored Powertips","Conspire","Energized Spire","Friendly Minions","GungeonMod","Halation","Hubris","Minty Spire (QoL Compilation)","Replay The Spire","Shop Mod","Small Relic Pack","StSLib","slay the spire mod where everything is the same but ironclad has a cowboy hat","vexMod"],"gold_per_floor":[490,8,42,76,103,103,103,103,136,163,198,198,72,72,98,129,162,197],"floor_reached":19,"playtime":1244,"items_purged":[],"score":470,"play_id":"ff934772-44aa-4c7e-81cd-4aaa0520512e","local_time":"20201228171238","daily_mods":["challengethespire:Bronze Difficulty","challengethespire:Modded Elite Rush","Uncertain Future"],"is_ascension_mode":true,"campfire_choices":[{"data":"Footwork","floor":7,"key":"SMITH"},{"data":"Neutralize","floor":8,"key":"SMITH"},{"data":"Footwork","floor":14,"key":"SMITH"}],"circlet_count":0,"master_deck":["Strike_G+1","Strike_G","Strike_G+1","Strike_G+1","Strike_G","Defend_G+1","Defend_G+1","Defend_G+1","Defend_G+1","Defend_G+1","Survivor","Neutralize+1","Tools of the Trade+1","Hidden Blade+1","Masterful Stab+1","Cloak And Dagger+1","Finisher+1","Atom Bomb+1","Discovery","Dash","Cloak And Dagger+1","Footwork+1","Dash","Blur+1","Hidden Blade","Acrobatics","Footwork+1","Blade Dance","Blade Dance","Leg Sweep","Atom Bomb"],"relics":["Ring of the Snake","Black Star","Sling","PreservedInsect","Replay:Bottled Eggs","Regal Pillow","DemoMod:Metronome","MealTicket","Iron Hammer","DemoMod:ResourcefulSack","FossilizedHelix","DemoMod:WhiteGuonStone","halation:HeavySnake","Boot","Counterbalance","DemoMod:GlassGuonStoneRelic","hubris:BottledRain","vexMod:PlasmaPancake","Shovel","War Paint","energizedSpire:PogoStick","Mirror","Paper Crane","DemoMod:PoisonVial","Potion Belt","DemoMod:ClearGuonStone","vexMod:BarristanHead","DemoMod:Bottle","Replay:Bottled Flurry"],"acts_visited":["Exordium"],"potions_floor_usage":[18,18,18],"damage_taken":[{"damage":18,"enemies":"Lagavulin","floor":3,"turns":4},{"damage":5,"enemies":"Replay:BlueRogue","floor":4,"turns":6},{"damage":0,"enemies":"Gremlin Nob","floor":5,"turns":2},{"damage":0,"enemies":"Replay:Snechameleon","floor":9,"turns":6},{"damage":2,"enemies":"conspire:SneckoGhost","floor":10,"turns":8},{"damage":0,"enemies":"conspire:Head Lice","floor":11,"turns":3},{"damage":0,"enemies":"Nemesis","floor":15,"turns":5},{"damage":0,"enemies":"Reptomancer","floor":16,"turns":3},{"damage":0,"enemies":"Giant Head","floor":17,"turns":8},{"damage":0,"enemies":"Shield and Spear","floor":18,"turns":5}],"seed_played":"274171956731832380","potions_obtained":[{"floor":9,"key":"GhostInAJar"},{"floor":18,"key":"DemoMod:LeadSkinPotion"}],"is_trial":true,"path_per_floor":["$","$","E","E","E","T","R","R","E","E","E","T","$","R","E","E","E","E",null],"character_chosen":"THE_SILENT","items_purchased":["Replay:Bottled Eggs","FearPotion","Tools of the Trade","Hidden Blade","Masterful Stab","Cloak And Dagger","Finisher","Atom Bomb","Regal Pillow","Discovery","Acrobatics","Footwork"],"campfire_rested":0,"item_purchase_floors":[1,1,1,1,1,2,2,2,2,2,13,13],"current_hp_per_floor":[70,70,52,47,47,47,47,47,47,51,51,51,66,66,66,66,66,66],"gold":197,"neow_bonus":"","is_daily":false,"chose_seed":false,"campfire_upgraded":3,"win_rate":0.0,"timestamp":1609164758,"path_taken":["$","$","E","E","E","T","R","R","E","E","E","T","$","R","E","E","E","E"],"items_purchased_type":["Relic","Potion","Card","Card","Card","Card","Card","Card","Relic","Card","Card","Card"],"build_version":"2020-12-22","purchased_purges":0,"victory":true,"max_hp_per_floor":[70,70,70,70,70,70,70,70,70,76,76,76,76,76,76,76,76,76],"card_choices":[],"player_experience":408262,"relics_obtained":[{"floor":3,"key":"DemoMod:Metronome"},{"floor":3,"key":"MealTicket"},{"floor":4,"key":"Iron Hammer"},{"floor":4,"key":"DemoMod:ResourcefulSack"},{"floor":5,"key":"FossilizedHelix"},{"floor":5,"key":"DemoMod:WhiteGuonStone"},{"floor":9,"key":"Boot"},{"floor":9,"key":"Counterbalance"},{"floor":10,"key":"hubris:BottledRain"},{"floor":10,"key":"vexMod:PlasmaPancake"},{"floor":11,"key":"Shovel"},{"floor":11,"key":"War Paint"},{"floor":15,"key":"Mirror"},{"floor":15,"key":"Paper Crane"},{"floor":16,"key":"DemoMod:PoisonVial"},{"floor":16,"key":"Potion Belt"},{"floor":17,"key":"DemoMod:ClearGuonStone"},{"floor":17,"key":"vexMod:BarristanHead"},{"floor":18,"key":"DemoMod:Bottle"},{"floor":18,"key":"Replay:Bottled Flurry"}],"event_choices":[],"is_beta":false,"boss_relics":[{"not_picked":["Replay:Bronze Core","halation:PinkAlligatorPlush"],"picked":"halation:HeavySnake"},{"not_picked":["conspire:SeveredTorchhead","vexMod:TanglingVine"],"picked":"energizedSpire:PogoStick"}],"items_purged_floors":[],"is_endless":false,"potions_floor_spawned":[9,18],"ascension_level":0}}