{"host":"zv85muor2723jdwz","time":1609135237,"event":{"mods":["Arknights The Spire","BaseMod","Better Vampires","CapriCore","Decade(王小明)","KinomotoSakuraMod(木之本樱)","KomeijiMod","Marisa（F雨　魔理沙）","Marked Mod","Minty Spire (QoL Compilation)","Quick Restart","Reimu（博丽灵梦）","Remilia（蕾米莉亚）","StSLib","The Bladedancer","The Cursed","The Immortal","The Runesmith","The Servant 0.9.4","WarShipGirlsR/战舰少女R mod","Yakumo Yukari mod","Youmu（魂魄妖梦）","Yuri Mod","Yuyuko","【遗物卡牌】REMEMod"],"gold_per_floor":[180,199,199,18,32,32,66,77,100,100,133,133,2,74,74,172,172,192,204,239,23,42,42,42],"floor_reached":23,"playtime":908,"items_purged":["Strike_Remiria"],"score":314,"play_id":"62bb1f7f-e572-4c82-97d0-06c89cc48769","local_time":"20201228140037","daily_mods":["Heirloom","DeadlyEvents"],"is_ascension_mode":true,"campfire_choices":[{"data":"QueenOfMidnight","floor":6,"key":"SMITH"},{"data":"StigmaNizer","floor":10,"key":"SMITH"},{"data":"AllTheWorldInNightmare","floor":12,"key":"SMITH"},{"data":"BloodCollect","floor":15,"key":"SMITH"}],"circlet_count":0,"master_deck":["Strike_Remiria+1","Strike_Remiria+1","Strike_Remiria","Defend_Remirira","Defend_Remirira","Defend_Remirira","Defend_Remirira","Absorbed","Scratch","StigmaNizer+1","BloodCollect+1","Warpath","QueenOfMidnight+1","Warpath","VampireKiss_Remiria","AllTheWorldInNightmare+1","RedMagic","Impregnable","StigmaNizer","BloodPact","Culling","FastHealing"],"relics":["UnsealingCross","REME_ComplimentaryCards","Gambling Chip","Membership Card","PreservedInsect","Whetstone","Orichalcum","Eternal Feather","Sundial","Red Mask","Ice Cream"],"acts_visited":["Exordium","TheCity"],"potions_floor_usage":[16,16,23,23],"damage_taken":[{"damage":2.0,"enemies":"2 Louse","floor":1.0,"turns":3.0},{"damage":6.0,"enemies":"Jaw Worm","floor":2.0,"turns":4.0},{"damage":0,"enemies":"Cultist","floor":5,"turns":2},{"damage":18,"enemies":"Gremlin Nob","floor":7,"turns":4},{"damage":0,"enemies":"3 Louse","floor":8,"turns":1},{"damage":18,"enemies":"Lagavulin","floor":11,"turns":3},{"damage":34,"enemies":"Hexaghost","floor":16,"turns":8},{"damage":0,"enemies":"Spheric Guardian","floor":18,"turns":3},{"damage":36,"enemies":"Shell Parasite","floor":19,"turns":9},{"damage":49,"enemies":"Masked Bandits","floor":20,"turns":4},{"damage":31,"enemies":"Snake Plant","floor":22,"turns":4},{"damage":45,"enemies":"REME_1_Revenger","floor":23,"turns":2}],"seed_played":"-5750175467641314373","potions_obtained":[{"floor":1.0,"key":"PowerPotion"},{"floor":5,"key":"SteroidPotion"},{"floor":18,"key":"EntropicBrew"},{"floor":19,"key":"GamblersBrew"},{"floor":22,"key":"ColorlessPotion"}],"is_trial":true,"path_per_floor":["M","M","?","$","M","R","E","M","T","R","E","R","$","T","R","B",null,"M","M","?","$","M","E"],"character_chosen":"RemiriaScarlet","items_purchased":["Membership Card","Warpath","Eternal Feather","Culling","Ice Cream"],"campfire_rested":0,"item_purchase_floors":[4,4,13,21,21],"current_hp_per_floor":[98,92,92,92,92,92,74,74,74,74,62,62,62,62,71,43,100,100,64,26,26,9,0,0],"gold":42,"neow_bonus":"","is_daily":false,"chose_seed":false,"campfire_upgraded":4,"win_rate":0.0,"timestamp":1609135237,"path_taken":["M","M","?","$","M","R","E","M","T","R","E","R","$","?","R","BOSS","M","?","?","$","?","E"],"items_purchased_type":["Relic","Card","Relic","Card","Relic"],"build_version":"2020-12-22","purchased_purges":1,"victory":false,"max_hp_per_floor":[100,100,100,100,100,100,100,100,100,100,100,100,100,100,100,100,100,100,100,100,100,100,100,100],"card_choices":[{"not_picked":["CurseofVladTepes","ServantFlier"],"picked":"StigmaNizer","floor":1.0},{"not_picked":["DoubleEdge","Exsanguinate"],"picked":"BloodCollect","floor":2.0},{"not_picked":["Rewrite","FateEnsemble"],"picked":"QueenOfMidnight","floor":5},{"not_picked":["BloodCollect","ServantFlier"],"picked":"Warpath","floor":7},{"not_picked":["RocketKickup","Cripple"],"picked":"VampireKiss_Remiria","floor":8},{"not_picked":["Offensive","NaturallyHealing"],"picked":"AllTheWorldInNightmare","floor":11},{"not_picked":["RedtheNightlessCastle","FateSonata"],"picked":"RedMagic","floor":16},{"not_picked":["Paradox","Warpath"],"picked":"Impregnable","floor":18},{"not_picked":["FateMeister","ServantFlier+1"],"picked":"StigmaNizer","floor":19},{"not_picked":["Rewrite+1","Cripple"],"picked":"BloodPact","floor":20},{"not_picked":["BloodCollect","FierceSweep"],"picked":"FastHealing","floor":22}],"player_experience":56435,"relics_obtained":[{"floor":7,"key":"PreservedInsect"},{"floor":9,"key":"Whetstone"},{"floor":11,"key":"Orichalcum"},{"floor":14,"key":"Sundial"},{"floor":20,"key":"Red Mask"}],"event_choices":[{"damage_healed":0,"gold_gain":0,"player_choice":"Fought Bandits","damage_taken":0,"max_hp_gain":0,"max_hp_loss":0,"event_name":"Masked Bandits","floor":20,"gold_loss":0}],"is_beta":false,"boss_relics":[{"not_picked":["Philosopher\u0027s Stone","Ectoplasm"],"picked":"UnsealingCross"}],"items_purged_floors":[21],"is_endless":true,"potions_floor_spawned":[1,5,18,19,22],"killed_by":"REME_1_Revenger","ascension_level":1}}