{"host":"93x13jgem5w43hjr","time":1609136840,"event":{"mods":["AchievementEnabler","BaseMod","Better Note","Better Third Choice","Colored Map","Colored Powertips","Minty Spire (QoL Compilation)","Rare Cards Sparkle","StSLib","Waifu the Spire"],"gold_per_floor":[117,117,128,20,37,37,72,18,42,42,52,52,52,72,72,177,177,188,203,203,11,11,38,38,49,49,49,49,49,65,0,0,0,0],"floor_reached":33,"playtime":1228,"items_purged":["Parasite"],"score":301,"play_id":"13ba0ac3-722b-458c-9fa1-f70bd0735d48","local_time":"20201227232720","is_ascension_mode":true,"campfire_choices":[{"data":"Rupture","floor":6,"key":"SMITH"},{"data":"Battle Trance","floor":10,"key":"SMITH"},{"data":"Hemokinesis","floor":12,"key":"SMITH"},{"data":"Pummel","floor":15,"key":"SMITH"},{"floor":24,"key":"REST"},{"data":"Ghostly","floor":29,"key":"SMITH"},{"data":"Ghostly","floor":32,"key":"SMITH"}],"circlet_count":0,"master_deck":["Strike_R+1","Strike_R+1","Strike_R+1","Strike_R+1","Defend_R+1","Defend_R+1","Defend_R+1","Defend_R+1","Bash","Armaments","Rupture+1","Hemokinesis+1","Battle Trance+1","Pummel+1","Armaments","Shrug It Off","Spot Weakness+1","Inflame","Noxious Fumes+1","Evolve","Flex","Feed","Battle Trance","Ghostly+1","Ghostly+1","Ghostly","Ghostly","Ghostly"],"relics":["Burning Blood","NeowsBlessing","PreservedInsect","Bronze Scales","Philosopher\u0027s Stone","Smiling Mask","Pear"],"acts_visited":["Exordium","TheCity"],"potions_floor_usage":[7,11,16,19,30],"damage_taken":[{"damage":0,"enemies":"Jaw Worm","floor":1,"turns":1},{"damage":0,"enemies":"Cultist","floor":3,"turns":1},{"damage":2,"enemies":"Small Slimes","floor":5,"turns":2},{"damage":21,"enemies":"3 Sentries","floor":7,"turns":7},{"damage":8,"enemies":"Blue Slaver","floor":11,"turns":3},{"damage":4,"enemies":"2 Fungi Beasts","floor":14,"turns":3},{"damage":17,"enemies":"Slime Boss","floor":16,"turns":8},{"damage":26,"enemies":"2 Thieves","floor":18,"turns":4},{"damage":2,"enemies":"3 Byrds","floor":19,"turns":5},{"damage":31,"enemies":"Book of Stabbing","floor":23,"turns":4},{"damage":30,"enemies":"3 Cultists","floor":25,"turns":5},{"damage":12,"enemies":"Sentry and Sphere","floor":30,"turns":7},{"damage":51,"enemies":"Collector","floor":33,"turns":5}],"seed_played":"4144871090079882515","potions_obtained":[{"floor":3,"key":"Weak Potion"},{"floor":5,"key":"Explosive Potion"},{"floor":11,"key":"LiquidMemories"},{"floor":14,"key":"Dexterity Potion"},{"floor":25,"key":"Swift Potion"}],"is_trial":false,"path_per_floor":["M","?","M","$","M","R","E","$","T","R","M","R","?","M","R","B",null,"M","M","?","$","?","E","R","M","T","?","?","R","M","?","R","B"],"character_chosen":"IRONCLAD","items_purchased":["Hemokinesis","Battle Trance","Armaments","Evolve","Flex"],"campfire_rested":1,"item_purchase_floors":[4,4,8,21,21],"current_hp_per_floor":[80,80,80,80,80,80,65,65,65,65,63,63,80,80,80,69,80,60,64,64,64,64,39,62,38,48,48,43,43,41,41,41,0,0],"gold":0,"neow_bonus":"THREE_ENEMY_KILL","is_daily":false,"chose_seed":false,"campfire_upgraded":6,"win_rate":0.0,"timestamp":1609136840,"path_taken":["M","?","?","$","M","R","E","$","T","R","M","R","?","M","R","BOSS","M","M","?","$","?","E","R","?","T","?","?","R","M","?","R","BOSS"],"items_purchased_type":["Card","Card","Card","Card","Card"],"build_version":"2020-12-22","purchased_purges":1,"victory":false,"max_hp_per_floor":[80,80,80,80,80,80,80,80,80,80,80,80,80,80,80,80,80,80,80,80,77,77,77,77,77,87,87,43,43,47,47,47,47,47],"card_choices":[{"not_picked":["Infernal Blade","Searing Blow"],"picked":"Armaments","floor":1},{"not_picked":["Perfected Strike","Heavy Blade"],"picked":"Rupture","floor":3},{"not_picked":["Iron Wave","Wild Strike","Cleave"],"picked":"SKIP","floor":5},{"not_picked":["Clothesline","Clash"],"picked":"Pummel","floor":7},{"not_picked":["Armaments","Entrench"],"picked":"Shrug It Off","floor":11},{"not_picked":["Cleave","Sentinel","Infernal Blade"],"picked":"SKIP","floor":14},{"not_picked":["Warcry","Dark Embrace"],"picked":"Spot Weakness+1","floor":18},{"not_picked":["Wild Strike","Burning Pact+1"],"picked":"Inflame","floor":19},{"not_picked":["Demon Form","Iron Wave"],"picked":"Feed","floor":23},{"not_picked":["True Grit+1","Havoc"],"picked":"Battle Trance","floor":25},{"not_picked":["Clash","Evolve","Pommel Strike"],"picked":"SKIP","floor":30}],"player_experience":84593,"relics_obtained":[{"floor":7,"key":"PreservedInsect"},{"floor":9,"key":"Bronze Scales"},{"floor":23,"key":"Smiling Mask"},{"floor":26,"key":"Pear"}],"event_choices":[{"cards_removed":["Strike_R"],"damage_healed":0,"gold_gain":0,"player_choice":"Purged","damage_taken":0,"max_hp_gain":0,"max_hp_loss":0,"event_name":"Purifier","floor":2,"gold_loss":0},{"damage_healed":20,"gold_gain":0,"player_choice":"Healed and dodged fight","damage_taken":0,"max_hp_gain":0,"max_hp_loss":0,"event_name":"Mushrooms","floor":13,"gold_loss":0,"cards_obtained":["Parasite"]},{"cards_removed":["Inflame"],"damage_healed":0,"gold_gain":0,"player_choice":"Take \u0026 Give","damage_taken":0,"max_hp_gain":0,"max_hp_loss":0,"event_name":"betterNote:BetterNote","floor":20,"gold_loss":0,"cards_obtained":["Noxious Fumes"]},{"damage_healed":0,"gold_gain":0,"player_choice":"0 cards matched","damage_taken":0,"max_hp_gain":0,"max_hp_loss":0,"event_name":"Match and Keep!","floor":22,"gold_loss":0,"cards_obtained":[]},{"damage_healed":0,"gold_gain":0,"player_choice":"Simplicity","damage_taken":0,"max_hp_gain":0,"max_hp_loss":8,"event_name":"betterThird:BetterWriting","floor":27,"gold_loss":0},{"damage_healed":0,"gold_gain":0,"player_choice":"Became a Ghost","damage_taken":0,"max_hp_gain":0,"max_hp_loss":44,"event_name":"Ghosts","floor":28,"gold_loss":0,"cards_obtained":["Ghostly","Ghostly","Ghostly","Ghostly","Ghostly"]},{"damage_healed":0,"gold_gain":0,"player_choice":"Paid Fearfully","damage_taken":0,"max_hp_gain":0,"max_hp_loss":0,"event_name":"Masked Bandits","floor":31,"gold_loss":65}],"is_beta":false,"boss_relics":[{"not_picked":["Runic Pyramid","Cursed Key"],"picked":"Philosopher\u0027s Stone"}],"items_purged_floors":[21],"is_endless":false,"potions_floor_spawned":[3,5,11,14,25],"killed_by":"Collector","ascension_level":1}}