{"host":"lklj3eidp7g5an38","time":1609185168,"event":{"mods":["BaseMod","Minty Spire (QoL Compilation)","Relic Stats","StSLib"],"gold_per_floor":[111,211,12,22,22,50,50,81,81,81,94,111,140,160,160,232,232,251,251,266,40,60,60,74,107,161,161,261,261,261,261],"floor_reached":30,"playtime":2387,"items_purged":["Parasite","Strike_G"],"score":513,"play_id":"3de004ac-4bde-436d-9d9f-106cf5ba4ca3","local_time":"20201228195248","is_ascension_mode":true,"campfire_choices":[{"data":"Neutralize","floor":7,"key":"SMITH"},{"floor":10,"key":"REST"},{"data":"Footwork","floor":15,"key":"SMITH"},{"data":"Well Laid Plans","floor":23,"key":"SMITH"},{"floor":27,"key":"REST"},{"data":"Caltrops","floor":29,"key":"SMITH"}],"circlet_count":0,"master_deck":["AscendersBane","Strike_G+1","Strike_G","Strike_G","Strike_G","Defend_G","Defend_G","Defend_G","Defend_G","Defend_G","Survivor","Neutralize+1","Deadly Poison","Leg Sweep","Quick Slash","Bane","PiercingWail","Backflip","Dagger Spray","Dash+1","Footwork+1","Corpse Explosion","Well Laid Plans+1","Ghostly","Ghostly","Ghostly","Caltrops+1","PiercingWail"],"relics":["Ring of the Snake","CaptainsWheel","Pen Nib","Tough Bandages","Philosopher\u0027s Stone","Membership Card","Whetstone","Potion Belt","Turnip","Sundial"],"acts_visited":["Exordium","TheCity"],"potions_floor_usage":[13,16,22],"damage_taken":[{"damage":0,"enemies":"Small Slimes","floor":1,"turns":5},{"damage":0,"enemies":"Cultist","floor":4,"turns":5},{"damage":22,"enemies":"3 Sentries","floor":6,"turns":10},{"damage":16,"enemies":"Gremlin Nob","floor":8,"turns":5},{"damage":0,"enemies":"2 Louse","floor":11,"turns":3},{"damage":3,"enemies":"Looter","floor":12,"turns":3},{"damage":18,"enemies":"Lagavulin","floor":13,"turns":9},{"damage":0,"enemies":"Exordium Wildlife","floor":14,"turns":3},{"damage":22,"enemies":"Slime Boss","floor":16,"turns":15},{"damage":4,"enemies":"2 Thieves","floor":18,"turns":3},{"damage":0,"enemies":"Shell Parasite","floor":20,"turns":7},{"damage":16,"enemies":"Snecko","floor":22,"turns":7},{"damage":7,"enemies":"Cultist and Chosen","floor":24,"turns":7},{"damage":0,"enemies":"Book of Stabbing","floor":25,"turns":8},{"damage":2,"enemies":"Colosseum Slavers","floor":28,"turns":5},{"damage":3,"enemies":"Colosseum Nobs","floor":28,"turns":5}],"seed_played":"4133515812783705204","potions_obtained":[{"floor":11,"key":"Block Potion"},{"floor":12,"key":"PowerPotion"},{"floor":13,"key":"EssenceOfSteel"},{"floor":28,"key":"Poison Potion"}],"is_trial":false,"path_per_floor":["M","?","$","M","$","E","R","E","T","R","M","M","E","M","R","B",null,"M","?","M","$","M","R","M","E","T","R","?","R","?"],"character_chosen":"THE_SILENT","items_purchased":["Leg Sweep","Quick Slash","Membership Card","Caltrops"],"campfire_rested":2,"item_purchase_floors":[3,3,21,21],"current_hp_per_floor":[71,71,71,71,71,49,49,33,33,55,55,52,34,34,34,12,59,55,37,37,37,21,21,14,14,14,25,20,20,0,0],"gold":261,"neow_bonus":"TWENTY_PERCENT_HP_BONUS","is_daily":false,"chose_seed":false,"campfire_upgraded":4,"win_rate":0.0,"timestamp":1609185168,"path_taken":["M","?","?","M","$","E","R","E","T","R","M","M","E","M","R","BOSS","M","?","M","$","M","R","M","E","T","R","?","R","?"],"items_purchased_type":["Card","Card","Relic","Card"],"build_version":"2020-12-22","purchased_purges":2,"victory":false,"max_hp_per_floor":[78,78,75,75,75,75,75,75,75,75,75,75,75,75,75,75,75,75,37,37,37,37,37,37,37,37,37,37,37,37,37],"relic_stats":{"Tough Bandages":[30],"counters":[16,100],"Sundial":[0],"Pen Nib":[11],"Turnip":[0],"Whetstone":["Dash","Strike_G"],"obtain_stats":[{"Potion Belt":26,"CaptainsWheel":6,"Tough Bandages":13,"Sundial":28,"Philosopher\u0027s Stone":17,"Pen Nib":8,"Turnip":28,"Membership Card":21,"Whetstone":25,"Ring of the Snake":0},{"Potion Belt":14,"CaptainsWheel":3,"Tough Bandages":7,"Sundial":16,"Philosopher\u0027s Stone":9,"Pen Nib":4,"Turnip":16,"Membership Card":11,"Whetstone":14,"Ring of the Snake":0},{"Potion Belt":90,"CaptainsWheel":20,"Tough Bandages":40,"Sundial":100,"Philosopher\u0027s Stone":58,"Pen Nib":25,"Turnip":100,"Membership Card":68,"Whetstone":90,"Ring of the Snake":0}],"Ring of the Snake":[32]},"card_choices":[{"not_picked":["Flying Knee","Dagger Throw"],"picked":"Deadly Poison","floor":1},{"not_picked":["Quick Slash","Deflect"],"picked":"Bane","floor":4},{"not_picked":["Bane","Expertise","Quick Slash"],"picked":"SKIP","floor":6},{"not_picked":["Dagger Spray","Skewer"],"picked":"PiercingWail","floor":8},{"not_picked":["Grand Finale","Eviscerate"],"picked":"Backflip","floor":11},{"not_picked":["Concentrate","Poisoned Stab"],"picked":"Dagger Spray","floor":12},{"not_picked":["Reflex","Sucker Punch"],"picked":"Dash","floor":13},{"not_picked":["Flechettes","Catalyst"],"picked":"Footwork","floor":14},{"not_picked":["Bullet Time","Unload"],"picked":"Corpse Explosion","floor":16},{"not_picked":["Poisoned Stab+1","Blade Dance"],"picked":"Well Laid Plans","floor":18},{"not_picked":["Slice","Distraction","Skewer"],"picked":"SKIP","floor":20},{"not_picked":["Outmaneuver","Finisher"],"picked":"PiercingWail","floor":22},{"not_picked":["Eviscerate","Underhanded Strike","Riddle With Holes"],"picked":"SKIP","floor":24},{"not_picked":["Deflect","Flying Knee","Quick Slash"],"picked":"SKIP","floor":25}],"player_experience":868672,"relics_obtained":[{"floor":6,"key":"CaptainsWheel"},{"floor":8,"key":"Pen Nib"},{"floor":13,"key":"Tough Bandages"},{"floor":25,"key":"Whetstone"},{"floor":26,"key":"Potion Belt"},{"floor":28,"key":"Turnip"},{"floor":28,"key":"Sundial"}],"event_choices":[{"damage_healed":0,"gold_gain":100,"player_choice":"Gold","damage_taken":0,"max_hp_gain":0,"max_hp_loss":0,"event_name":"Wheel of Change","floor":2,"gold_loss":0},{"damage_healed":0,"gold_gain":0,"player_choice":"Became a Ghost","damage_taken":0,"max_hp_gain":0,"max_hp_loss":38,"event_name":"Ghosts","floor":19,"gold_loss":0,"cards_obtained":["Ghostly","Ghostly","Ghostly"]},{"damage_healed":0,"gold_gain":0,"player_choice":"Fight","damage_taken":0,"max_hp_gain":0,"max_hp_loss":0,"event_name":"Colosseum","floor":28,"gold_loss":0},{"damage_healed":0,"gold_gain":0,"player_choice":"Fought Nobs","damage_taken":0,"max_hp_gain":0,"max_hp_loss":0,"event_name":"Colosseum","floor":28,"gold_loss":0}],"is_beta":false,"boss_relics":[{"not_picked":["WristBlade","Tiny House"],"picked":"Philosopher\u0027s Stone"}],"items_purged_floors":[3,21],"is_endless":false,"potions_floor_spawned":[11,12,13,14,28,28],"ascension_level":15}}