{"host":"Shugu","time":1609164118,"event":{"mods":["BaseMod","Colored Powertips","Minty Spire (QoL Compilation)","Waifu the Spire"],"gold_per_floor":[113,113,113,73,88,88,113,133,133,148,174,174,192,217,217,320,320,339,339,264,284,284,284,314,327,327,327,72,92,7,17,17,120,120,131,146,146,0,18,18,18,18],"floor_reached":41,"playtime":1733,"items_purged":["Defend_R","Strike_R"],"score":661,"play_id":"82660f10-562c-41d9-949e-1aa8652893e0","local_time":"20201228220158","is_ascension_mode":true,"campfire_choices":[{"data":"Clash","floor":6.0,"key":"SMITH"},{"data":"Rampage","floor":12.0,"key":"SMITH"},{"data":"Clash","floor":15.0,"key":"SMITH"},{"data":"Corruption","floor":23.0,"key":"SMITH"},{"floor":27.0,"key":"REST"},{"data":"Clash","floor":32.0,"key":"SMITH"},{"data":"Dual Wield","floor":40.0,"key":"SMITH"}],"circlet_count":0,"master_deck":["Strike_R+1","Strike_R+1","Strike_R","Strike_R+1","Defend_R","Defend_R","Bash","Clash+1","Dual Wield+1","Pommel Strike","Shrug It Off","Rampage+1","Clash+1","Headbutt+1","Corruption+1","Seeing Red","Disarm","Flex","Flex+1","Clash+1","Impervious","Dark Shackles","Shrug It Off"],"relics":["Black Blood","NeowsBlessing","Pantograph","Strawberry","Blood Vial","Whetstone","Letter Opener","Shuriken","Omamori"],"acts_visited":["Exordium","TheCity","TheBeyond"],"potions_floor_usage":[],"damage_taken":[{"damage":0.0,"enemies":"2 Louse","floor":1.0,"turns":1.0},{"damage":0.0,"enemies":"Jaw Worm","floor":5.0,"turns":1.0},{"damage":0.0,"enemies":"Gremlin Nob","floor":7.0,"turns":1.0},{"damage":0.0,"enemies":"Cultist","floor":8.0,"turns":2.0},{"damage":6.0,"enemies":"Exordium Thugs","floor":10.0,"turns":5.0},{"damage":20.0,"enemies":"Lagavulin","floor":11.0,"turns":7.0},{"damage":4.0,"enemies":"Looter","floor":13.0,"turns":3.0},{"damage":17.0,"enemies":"3 Sentries","floor":14.0,"turns":7.0},{"damage":49.0,"enemies":"Slime Boss","floor":16.0,"turns":12.0},{"damage":23.0,"enemies":"Spheric Guardian","floor":18.0,"turns":4.0},{"damage":7.0,"enemies":"Chosen","floor":21.0,"turns":3.0},{"damage":33.0,"enemies":"Book of Stabbing","floor":24.0,"turns":4.0},{"damage":30.0,"enemies":"Snake Plant","floor":25.0,"turns":3.0},{"damage":0.0,"enemies":"Centurion and Healer","floor":29.0,"turns":4.0},{"damage":25.0,"enemies":"Chosen and Byrds","floor":31.0,"turns":6.0},{"damage":54.0,"enemies":"Collector","floor":33.0,"turns":6.0},{"damage":44.0,"enemies":"3 Darklings","floor":35.0,"turns":4.0},{"damage":13.0,"enemies":"Orb Walker","floor":36.0,"turns":3.0},{"damage":15.0,"enemies":"Maw","floor":39.0,"turns":7.0},{"damage":24,"enemies":"Reptomancer","floor":41,"turns":3}],"seed_played":"-6366919464192253236","potions_obtained":[{"floor":4.0,"key":"SteroidPotion"},{"floor":4.0,"key":"FearPotion"},{"floor":4.0,"key":"Weak Potion"},{"floor":11.0,"key":"CultistPotion"},{"floor":24.0,"key":"FearPotion"},{"floor":35.0,"key":"PowerPotion"},{"floor":36.0,"key":"Weak Potion"}],"is_trial":false,"path_per_floor":["M","?","?","?","M","R","E","M","T","M","E","R","M","E","R","B",null,"M","?","$","M","?","R","E","M","T","R","$","M","?","M","R","B",null,"M","M","?","$","M","R","E"],"character_chosen":"IRONCLAD","items_purchased":["Shuriken","Shrug It Off"],"campfire_rested":1,"item_purchase_floors":[28,38],"current_hp_per_floor":[78,62,67,67,73,73,79,85,85,85,78,78,80,69,69,49,81,66,66,66,67,67,67,42,20,20,47,47,55,55,38,38,17,73,43,44,44,44,43,43,21,21],"gold":18,"neow_bonus":"THREE_ENEMY_KILL","is_daily":false,"chose_seed":false,"campfire_upgraded":6,"win_rate":0.0,"timestamp":1609164118,"path_taken":["M","?","?","?","?","R","E","M","T","M","E","R","M","E","R","BOSS","M","?","$","M","?","R","E","M","T","R","?","M","?","M","R","BOSS","M","M","?","$","?","R","E"],"items_purchased_type":["Relic","Card"],"build_version":"2020-12-18","purchased_purges":2,"victory":false,"max_hp_per_floor":[80,80,85,85,85,85,85,85,85,85,92,92,92,92,92,92,92,92,92,92,92,92,92,92,92,92,92,92,92,92,92,92,92,92,92,92,92,92,92,92,92,92],"card_choices":[{"not_picked":["Wild Strike","Infernal Blade"],"picked":"Clash","floor":1.0},{"not_picked":["Clothesline","Wild Strike"],"picked":"Dual Wield","floor":5.0},{"not_picked":["Dark Embrace","Body Slam"],"picked":"Pommel Strike","floor":7.0},{"not_picked":["Reckless Charge","Heavy Blade"],"picked":"Shrug It Off","floor":8.0},{"not_picked":["Perfected Strike","Warcry","Armaments"],"picked":"SKIP","floor":10.0},{"not_picked":["Double Tap","True Grit"],"picked":"Rampage","floor":11.0},{"not_picked":["Heavy Blade","Body Slam"],"picked":"Clash","floor":13.0},{"not_picked":["Perfected Strike","Exhume"],"picked":"Headbutt","floor":14.0},{"not_picked":["Impervious","Offering"],"picked":"Corruption","floor":16.0},{"not_picked":["Iron Wave","Armaments","Cleave+1"],"picked":"SKIP","floor":18.0},{"not_picked":["Flame Barrier","Cleave"],"picked":"Disarm","floor":21.0},{"not_picked":["Sentinel","Heavy Blade"],"picked":"Flex","floor":24.0},{"not_picked":["Power Through+1","Perfected Strike"],"picked":"Flex+1","floor":25.0},{"not_picked":["Combust+1","Wild Strike","Burning Pact+1"],"picked":"SKIP","floor":29.0},{"not_picked":["Heavy Blade","Twin Strike+1"],"picked":"Clash","floor":31.0},{"not_picked":["Offering","Reaper"],"picked":"Impervious","floor":33.0},{"not_picked":["Twin Strike","Armaments","True Grit+1"],"picked":"SKIP","floor":35.0},{"not_picked":["Twin Strike","Warcry+1","Headbutt+1"],"picked":"SKIP","floor":36.0},{"not_picked":["Rupture","Evolve+1","Headbutt+1"],"picked":"SKIP","floor":39.0}],"player_experience":367924,"relics_obtained":[{"floor":7.0,"key":"Pantograph"},{"floor":11.0,"key":"Strawberry"},{"floor":14.0,"key":"Blood Vial"},{"floor":24.0,"key":"Whetstone"},{"floor":26.0,"key":"Letter Opener"}],"event_choices":[{"damage_healed":0.0,"max_hp_gain":0.0,"max_hp_loss":0.0,"gold_gain":0.0,"event_name":"Shining Light","player_choice":"Entered Light","floor":2.0,"gold_loss":0.0,"damage_taken":16.0,"cards_upgraded":["Strike_R","Strike_R"]},{"damage_healed":0.0,"max_hp_gain":5.0,"max_hp_loss":0.0,"gold_gain":0.0,"event_name":"Big Fish","player_choice":"Donut","floor":3.0,"gold_loss":0.0,"damage_taken":0.0},{"damage_healed":0.0,"max_hp_gain":0.0,"max_hp_loss":0.0,"gold_gain":0.0,"event_name":"The Woman in Blue","player_choice":"Bought 3 Potions","floor":4.0,"gold_loss":0.0,"damage_taken":0.0},{"damage_healed":0.0,"max_hp_gain":0.0,"max_hp_loss":0.0,"gold_gain":0.0,"event_name":"The Library","player_choice":"Read","floor":19.0,"gold_loss":0.0,"damage_taken":0.0,"cards_obtained":["Seeing Red"]},{"cards_removed":["Defend_R"],"damage_healed":0.0,"max_hp_gain":0.0,"max_hp_loss":0.0,"gold_gain":0.0,"event_name":"Back to Basics","player_choice":"Elegance","floor":22.0,"gold_loss":0.0,"damage_taken":0.0},{"damage_healed":0.0,"max_hp_gain":0.0,"max_hp_loss":0.0,"gold_gain":0.0,"event_name":"Addict","player_choice":"Obtained Relic","floor":30.0,"gold_loss":85.0,"damage_taken":0.0,"relics_obtained":["Omamori"]},{"damage_healed":0.0,"max_hp_gain":0.0,"max_hp_loss":0.0,"gold_gain":0.0,"event_name":"Match and Keep!","player_choice":"1 cards matched","floor":37.0,"gold_loss":0.0,"damage_taken":0.0,"cards_obtained":["Dark Shackles"]}],"is_beta":true,"boss_relics":[{"not_picked":["Snecko Eye","Velvet Choker","Ectoplasm"]},{"not_picked":["Coffee Dripper","Tiny House"],"picked":"Black Blood"}],"items_purged_floors":[20,38],"is_endless":false,"potions_floor_spawned":[5,8,11,21,24,25,35,36],"killed_by":"Reptomancer","ascension_level":9}}