{"host":"31s8hzukbhz1k6i6","time":1609190378,"event":{"mods":["BaseMod","Colored Map","Minty Spire (QoL Compilation)","Relic Stats","UnlockEverythingMod"],"gold_per_floor":[112,112,112,135,63,99,114,114,193,143,143,179,26,26,26,156,219,238,238,258,283,93,93,140,140,163,163,186,186,211,259,259,389,389,422,491,401,98,128,162,192,192,192],"floor_reached":42,"playtime":2210,"items_purged":["Strike_P"],"score":746,"play_id":"847e8723-b9bd-4d5e-b8bf-cb2e1f3a82b8","local_time":"20201228131938","is_ascension_mode":true,"campfire_choices":[{"floor":8.0,"key":"REST"},{"data":"CrushJoints","floor":11.0,"key":"SMITH"},{"data":"Wallop","floor":15.0,"key":"SMITH"},{"data":"Master of Strategy","floor":23.0,"key":"SMITH"},{"floor":27.0,"key":"REST"},{"floor":29.0,"key":"REST"},{"data":"Indignation","floor":32,"key":"SMITH"}],"circlet_count":0,"master_deck":["AscendersBane","Strike_P+1","Defend_P+1","Defend_P+1","Defend_P+1","Defend_P+1","Eruption+1","Vigilance+1","CrushJoints+1","Conclude+1","ForeignInfluence+1","Wallop+1","Wallop+1","Adaptation","DeusExMachina+1","LessonLearned+1","CutThroughFate+1","DevaForm+1","Master of Strategy+1","Evaluate+1","Evaluate+1","Indignation+1","Omniscience+1","CutThroughFate+1","ClearTheMind+1","TalkToTheHand+1","ThirdEye+1","ThirdEye+1"],"relics":["PureWater","Torii","Golden Idol","Centennial Puzzle","Bag of Marbles","Matryoshka","Happy Flower","Tiny House","CeramicFish","Blood Vial","Mango","Coffee Dripper","CaptainsWheel","Toolbox","Nunchaku"],"acts_visited":["Exordium","TheCity","TheBeyond"],"potions_floor_usage":[],"damage_taken":[{"damage":1.0,"enemies":"2 Louse","floor":1.0,"turns":3.0},{"damage":0.0,"enemies":"Jaw Worm","floor":4.0,"turns":3.0},{"damage":47.0,"enemies":"3 Sentries","floor":6.0,"turns":10.0},{"damage":0.0,"enemies":"Cultist","floor":7.0,"turns":2.0},{"damage":0.0,"enemies":"Gremlin Nob","floor":12.0,"turns":2.0},{"damage":1.0,"enemies":"Hexaghost","floor":16.0,"turns":6.0},{"damage":3.0,"enemies":"3 Byrds","floor":18.0,"turns":5.0},{"damage":2.0,"enemies":"Spheric Guardian","floor":20.0,"turns":4.0},{"damage":17.0,"enemies":"Snake Plant","floor":21.0,"turns":4.0},{"damage":14.0,"enemies":"Slavers","floor":24.0,"turns":7.0},{"damage":12.0,"enemies":"Snecko","floor":28.0,"turns":5.0},{"damage":0.0,"enemies":"Cultist and Chosen","floor":30.0,"turns":4.0},{"damage":10.0,"enemies":"Book of Stabbing","floor":31.0,"turns":7.0},{"damage":39,"enemies":"Automaton","floor":33,"turns":12},{"damage":1,"enemies":"Orb Walker","floor":35,"turns":3},{"damage":19,"enemies":"2 Orb Walkers","floor":36,"turns":3},{"damage":11,"enemies":"3 Darklings","floor":39,"turns":4},{"damage":14,"enemies":"Reptomancer","floor":40,"turns":5},{"damage":1,"enemies":"Maw","floor":41,"turns":7},{"damage":33,"enemies":"Nemesis","floor":42,"turns":2}],"seed_played":"-9126689988919661361","potions_obtained":[{"floor":4.0,"key":"Ancient Potion"},{"floor":12.0,"key":"Ancient Potion"},{"floor":17.0,"key":"AttackPotion"},{"floor":20.0,"key":"Swift Potion"},{"floor":35,"key":"FearPotion"}],"is_trial":false,"path_per_floor":["M","?","?","M","$","E","M","R","T","?","R","E","$","?","R","B",null,"M","?","M","M","$","R","E","?","T","R","M","R","M","E","R","B",null,"M","?","?","$","M","E","M","E"],"character_chosen":"WATCHER","items_purchased":["ForeignInfluence","DeusExMachina","Master of Strategy","TalkToTheHand","DuplicationPotion","Toolbox"],"campfire_rested":3,"item_purchase_floors":[5,13,22,38,38,38],"current_hp_per_floor":[64,60,57,57,57,10,10,28,28,28,28,28,28,16,16,15,54,51,51,49,32,32,32,18,18,18,37,27,46,48,54,54,17,64,65,48,48,48,39,27,28,0,0],"gold":192,"neow_bonus":"ONE_RARE_RELIC","is_daily":false,"chose_seed":false,"campfire_upgraded":4,"win_rate":0.0,"timestamp":1609190378,"path_taken":["M","?","?","M","?","E","?","R","T","?","R","E","$","?","R","BOSS","M","?","M","M","?","R","E","?","T","R","M","R","M","E","R","BOSS","M","?","?","$","?","E","M","E"],"items_purchased_type":["Card","Card","Card","Card","Potion","Relic"],"build_version":"2020-12-22","purchased_purges":1,"victory":false,"max_hp_per_floor":[65,60,60,60,60,60,60,60,60,60,60,60,60,60,60,60,65,65,65,65,65,65,65,65,65,65,65,65,65,65,79,79,79,79,79,79,79,79,79,79,79,79,79],"relic_stats":{"Blood Vial":20,"Centennial Puzzle":[44],"Nunchaku":[1],"Torii":29,"Happy Flower":[26],"counters":[20,98],"Golden Idol":162,"CeramicFish":81,"obtain_stats":[{"Tiny House":17,"Torii":0,"Happy Flower":12,"Golden Idol":2,"CeramicFish":24,"Mango":31,"Blood Vial":26,"Centennial Puzzle":3,"CaptainsWheel":36,"Nunchaku":40,"Matryoshka":9,"Toolbox":38,"Bag of Marbles":6,"Coffee Dripper":34,"PureWater":0},{"Tiny House":6,"Torii":0,"Happy Flower":5,"Golden Idol":1,"CeramicFish":10,"Mango":13,"Blood Vial":10,"Centennial Puzzle":1,"CaptainsWheel":16,"Nunchaku":18,"Matryoshka":4,"Toolbox":16,"Bag of Marbles":3,"Coffee Dripper":14,"PureWater":0},{"Tiny House":26,"Torii":0,"Happy Flower":20,"Golden Idol":3,"CeramicFish":46,"Mango":62,"Blood Vial":46,"Centennial Puzzle":3,"CaptainsWheel":80,"Nunchaku":89,"Matryoshka":18,"Toolbox":80,"Bag of Marbles":16,"Coffee Dripper":74,"PureWater":0}]},"card_choices":[{"not_picked":["Halt","SashWhip"],"picked":"CrushJoints","floor":1.0},{"not_picked":["Crescendo","Wireheading"],"picked":"Conclude","floor":4.0},{"not_picked":["EmptyMind","FollowUp"],"picked":"Wallop","floor":6.0},{"not_picked":["BowlingBash","SandsOfTime"],"picked":"Wallop","floor":7.0},{"not_picked":["CutThroughFate","Nirvana"],"picked":"Adaptation","floor":12.0},{"not_picked":["SpiritShield","MasterReality"],"picked":"LessonLearned","floor":16.0},{"not_picked":["Pray","FlurryOfBlows"],"picked":"CutThroughFate+1","floor":18.0},{"not_picked":["SashWhip","WheelKick"],"picked":"DevaForm","floor":20.0},{"not_picked":["EmptyFist","ReachHeaven","JustLucky+1"],"picked":"SKIP","floor":21.0},{"not_picked":["Devotion","Consecrate"],"picked":"Evaluate+1","floor":24.0},{"not_picked":["FollowUp","PathToVictory","BattleHymn"],"picked":"SKIP","floor":28.0},{"not_picked":["BowlingBash+1","Wireheading"],"picked":"Evaluate","floor":30.0},{"not_picked":["Judgement","EmptyFist"],"picked":"Indignation","floor":31},{"not_picked":["Scrawl","DeusExMachina"],"picked":"Omniscience","floor":33},{"not_picked":["ClearTheMind","Consecrate+1"],"picked":"CutThroughFate+1","floor":35},{"not_picked":["Consecrate","CrushJoints+1"],"picked":"ClearTheMind+1","floor":36},{"not_picked":["Brilliance","CrushJoints+1"],"picked":"ThirdEye+1","floor":39},{"not_picked":["ClearTheMind","FollowUp","Indignation+1"],"picked":"SKIP","floor":40},{"not_picked":["FlyingSleeves+1","Wallop"],"picked":"ThirdEye+1","floor":41}],"player_experience":55493,"relics_obtained":[{"floor":6.0,"key":"Bag of Marbles"},{"floor":9.0,"key":"Matryoshka"},{"floor":12.0,"key":"Happy Flower"},{"floor":24.0,"key":"CeramicFish"},{"floor":26.0,"key":"Blood Vial"},{"floor":31,"key":"Mango"},{"floor":36,"key":"CaptainsWheel"},{"floor":40,"key":"Nunchaku"}],"event_choices":[{"damage_healed":0.0,"max_hp_gain":0.0,"max_hp_loss":5.0,"gold_gain":0.0,"event_name":"Golden Idol","player_choice":"Lose Max HP","floor":2.0,"gold_loss":0.0,"damage_taken":0.0,"relics_obtained":["Golden Idol"]},{"damage_healed":0.0,"max_hp_gain":0.0,"max_hp_loss":0.0,"gold_gain":0.0,"event_name":"Scrap Ooze","player_choice":"Success","floor":3.0,"gold_loss":0.0,"damage_taken":3.0,"relics_obtained":["Centennial Puzzle"]},{"cards_removed":["Strike_P"],"damage_healed":0.0,"max_hp_gain":0.0,"max_hp_loss":0.0,"gold_gain":0.0,"event_name":"The Cleric","player_choice":"Card Removal","floor":10.0,"gold_loss":50.0,"damage_taken":0.0},{"damage_healed":0.0,"max_hp_gain":0.0,"max_hp_loss":0.0,"gold_gain":0.0,"event_name":"Shining Light","player_choice":"Entered Light","floor":14.0,"gold_loss":0.0,"damage_taken":12.0,"cards_upgraded":["Defend_P","ForeignInfluence"]},{"damage_healed":0.0,"max_hp_gain":0.0,"max_hp_loss":0.0,"gold_gain":0.0,"event_name":"Back to Basics","player_choice":"Simplicity","floor":19.0,"gold_loss":0.0,"damage_taken":0.0,"cards_upgraded":["Strike_P","Defend_P","Defend_P","Defend_P"]},{"damage_healed":0.0,"max_hp_gain":0.0,"max_hp_loss":0.0,"gold_gain":0.0,"event_name":"Vampires","player_choice":"Ignored","floor":25.0,"gold_loss":0.0,"damage_taken":0.0},{"damage_healed":0,"gold_gain":0,"player_choice":"Fight","damage_taken":0,"max_hp_gain":0,"max_hp_loss":0,"event_name":"Mysterious Sphere","floor":36,"gold_loss":0},{"cards_removed":["Strike_P"],"damage_healed":0,"gold_gain":0,"player_choice":"Upgrade and Remove","damage_taken":0,"max_hp_gain":0,"max_hp_loss":0,"event_name":"Designer","floor":37,"gold_loss":90,"cards_upgraded":["Omniscience"]}],"is_beta":false,"boss_relics":[{"not_picked":["Velvet Choker","Ectoplasm"],"picked":"Tiny House"},{"not_picked":["Runic Pyramid","VioletLotus"],"picked":"Coffee Dripper"}],"items_purged_floors":[13],"is_endless":false,"potions_floor_spawned":[4,12,20,21,35,40],"killed_by":"Nemesis","ascension_level":10}}