{"host":"m6aaltr68g9tvoay","time":1609132077,"event":{"mods":["AchievementEnabler","BaseMod","Colored Map","Minty Spire (QoL Compilation)","StSLib"],"gold_per_floor":[109,109,109,126,138,138,163,163,215,215,240,240,258,268,268,344,344,357,375,49,49,49,49,61,0,0,0,0,27,27,47,47,47,47],"floor_reached":33,"playtime":1084,"items_purged":["Strike_R"],"score":548,"play_id":"86f71162-9a0e-475f-8baf-e19837395fdf","local_time":"20201227210757","is_ascension_mode":true,"campfire_choices":[{"data":"Fire Breathing","floor":6.0,"key":"SMITH"},{"floor":8.0,"key":"REST"},{"data":"Combust","floor":10.0,"key":"SMITH"},{"floor":12.0,"key":"REST"},{"floor":15.0,"key":"REST"},{"floor":27,"key":"REST"},{"floor":32,"key":"REST"}],"circlet_count":0,"master_deck":["AscendersBane","Strike_R","Strike_R","Strike_R","Strike_R","Defend_R","Defend_R","Defend_R","Defend_R","Bash","Combust+1","Infernal Blade","Fire Breathing+1","Intimidate","Immolate","Havoc","Seeing Red","Feed","Infernal Blade+1","Wild Strike","Power Through","Rage","Shame","Decay","Clothesline+1","Power Through+1","True Grit","Shrug It Off"],"relics":["Black Blood","Happy Flower","Oddly Smooth Stone","Prayer Wheel","Medical Kit","StrikeDummy","Shovel","Matryoshka","Anchor"],"acts_visited":["Exordium","TheCity"],"potions_floor_usage":[28,33],"damage_taken":[{"damage":26.0,"enemies":"Jaw Worm","floor":1.0,"turns":5.0},{"damage":12.0,"enemies":"Small Slimes","floor":4.0,"turns":3.0},{"damage":2.0,"enemies":"2 Louse","floor":5.0,"turns":3.0},{"damage":66.0,"enemies":"Gremlin Nob","floor":7.0,"turns":5.0},{"damage":26.0,"enemies":"3 Sentries","floor":11.0,"turns":4.0},{"damage":7.0,"enemies":"Blue Slaver","floor":13.0,"turns":3.0},{"damage":2.0,"enemies":"Large Slime","floor":14.0,"turns":4.0},{"damage":80,"enemies":"The Guardian","floor":16,"turns":13},{"damage":30,"enemies":"2 Thieves","floor":18,"turns":4},{"damage":19,"enemies":"3 Byrds","floor":19,"turns":5},{"damage":17,"enemies":"Cultist and Chosen","floor":24,"turns":4},{"damage":0,"enemies":"Snake Plant","floor":28,"turns":1},{"damage":52,"enemies":"Book of Stabbing","floor":29,"turns":5},{"damage":26,"enemies":"Centurion and Healer","floor":31,"turns":6},{"damage":83,"enemies":"Champ","floor":33,"turns":13}],"seed_played":"6784783356191590795","potions_obtained":[{"floor":4.0,"key":"SneckoOil"},{"floor":5.0,"key":"Fruit Juice"},{"floor":7.0,"key":"SmokeBomb"},{"floor":16,"key":"Strength Potion"},{"floor":31,"key":"Strength Potion"}],"is_trial":false,"path_per_floor":["M","?","?","M","M","R","E","R","T","R","E","R","M","M","R","B",null,"M","M","$","?","$","?","M","?","T","R","M","E","?","M","R","B"],"character_chosen":"IRONCLAD","items_purchased":["Rage","Medical Kit"],"campfire_rested":5,"item_purchase_floors":[20,20],"current_hp_per_floor":[55,55,82,76,85,85,25,51,51,51,31,57,56,60,86,12,68,53,49,49,49,49,49,44,44,44,71,83,46,46,35,64,0,0],"gold":47,"neow_bonus":"TEN_PERCENT_HP_BONUS","is_daily":false,"chose_seed":false,"campfire_upgraded":2,"win_rate":0.0,"timestamp":1609132077,"path_taken":["M","?","?","M","?","R","E","R","T","R","E","R","M","M","R","BOSS","M","M","$","?","$","?","M","?","T","R","M","E","?","M","R","BOSS"],"items_purchased_type":["Card","Relic"],"build_version":"2020-12-22","purchased_purges":1,"victory":false,"max_hp_per_floor":[82,82,82,82,87,87,87,87,87,87,87,87,87,87,87,87,87,90,93,93,93,93,93,93,93,93,93,93,96,96,99,99,99,99],"card_choices":[{"not_picked":["Wild Strike","Anger"],"picked":"Combust","floor":1.0},{"not_picked":["Anger","Havoc"],"picked":"Infernal Blade","floor":4.0},{"not_picked":["Warcry","Entrench"],"picked":"Fire Breathing","floor":5.0},{"not_picked":["Sword Boomerang","Warcry"],"picked":"Intimidate","floor":7.0},{"not_picked":["Twin Strike","Battle Trance"],"picked":"Immolate","floor":11.0},{"not_picked":["Heavy Blade","Metallicize"],"picked":"Havoc","floor":13.0},{"not_picked":["Anger","Battle Trance","Pommel Strike"],"picked":"SKIP","floor":13.0},{"not_picked":["Anger","Twin Strike"],"picked":"Seeing Red","floor":14.0},{"not_picked":["Dark Embrace","Pummel","Warcry"],"picked":"SKIP","floor":14.0},{"not_picked":["Barricade","Juggernaut"],"picked":"Feed","floor":16},{"not_picked":["Clothesline","Seeing Red"],"picked":"Infernal Blade+1","floor":18},{"not_picked":["Anger","Perfected Strike","Iron Wave"],"picked":"SKIP","floor":18},{"not_picked":["Pommel Strike","Warcry"],"picked":"Wild Strike","floor":19},{"not_picked":["Dual Wield","Thunderclap"],"picked":"Power Through","floor":19},{"not_picked":["Wild Strike","Immolate"],"picked":"Clothesline+1","floor":24},{"not_picked":["Searing Blow","Feel No Pain"],"picked":"Power Through+1","floor":24},{"not_picked":["Immolate","Searing Blow"],"picked":"True Grit","floor":29},{"not_picked":["Sentinel","Body Slam"],"picked":"Shrug It Off","floor":31},{"not_picked":["Sword Boomerang","Armaments","Wild Strike"],"picked":"SKIP","floor":31}],"player_experience":1312335,"relics_obtained":[{"floor":7.0,"key":"Happy Flower"},{"floor":9.0,"key":"Oddly Smooth Stone"},{"floor":11.0,"key":"Prayer Wheel"},{"floor":26,"key":"Shovel"},{"floor":29,"key":"Matryoshka"}],"event_choices":[{"damage_healed":0.0,"max_hp_gain":0.0,"max_hp_loss":0.0,"gold_gain":0.0,"event_name":"Liars Game","player_choice":"Ignored","floor":2.0,"gold_loss":0.0,"damage_taken":0.0},{"damage_healed":27.0,"max_hp_gain":0.0,"max_hp_loss":0.0,"gold_gain":0.0,"event_name":"Big Fish","player_choice":"Banana","floor":3.0,"gold_loss":0.0,"damage_taken":0.0},{"damage_healed":0,"gold_gain":0,"player_choice":"Stole Relic","damage_taken":0,"relics_obtained":["StrikeDummy"],"max_hp_gain":0,"max_hp_loss":0,"event_name":"Addict","floor":21,"gold_loss":0,"cards_obtained":["Shame"]},{"damage_healed":0,"gold_gain":0,"player_choice":"Smashed Altar","damage_taken":0,"max_hp_gain":0,"max_hp_loss":0,"event_name":"Forgotten Altar","floor":23,"gold_loss":0,"cards_obtained":["Decay"]},{"damage_healed":0,"gold_gain":0,"player_choice":"Paid Fearfully","damage_taken":0,"max_hp_gain":0,"max_hp_loss":0,"event_name":"Masked Bandits","floor":25,"gold_loss":61},{"damage_healed":0,"gold_gain":0,"player_choice":"Gave Potion","damage_taken":0,"relics_obtained":["Anchor"],"max_hp_gain":0,"max_hp_loss":0,"event_name":"WeMeetAgain","floor":30,"gold_loss":0}],"is_beta":false,"boss_relics":[{"not_picked":["Astrolabe","SlaversCollar"],"picked":"Black Blood"}],"items_purged_floors":[20],"is_endless":false,"potions_floor_spawned":[4,5,7,16,19,28,31],"killed_by":"Champ","ascension_level":18}}