{"host":"5fpb1gzflhq9886n","time":1609140191,"event":{"mods":["AchievementEnabler","BaseMod","Colored Map","Colored Powertips","Minty Spire (QoL Compilation)","Permanent Neow"],"gold_per_floor":[112,62,62,77,97,132,132,132,182,192,205,60,80,111,111,206,206,222,222,137,151,76,105,57,57,57],"floor_reached":25,"playtime":1508,"items_purged":["Parasite"],"score":266,"play_id":"4aefb8a0-aa5c-40ed-9d8f-bd16d1d81a29","local_time":"20201228022311","is_ascension_mode":true,"campfire_choices":[{"floor":7,"key":"REST"},{"data":"Catalyst","floor":15,"key":"SMITH"}],"circlet_count":0,"master_deck":["Strike_G","Strike_G","Strike_G","Strike_G","Defend_G","Defend_G","Defend_G","Survivor","Neutralize","Backflip","PiercingWail","Poisoned Stab","Blade Dance","Deadly Poison","Catalyst+1","Blade Dance","Terror","Dodge and Roll","Noxious Fumes","Glass Knife","Riddle With Holes","Sucker Punch","Dagger Throw+1","Cloak And Dagger"],"relics":["Velvet Choker","Potion Belt","MealTicket","HornCleat","WristBlade","Nilry\u0027s Codex","Anchor","Oddly Smooth Stone"],"acts_visited":["Exordium","TheCity"],"potions_floor_usage":[14,25],"damage_taken":[{"damage":0,"enemies":"2 Louse","floor":1,"turns":3},{"damage":0,"enemies":"Cultist","floor":4,"turns":3},{"damage":2,"enemies":"Jaw Worm","floor":5,"turns":3},{"damage":50,"enemies":"Gremlin Nob","floor":6,"turns":5},{"damage":11,"enemies":"2 Fungi Beasts","floor":10,"turns":3},{"damage":5,"enemies":"Blue Slaver","floor":11,"turns":3},{"damage":0,"enemies":"Red Slaver","floor":13,"turns":3},{"damage":14,"enemies":"Lagavulin","floor":14,"turns":4},{"damage":37,"enemies":"Slime Boss","floor":16,"turns":10},{"damage":7,"enemies":"Chosen","floor":18,"turns":4},{"damage":4,"enemies":"2 Thieves","floor":21,"turns":3},{"damage":32,"enemies":"Gremlin Leader","floor":23,"turns":6},{"damage":38,"enemies":"Sentry and Sphere","floor":25,"turns":5}],"seed_played":"2346871395163016087","potions_obtained":[{"floor":4,"key":"EssenceOfSteel"},{"floor":6,"key":"Poison Potion"},{"floor":11,"key":"Weak Potion"},{"floor":13,"key":"Regen Potion"}],"is_trial":false,"path_per_floor":["M","?","?","M","M","E","R","?","T","M","M","$","M","E","R","B",null,"M","?","?","M","?","E","$","M"],"character_chosen":"THE_SILENT","items_purchased":["Terror","Cloak And Dagger"],"campfire_rested":1,"item_purchase_floors":[12,24],"current_hp_per_floor":[70,70,70,70,68,18,39,56,56,45,40,55,55,41,41,4,67,60,44,44,40,40,8,23,0,0],"gold":57,"neow_bonus":"BOSS_RELIC","is_daily":false,"chose_seed":false,"campfire_upgraded":1,"win_rate":0.0,"timestamp":1609140191,"path_taken":["M","?","?","M","?","E","R","?","T","M","M","$","M","E","R","BOSS","M","?","?","M","?","E","$","?"],"items_purchased_type":["Card","Card"],"build_version":"2020-12-22","purchased_purges":1,"victory":false,"max_hp_per_floor":[70,70,70,70,70,70,70,70,70,70,70,67,67,67,67,67,67,67,67,67,67,67,67,67,67,67],"card_choices":[{"not_picked":["Bane","Flying Knee"],"picked":"Backflip","floor":1},{"not_picked":["PiercingWail","Acrobatics"],"picked":"Poisoned Stab","floor":4},{"not_picked":["Prepared","Outmaneuver"],"picked":"Blade Dance","floor":5},{"not_picked":["Riddle With Holes","Dash"],"picked":"Deadly Poison","floor":6},{"not_picked":["Dagger Spray","Escape Plan"],"picked":"Catalyst","floor":10},{"not_picked":["Backflip","Dagger Throw"],"picked":"Blade Dance","floor":11},{"not_picked":["Tools of the Trade","Prepared"],"picked":"Dodge and Roll","floor":13},{"not_picked":["Well Laid Plans","Dagger Throw"],"picked":"Noxious Fumes","floor":14},{"not_picked":["Adrenaline","Bullet Time"],"picked":"Glass Knife","floor":16},{"not_picked":["Quick Slash","Acrobatics"],"picked":"Riddle With Holes","floor":18},{"not_picked":["Blade Dance","Expertise"],"picked":"Sucker Punch","floor":21},{"not_picked":["Riddle With Holes","Choke"],"picked":"Dagger Throw+1","floor":23}],"player_experience":633694,"relics_obtained":[{"floor":6,"key":"Potion Belt"},{"floor":9,"key":"MealTicket"},{"floor":14,"key":"HornCleat"},{"floor":19,"key":"Nilry\u0027s Codex"},{"floor":23,"key":"Oddly Smooth Stone"}],"event_choices":[{"cards_removed":["Defend_G"],"damage_healed":0,"gold_gain":0,"player_choice":"Card Removal","damage_taken":0,"max_hp_gain":0,"max_hp_loss":0,"event_name":"The Cleric","floor":2,"gold_loss":50},{"damage_healed":0,"gold_gain":0,"cards_transformed":["Defend_G"],"player_choice":"Transformed","damage_taken":0,"max_hp_gain":0,"max_hp_loss":0,"event_name":"Transmorgrifier","floor":3,"gold_loss":0,"cards_obtained":["PiercingWail"]},{"damage_healed":17,"gold_gain":0,"player_choice":"Healed and dodged fight","damage_taken":0,"max_hp_gain":0,"max_hp_loss":0,"event_name":"Mushrooms","floor":8,"gold_loss":0,"cards_obtained":["Parasite"]},{"damage_healed":0,"gold_gain":0,"player_choice":"Obtained Book","damage_taken":16,"max_hp_gain":0,"max_hp_loss":0,"event_name":"Cursed Tome","floor":19,"gold_loss":0},{"damage_healed":0,"gold_gain":0,"player_choice":"Obtained Relic","damage_taken":0,"relics_obtained":["Anchor"],"max_hp_gain":0,"max_hp_loss":0,"event_name":"Addict","floor":20,"gold_loss":85},{"cards_removed":["Strike_G"],"damage_healed":0,"gold_gain":0,"player_choice":"Gave Gold","damage_taken":0,"max_hp_gain":0,"max_hp_loss":0,"event_name":"Beggar","floor":22,"gold_loss":75}],"is_beta":false,"boss_relics":[{"not_picked":["Cursed Key","Tiny House"],"picked":"WristBlade"}],"items_purged_floors":[12],"is_endless":false,"potions_floor_spawned":[4,6,11,13],"killed_by":"Sentry and Sphere","ascension_level":3}}