{"host":"kstmajdnxm8lto3o","time":1609181328,"event":{"mods":["Aspiration","BaseMod","Better Third Choice","BetterRewards","CCEM","Conspire","Downfall","Gremlin Skip","Highlight Path","Hubris","Minty Spire (QoL Compilation)","Replay The Spire","Shop Mod","Spicy Shops","StSLib"],"gold_per_floor":[110,125,125,125,125,139,165,177,177,177,177,208,208,220,220,323,323,334,334,350,117,134,134,159,159,184,202,230,230,230,248,248,344,344,362,380,390,400,400,400,431,431,454,489,489,502,536,65,65,65,65],"floor_reached":50,"playtime":3192,"items_purged":["Defend_B","Injury","ReplayTheSpireMod:Calculation Training+1"],"score":872,"play_id":"f7c69b0e-16b0-490a-9862-e8fbf8c2290d","local_time":"20201228134848","is_ascension_mode":true,"campfire_choices":[{"data":"ReplayTheSpireMod:Calculation Training","floor":10,"key":"SMITH"},{"data":"Zap","floor":13,"key":"SMITH"},{"data":"Defend_B","floor":15,"key":"SMITH"},{"floor":23,"key":"RECALL"},{"floor":25,"key":"REST"},{"floor":29,"key":"REST"},{"data":"Cold Snap","floor":32,"key":"SMITH"},{"floor":40,"key":"REST"},{"data":"Defend_B","floor":42,"key":"SMITH"},{"floor":45,"key":"REST"},{"floor":49,"key":"REST"}],"circlet_count":0,"master_deck":["Strike_B+2","Strike_B+1","Strike_B+1","Strike_B+1","Defend_B+2","Defend_B+1","Defend_B+3","Zap+1","Zap+1","Doom and Gloom","Conserve Battery","Auto Shields","Cold Snap+1","hubris:PowerSurge+1","Ball Lightning","Coolheaded+1","ReplayTheSpireMod:Calculation Training+1","Genetic Algorithm+1","ReplayRNGCard+1","Leap+1","J.A.X.+1","BasicCrystalCard+1","ReplayTheSpireMod:Calculation Training+1","Loop+1","Panic Button+1","Sunder","Machine Learning","Streamline+1","Beam Cell+1","Rainbow+1","Conserve Battery+1","Parasite","Glacier+1","expansioncontent:PrepareCrush+1"],"relics":["Cracked Core","Gremlin Food","Simple Rune","TungstenRod","CCEMRelics:SpiritsEdge","Replay:WaspNest","Snack Pack","Toxic Egg 2","Replay:Wax Seal","hubris:TenFootPole","Whetstone","hubris:64BitClover","Nloth\u0027s Gift","Replay:Bronze Core","Blood Vial","CCEMRelics:D6","Girya","Happy Flower","aspiration:FaultyCoupler"],"acts_visited":["Exordium","TheCity","TheBeyond"],"potions_floor_usage":[28,33,37,44,46],"damage_taken":[{"damage":2,"enemies":"Small Slimes","floor":1,"turns":2},{"damage":0,"enemies":"2 Louse","floor":2,"turns":2},{"damage":0,"enemies":"Cultist","floor":6,"turns":2},{"damage":5,"enemies":"Lagavulin","floor":7,"turns":4},{"damage":0,"enemies":"3 Louse","floor":8,"turns":1},{"damage":0,"enemies":"Replay:BlueRogue","floor":12,"turns":4},{"damage":0,"enemies":"Large Slime","floor":14,"turns":3},{"damage":8,"enemies":"Fading Forest","floor":16,"turns":11},{"damage":14,"enemies":"2 Thieves","floor":18,"turns":3},{"damage":6,"enemies":"3 Byrds","floor":20,"turns":3},{"damage":3,"enemies":"Sentry and Sphere","floor":22,"turns":3},{"damage":12,"enemies":"Gremlin Leader","floor":24,"turns":9},{"damage":15,"enemies":"Snake Plant","floor":27,"turns":3},{"damage":23,"enemies":"conspire:SneckoGhost","floor":28,"turns":6},{"damage":2,"enemies":"Cultist and Chosen","floor":31,"turns":4},{"damage":28,"enemies":"hubris:MusketHawk","floor":33,"turns":8},{"damage":14,"enemies":"3 Darklings","floor":35,"turns":5},{"damage":0,"enemies":"3 Shapes","floor":36,"turns":4},{"damage":4,"enemies":"Jaw Worm Horde","floor":37,"turns":4},{"damage":3,"enemies":"Sphere and 2 Shapes","floor":38,"turns":5},{"damage":0,"enemies":"R_Hoarder","floor":41,"turns":7},{"damage":78,"enemies":"Nemesis","floor":44,"turns":7},{"damage":0,"enemies":"Writhing Mass","floor":46,"turns":6},{"damage":15,"enemies":"Reptomancer","floor":47,"turns":7},{"damage":67,"enemies":"Donu and Deca","floor":50,"turns":10}],"seed_played":"5072280428853097400","potions_obtained":[{"floor":2,"key":"Venom Potion"},{"floor":7,"key":"SteroidPotion"},{"floor":12,"key":"Strength Potion"},{"floor":14,"key":"AttackPotion"},{"floor":20,"key":"FairyPotion"},{"floor":31,"key":"SteroidPotion"},{"floor":36,"key":"SkillPotion"},{"floor":39,"key":"AttackPotion"},{"floor":44,"key":"ColorlessPotion"},{"floor":47,"key":"SmokeBomb"}],"is_trial":false,"path_per_floor":["M","M","?","?","?","M","E","M","T","R","?","E","R","M","R","B",null,"M","?","M","$","M","R","E","R","T","M","E","R","?","M","R","B",null,"M","M","M","M","?","R","E","R","T","E","R","M","E","$","R","B"],"character_chosen":"DEFECT","items_purchased":["Gremlin Food","DollysMirror","Simple Rune","TungstenRod","Doom and Gloom","Conserve Battery","CCEMRelics:SpiritsEdge","ReplayTheSpireMod:Calculation Training+1","Loop+1","expansioncontent:PrepareCrush+1","aspiration:FaultyCoupler"],"campfire_rested":5,"item_purchase_floors":[0,0,0,0,0,0,0,21,21,48,48],"current_hp_per_floor":[73,73,73,59,59,59,54,54,54,54,54,54,54,54,54,68,75,61,61,55,55,54,54,42,64,64,49,26,48,48,46,46,18,75,61,61,57,54,54,75,75,75,75,22,44,48,39,39,61,0,0],"gold":65,"neow_bonus":"","is_daily":false,"chose_seed":false,"campfire_upgraded":5,"win_rate":0.0,"timestamp":1609181328,"path_taken":["M","M","?","?","?","M","E","?","T","R","?","E","R","M","R","BOSS","M","?","M","$","M","R","E","R","T","M","E","R","?","M","R","BOSS","M","M","M","?","?","R","E","R","T","E","R","M","E","$","R","BOSS"],"items_purchased_type":["Relic","Relic","Relic","Relic","Card","Card","Relic","Card","Card","Card","Relic"],"build_version":"2020-12-22","purchased_purges":3,"victory":false,"max_hp_per_floor":[75,75,75,75,75,75,75,75,75,75,75,75,75,75,75,75,75,75,75,75,75,75,75,75,75,75,75,75,75,75,75,75,75,75,75,75,75,75,75,75,75,75,75,75,75,75,75,75,75,75,75],"card_choices":[{"not_picked":["Hologram","ReplayTheSpireMod:GoodbyeWorld"],"picked":"Auto Shields","floor":1},{"not_picked":["Rebound","Conserve Battery"],"picked":"Cold Snap","floor":2},{"not_picked":["ReplaySort","Rebound"],"picked":"Ball Lightning","floor":6},{"not_picked":["Cold Snap","Rip and Tear"],"picked":"Coolheaded","floor":7},{"not_picked":["Time Bomb","Streamline"],"picked":"ReplayTheSpireMod:Calculation Training","floor":8},{"not_picked":["Blizzard","Stack+1","Cold Snap"],"picked":"SKIP","floor":12},{"not_picked":["Rebound","hubris:SpecializedCircuitry"],"picked":"Genetic Algorithm+1","floor":14},{"not_picked":["Biased Cognition","Machine Learning"],"picked":"ReplayRNGCard+1","floor":16},{"not_picked":["Go for the Eyes","Crystallizer"],"picked":"Leap+1","floor":18},{"not_picked":["Cold Snap","FTL"],"picked":"BasicCrystalCard+1","floor":20},{"not_picked":["Redo+1","Streamline"],"picked":"Panic Button+1","floor":22},{"not_picked":["Time Bomb+1","Darkness+1"],"picked":"ReplayTheSpireMod:Calculation Training+1","floor":24},{"not_picked":["Turbo+1","Gash","Biased Cognition"],"picked":"SKIP","floor":27},{"not_picked":["FIFO Queue+1","ReplayTheSpireMod:Reroute Power+1","conspire:SharedLibrary"],"picked":"SKIP","floor":28},{"not_picked":["Hello World","Rebound"],"picked":"Sunder","floor":31},{"not_picked":["Hyperbeam","ReplayTheSpireMod:Omega Cannon"],"picked":"Machine Learning","floor":33},{"not_picked":["Panic Button+1","Steam+1","BasicCrystalCard+1"],"picked":"SKIP","floor":35},{"not_picked":["Sweeping Beam+1","Rip and Tear+1"],"picked":"Streamline+1","floor":36},{"not_picked":["Panic Button+1","ReplaySort+1","Steam+1"],"picked":"SKIP","floor":37},{"not_picked":["Panic Button+1","hubris:PowerSurge+1"],"picked":"Beam Cell+1","floor":38},{"not_picked":["Amplify+1","Static Discharge"],"picked":"Rainbow+1","floor":41},{"not_picked":["ReplayTheSpireMod:Calculation Training+1","Loop+1"],"picked":"Conserve Battery+1","floor":44},{"not_picked":["Redo+1","hubris:SpecializedCircuitry","Cold Snap+1"],"picked":"SKIP","floor":46},{"not_picked":["Melter","Beam Cell+1"],"picked":"Glacier+1","floor":47}],"player_experience":485288,"relics_obtained":[{"floor":7,"key":"Replay:WaspNest"},{"floor":9,"key":"Snack Pack"},{"floor":12,"key":"Replay:Wax Seal"},{"floor":24,"key":"hubris:TenFootPole"},{"floor":26,"key":"Whetstone"},{"floor":28,"key":"hubris:64BitClover"},{"floor":41,"key":"Blood Vial"},{"floor":44,"key":"CCEMRelics:D6"},{"floor":46,"key":"Girya"},{"floor":47,"key":"Happy Flower"}],"event_choices":[{"damage_healed":73,"gold_gain":0,"player_choice":"Upgrade","damage_taken":15,"max_hp_gain":0,"max_hp_loss":75,"event_name":"betterThird:BetterShining","floor":4,"gold_loss":0,"cards_upgraded":["Defend_B","Zap"]},{"damage_healed":0,"gold_gain":0,"player_choice":"Ignored","damage_taken":0,"max_hp_gain":0,"max_hp_loss":0,"event_name":"NoteForYourself","floor":5,"gold_loss":0},{"damage_healed":0,"gold_gain":0,"player_choice":"Obtain J.A.X.","damage_taken":0,"max_hp_gain":0,"max_hp_loss":0,"event_name":"Drug Dealer","floor":19,"gold_loss":0,"cards_obtained":["J.A.X."]},{"damage_healed":0,"gold_gain":0,"player_choice":"Traded Relic","damage_taken":0,"relics_obtained":["Nloth\u0027s Gift"],"max_hp_gain":0,"max_hp_loss":0,"event_name":"N\u0027loth","floor":30,"relics_lost":["DollysMirror"],"gold_loss":0},{"damage_healed":0,"gold_gain":0,"player_choice":"Got Potions","damage_taken":0,"max_hp_gain":0,"max_hp_loss":0,"event_name":"Lab","floor":39,"gold_loss":0}],"is_beta":false,"boss_relics":[{"not_picked":["conspire:SeveredTorchhead","Fusion Hammer","hubris:TerracottaHorce"]},{"not_picked":["conspire:RunicOctahedron","Coffee Dripper"],"picked":"Replay:Bronze Core"}],"items_purged_floors":[0,21,48],"is_endless":false,"potions_floor_spawned":[2,7,12,14,20,24,31,36,44,47],"killed_by":"Donu and Deca","ascension_level":1}}