{"host":"79pwvnyrdes6uj7k","time":1609132697,"event":{"mods":["2.2 Compatiblity","Astrologer","BaseMod","Beaked The Cultist","Colored Powertips","Downfall","Exacting","Friendly Minions","HexUI Lib","Highlight Path","Hubris","Infinite Spire","Mad Scientist","Mimic Mod","Minty Spire (QoL Compilation)","Random Character Button","Replay The Spire","Reworked Bosses","Shop Mod","Somnambulant","StSLib","The Cursed","The Disciple","The Factory","The Judge","The Jungle","The Poker Player","The Runesmith","TheHeartMod"],"gold_per_floor":[99,111,131,306,306,326,349,449,374,12,32,32,48,148,160,261,261,186,236,246,3,21,71,153,153,203,335,385,385,455,471,471,471],"floor_reached":32,"playtime":2940,"items_purged":[],"score":305,"play_id":"0329ad0a-72d2-4668-8f84-15eff8cd35ce","local_time":"20201227231817","is_ascension_mode":false,"campfire_choices":[{"floor":1,"key":"DIG"},{"floor":9,"key":"RECALL"},{"floor":12,"key":"REST"},{"data":"somnambulantmod: TimeCompression","floor":18,"key":"SMITH"},{"floor":25,"key":"REST"},{"floor":29,"key":"REST"}],"circlet_count":0,"master_deck":["somnambulantmod: Defend_Somnambulant","somnambulantmod: Defend_Somnambulant","somnambulantmod: Defend_Somnambulant+1","somnambulantmod: QuickNap","somnambulantmod: PrimingPunch+1","somnambulantmod: ViralIdea","somnambulantmod: PillowFort+1","Doubt","somnambulantmod: DeeperSleep","somnambulantmod: Blink","somnambulantmod: Blink","somnambulantmod: HorrificThought","somnambulantmod: TimeCompression+1","somnambulantmod: ImpenetrableMind","somnambulantmod: Bloom","somnambulantmod: Damping","somnambulantmod: Overshare+1","somnambulantmod: Unburden+1","somnambulantmod: Relive+1","somnambulantmod: HeavyLids+1","somnambulantmod: SleepingBody+1","somnambulantmod: DarkeningMind","somnambulantmod: DarkeningMind","somnambulantmod: LeechFears","somnambulantmod: RecurringDream","somnambulantmod: SleepingBody","RitualDagger","Slimebound:Tackle+1","Slimebound:Tackle+1","Slimebound:Tackle+1","somnambulantmod: Unmake+1","somnambulantmod: Bruise"],"relics":["somnambulantmod: DreamJournal","TungstenRod","downfall:HeartBlessingBlue","MerchantsRug","hubris:OldNail","downfall:CloakOfManyFaces","CultistMask","FaceOfCleric","NlothsMask","GremlinMask","SsserpentHead","beaked:ShinyBauble","Astrolabe","downfall:HeartBlessingRed","infinitespire:EmpoweringShard","Strawberry","hubris:MysteriousPyramids"],"acts_visited":["Exordium","TheCity"],"potions_floor_usage":[14,14,14,16,16,32],"damage_taken":[{"damage":0,"enemies":"Small Slimes","floor":2,"turns":3},{"damage":2,"enemies":"2 Louse","floor":3,"turns":2},{"damage":2,"enemies":"Cultist","floor":6,"turns":5},{"damage":8,"enemies":"downfall:FleeingMerchant","floor":10,"turns":4},{"damage":19,"enemies":"3 Louse","floor":11,"turns":3},{"damage":45,"enemies":"Exordium Thugs","floor":13,"turns":7},{"damage":17,"enemies":"downfall:FaceTrader","floor":14,"turns":8},{"damage":9,"enemies":"2 Fungi Beasts","floor":15,"turns":3},{"damage":7,"enemies":"downfall:Ironclad","floor":16,"turns":12},{"damage":18,"enemies":"Shell Parasite","floor":20,"turns":5},{"damage":4,"enemies":"downfall:FleeingMerchant","floor":21,"turns":12},{"damage":14,"enemies":"3 Byrds","floor":22,"turns":8},{"damage":42,"enemies":"Centurion and Healer","floor":30,"turns":7},{"damage":48,"enemies":"Chosen and Byrds","floor":31,"turns":11},{"damage":12,"enemies":"Snake Plant","floor":32,"turns":2}],"seed_played":"-8206916293356497147","potions_obtained":[{"floor":3,"key":"Guardian:BlockOnCardUsePotion"},{"floor":6,"key":"SneckoOil"},{"floor":13,"key":"Fire Potion"},{"floor":14,"key":"Reflective Coating"},{"floor":15,"key":"LifebloodPotion"},{"floor":22,"key":"Strength Potion"},{"floor":30,"key":"LiquidMemories"}],"is_trial":false,"path_per_floor":["R","M","M","?","?","M","T","?","R","$","M","R","M","?","M","B",null,"R","?","M","$","M","?","T","R","?","T","?","R","M","M","M"],"character_chosen":"THE_SOMNAMBULANT","items_purchased":["MerchantsRug","hubris:OldNail","somnambulantmod: Blink","infinitespire:EmpoweringShard","somnambulantmod: DarkeningMind","somnambulantmod: LeechFears","somnambulantmod: RecurringDream","Strawberry"],"campfire_rested":3,"item_purchase_floors":[10,10,10,21,21,21,21,21],"current_hp_per_floor":[70,70,68,68,68,66,66,66,76,68,49,75,30,13,17,11,84,84,84,67,71,58,53,53,83,83,83,83,98,57,10,0,0],"gold":471,"neow_bonus":"REMOVE_CARD","is_daily":false,"chose_seed":false,"campfire_upgraded":1,"win_rate":0.0,"timestamp":1609132697,"path_taken":["R","M","M","?","?","M","T","?","R","?","?","R","M","?","M","BOSS","R","?","M","$","M","?","T","R","?","?","?","R","?","M","M"],"items_purchased_type":["Relic","Relic","Card","Relic","Card","Card","Card","Relic"],"build_version":"2020-12-22","purchased_purges":0,"victory":false,"max_hp_per_floor":[70,70,70,70,70,70,70,70,80,80,80,82,82,82,83,84,84,84,84,85,93,94,94,94,96,96,96,96,98,99,100,100,100],"card_choices":[{"not_picked":["somnambulantmod: Nosebleed","somnambulantmod: HeavyLids"],"picked":"somnambulantmod: ViralIdea","floor":2},{"not_picked":["somnambulantmod: Repression","somnambulantmod: Harden"],"picked":"somnambulantmod: PillowFort","floor":3},{"not_picked":["somnambulantmod: Sleepyhead","somnambulantmod: Inspiration"],"picked":"somnambulantmod: DeeperSleep","floor":6},{"not_picked":["somnambulantmod: Trauma","somnambulantmod: Stumble"],"picked":"somnambulantmod: Blink","floor":10},{"not_picked":["somnambulantmod: Unknow","somnambulantmod: Pinch"],"picked":"somnambulantmod: HorrificThought","floor":11},{"not_picked":["somnambulantmod: AllForNothing","somnambulantmod: MuscleMemory"],"picked":"somnambulantmod: TimeCompression","floor":13},{"not_picked":["somnambulantmod: Unmake","somnambulantmod: Stimulus"],"picked":"somnambulantmod: ImpenetrableMind","floor":14},{"not_picked":["somnambulantmod: TrepanningBlow","somnambulantmod: GalaxyBrain"],"picked":"somnambulantmod: Bloom","floor":15},{"not_picked":["somnambulantmod: Unburden","somnambulantmod: RuthlessStudy"],"picked":"somnambulantmod: Damping","floor":16},{"not_picked":["somnambulantmod: Nosebleed","somnambulantmod: Stumble"],"picked":"somnambulantmod: HeavyLids","floor":20},{"not_picked":["somnambulantmod: MuscleMemory","somnambulantmod: Stumble+1"],"picked":"somnambulantmod: SleepingBody","floor":21},{"not_picked":["somnambulantmod: Repression+1","somnambulantmod: SnuggleUp"],"picked":"somnambulantmod: SleepingBody","floor":22},{"not_picked":["somnambulantmod: Wake","somnambulantmod: RecurringDream"],"picked":"somnambulantmod: Unmake+1","floor":30},{"not_picked":["somnambulantmod: HeavyLids","somnambulantmod: SnuggleUp"],"picked":"somnambulantmod: Bruise","floor":31}],"player_experience":332746,"relics_obtained":[{"floor":1,"key":"TungstenRod"},{"floor":14,"key":"downfall:CloakOfManyFaces"},{"floor":14,"key":"beaked:ShinyBauble"},{"floor":27,"key":"hubris:MysteriousPyramids"}],"event_choices":[],"is_beta":false,"boss_relics":[{"not_picked":["ReplayTheSpireMod:SealedPack","ReplayTheSpireMod:DimensionalGlitch"],"picked":"Astrolabe"}],"items_purged_floors":[],"is_endless":false,"potions_floor_spawned":[3,6,13,14,15,22,30],"killed_by":"Snake Plant","ascension_level":0}}