{"host":"00yob6u0fiu7ehgs","time":1609190706,"event":{"mods":["Act Like it!","Arknights The Spire","Art Attack!","BaseMod","Chen","Colored Powertips","Elementarium","Gensokyo","GifTheSpireLib","Infinite Spire","Jorbs\u0027s Wanderer Trilogy","Koishi","Marisa????????","Minty Spire (QoL Compilation)","Rare Cards Sparkle","Reimu??????","Remilia??????","Replay The Spire","StSLib","The Alterego","The Animator","The Cursed","The Forsaken","The Servant 0.9.4","Wandering Minibosses"],"gold_per_floor":[118,61,80,349,367,367,367,385,385,420,433,433,460,477,477,578,578,598,598,598,609,358,358,358,358],"floor_reached":24,"playtime":2076,"items_purged":[],"score":208,"play_id":"79a026db-d1b7-4ffa-9c83-2855c81af261","local_time":"20201228142506","is_ascension_mode":false,"campfire_choices":[{"data":"ats:Shell Defense","floor":6,"key":"SMITH"},{"data":"ats:Beaten Up","floor":12,"key":"SMITH"},{"floor":15,"key":"REST"},{"data":"ats:Neurotoxin","floor":23,"key":"SMITH"}],"circlet_count":0,"master_deck":["ats:Strike C","ats:Strike G","ats:Strike S","ats:Strike V","ats:Armor Crushing Shot","ats:Defend","ats:Defend","ats:Defend","ats:Defend","ats:Emotion Absorption","ats:Shell Defense","ats:Apocalypse+1","ats:Shell Defense+1","ats:Red Shift","ats:Neurotoxin+1","Voices","ats:Beaten Up+1","ats:Soul Rend","ats:Explosion Area Strengthen","ats:Healing Drone","ats:Consecutive Shot Auto","ats:Echo Reverb","ats:Shadow Raid","Night Terror","ats:Sword Rain","Gensokyo:TrainingManual","Gensokyo:DepletedGenerator","Gensokyo:BlemishedSteel","Gensokyo:Taser","Gensokyo:TarnishedGold"],"relics":["ats:Sanity","Ring of Searing","ats:Originium","RuthlessExorcism:ReiMu","ats:Originium","Question Card","Gensokyo:DirgeOfMelancholy"],"acts_visited":["Exordium","Gensokyo:Gensokyo"],"potions_floor_usage":[10,13,13,21,24,24],"damage_taken":[{"damage":1,"enemies":"Gensokyo:2_Kodama","floor":1,"turns":4},{"damage":24,"enemies":"Gensokyo:3_Fairies","floor":3,"turns":7},{"damage":22,"enemies":"Gensokyo:Python","floor":4,"turns":8},{"damage":27,"enemies":"Gensokyo:CorruptedTreant","floor":5,"turns":7},{"damage":23,"enemies":"Gensokyo:2_Rabbits","floor":8,"turns":5},{"damage":41,"enemies":"Gensokyo:Mamizou","floor":10,"turns":11},{"damage":11,"enemies":"Gensokyo:Kitsune","floor":11,"turns":4},{"damage":51,"enemies":"Gensokyo:Aya","floor":13,"turns":9},{"damage":7,"enemies":"Gensokyo:3_Kodama","floor":14,"turns":4},{"damage":84,"enemies":"Gensokyo:Kokoro","floor":16,"turns":13},{"damage":24,"enemies":"Gensokyo:AngelMirror","floor":18,"turns":2},{"damage":54,"enemies":"Gensokyo:CosmicMonolith","floor":21,"turns":13},{"damage":81,"enemies":"Gensokyo:Tenshi","floor":24,"turns":8}],"seed_played":"8664835488114791840","potions_obtained":[{"floor":3,"key":"BlessingOfTheForge"},{"floor":8,"key":"Explosive Potion"},{"floor":11,"key":"Ancient Potion"},{"floor":14,"key":"Energy Potion"},{"floor":16,"key":"infinitespire:BlackPotion"},{"floor":18,"key":"GamblersBrew"}],"is_trial":false,"path_per_floor":["M","COS","M","M","M","R","?","M","T","E","M","R","E","M","R","B",null,"M","?","?","M","COS","R","E"],"character_chosen":"DOCTOR_CLASS","items_purchased":[],"campfire_rested":1,"item_purchase_floors":[],"current_hp_per_floor":[78,78,56,57,67,67,67,61,61,49,49,49,32,38,61,27,79,61,54,54,45,45,45,0,0],"gold":358,"neow_bonus":"TEN_PERCENT_HP_BONUS","is_daily":false,"chose_seed":false,"campfire_upgraded":3,"win_rate":0.0,"timestamp":1609190706,"path_taken":["M","COS","M","M","M","R","?","M","T","E","M","R","E","M","R","BOSS","M","?","?","M","COS","R","E"],"items_purchased_type":[],"build_version":"2020-12-22","purchased_purges":0,"victory":false,"max_hp_per_floor":[79,79,79,79,79,79,79,79,79,79,79,79,79,79,79,79,79,79,79,79,79,79,79,79,79],"card_choices":[{"not_picked":["ats:Demon Strength","ats:Hammer On"],"picked":"ats:Shell Defense","floor":1},{"not_picked":["ats:Chain Hook+1","ats:Ignite+1"],"picked":"ats:Apocalypse+1","floor":3},{"not_picked":["ats:Echo Reverb","ats:Defend Order"],"picked":"ats:Shell Defense","floor":3},{"not_picked":["ats:Encircling Forest","ats:Mental Burst"],"picked":"ats:Red Shift","floor":4},{"not_picked":["ats:Cat Scratch","ats:LN2 Cannon"],"picked":"ats:Neurotoxin","floor":5},{"not_picked":["ats:Ignite","ats:Powerful Strike"],"picked":"ats:Beaten Up","floor":8},{"not_picked":["ats:Very Hot Blade","ats:Disruption Kick"],"picked":"ats:Soul Rend","floor":10},{"not_picked":["ats:Cat Scratch","ats:Flame Of Heaven"],"picked":"ats:Explosion Area Strengthen","floor":11},{"not_picked":["ats:Poison Spread","ats:Collapsing Strike"],"picked":"ats:Healing Drone","floor":13},{"not_picked":["ats:Poison Spread","ats:Burning Ground","ats:Shell Defense"],"picked":"ats:Consecutive Shot Auto","floor":14},{"not_picked":["ats:Durian","ats:Volcano","ats:Fractured Body"],"picked":"ats:Echo Reverb","floor":16},{"not_picked":["ats:Healing Drone","ats:Poison Spread","ats:Beaten Up+1"],"picked":"ats:Shadow Raid","floor":18},{"not_picked":["ats:Flame Of Heaven+1","ats:Hammer On+1","ats:Mental Burst"],"picked":"ats:Sword Rain","floor":21}],"player_experience":335603,"relics_obtained":[{"floor":7,"key":"Ring of Searing"},{"floor":10,"key":"ats:Originium"},{"floor":10,"key":"RuthlessExorcism:ReiMu"},{"floor":13,"key":"ats:Originium"},{"floor":13,"key":"Question Card"}],"event_choices":[],"is_beta":false,"boss_relics":[{"not_picked":["Painkiller Herb","Honey Jar","Coffee Dripper"]}],"items_purged_floors":[],"is_endless":false,"potions_floor_spawned":[3,8,11,14,16,18],"killed_by":"Gensokyo:Tenshi","ascension_level":0}}