{"host":"wd1018vie3g8p4dm","time":1609145384,"event":{"mods":["AchievementEnabler","BaseMod","Minty Spire (QoL Compilation)","StSLib","vexMod"],"gold_per_floor":[110,130,108,122,141,159,159,178,178,190,202,202,127,139,139,241,241,258,278,289,302,319,319,337,337,337,350,364,380,26,43,43,146,146,159,171,46,46,46,46,65,65,65],"floor_reached":42,"playtime":2477,"items_purged":["Strike_G","Strike_G","Strike_G"],"score":429,"play_id":"e5035e14-6bf3-4928-ba9b-53033c5ec6d2","local_time":"20201228164944","is_ascension_mode":false,"campfire_choices":[{"data":"Blade Dance","floor":7.0,"key":"SMITH"},{"data":"Blade Dance","floor":12.0,"key":"SMITH"},{"data":"Survivor","floor":15.0,"key":"SMITH"},{"floor":23.0,"key":"REST"},{"data":"Infinite Blades","floor":32.0,"key":"SMITH"},{"data":"After Image","floor":40,"key":"SMITH"}],"circlet_count":0,"master_deck":["Strike_G","Defend_G","Defend_G","Defend_G","Defend_G","Defend_G","Survivor+1","Neutralize","Finisher","Blade Dance+1","Blade Dance","Infinite Blades+1","Dodge and Roll+1","Blade Dance+1","Dodge and Roll+1","Outmaneuver","After Image+1","Envenom","Blade Dance+1"],"relics":["Ring of the Serpent","NeowsBlessing","Gremlin Horn","Pocketwatch","Ornamental Fan","WristBlade"],"acts_visited":["Exordium","TheCity","TheBeyond"],"potions_floor_usage":[],"damage_taken":[{"damage":0.0,"enemies":"Cultist","floor":1.0,"turns":1.0},{"damage":0.0,"enemies":"2 Louse","floor":2.0,"turns":1.0},{"damage":0.0,"enemies":"Small Slimes","floor":4.0,"turns":1.0},{"damage":0.0,"enemies":"Looter","floor":5.0,"turns":3.0},{"damage":10.0,"enemies":"Exordium Thugs","floor":6.0,"turns":2.0},{"damage":1.0,"enemies":"Exordium Wildlife","floor":8.0,"turns":3.0},{"damage":0.0,"enemies":"Blue Slaver","floor":10.0,"turns":3.0},{"damage":1.0,"enemies":"Gremlin Gang","floor":11.0,"turns":2.0},{"damage":1.0,"enemies":"Red Slaver","floor":14.0,"turns":2.0},{"damage":11.0,"enemies":"Slime Boss","floor":16.0,"turns":9.0},{"damage":0.0,"enemies":"2 Thieves","floor":18.0,"turns":3.0},{"damage":1.0,"enemies":"3 Byrds","floor":19.0,"turns":4.0},{"damage":8.0,"enemies":"Shelled Parasite and Fungi","floor":20.0,"turns":4.0},{"damage":18.0,"enemies":"Snake Plant","floor":21.0,"turns":4.0},{"damage":6.0,"enemies":"Snecko","floor":22.0,"turns":4.0},{"damage":5.0,"enemies":"Cultist and Chosen","floor":24.0,"turns":6.0},{"damage":3.0,"enemies":"Shelled Parasite and Fungi","floor":27.0,"turns":3.0},{"damage":0.0,"enemies":"Centurion and Healer","floor":28.0,"turns":2.0},{"damage":0.0,"enemies":"3 Cultists","floor":29.0,"turns":4.0},{"damage":2.0,"enemies":"Snake Plant","floor":31.0,"turns":5.0},{"damage":46.0,"enemies":"Collector","floor":33.0,"turns":12.0},{"damage":18.0,"enemies":"3 Shapes","floor":35.0,"turns":2.0},{"damage":0.0,"enemies":"3 Darklings","floor":36.0,"turns":5.0},{"damage":24,"enemies":"4 Shapes","floor":41,"turns":3},{"damage":29,"enemies":"Giant Head","floor":42,"turns":8}],"seed_played":"-6533801026180980402","potions_obtained":[{"floor":1.0,"key":"SteroidPotion"},{"floor":6.0,"key":"Fire Potion"},{"floor":8.0,"key":"Strength Potion"},{"floor":18.0,"key":"Strength Potion"},{"floor":28.0,"key":"Explosive Potion"},{"floor":29.0,"key":"SpeedPotion"},{"floor":31.0,"key":"Ancient Potion"}],"is_trial":false,"path_per_floor":["M","M","$","M","M","M","R","M","T","M","M","R","$","M","R","B",null,"M","M","M","M","M","R","M","?","T","M","M","M","$","M","R","B",null,"M","M","$","?","?","R","M","E"],"character_chosen":"THE_SILENT","items_purchased":["Blade Dance","Ornamental Fan"],"campfire_rested":1,"item_purchase_floors":[3,30],"current_hp_per_floor":[70,70,70,70,70,60,60,59,59,59,58,58,58,57,57,46,70,70,69,61,43,37,58,53,53,53,50,50,50,50,48,48,2,70,52,52,52,52,52,52,28,0,0],"gold":65,"neow_bonus":"THREE_ENEMY_KILL","is_daily":false,"chose_seed":false,"campfire_upgraded":5,"win_rate":0.0,"timestamp":1609145384,"path_taken":["M","M","$","M","M","M","R","M","T","?","M","R","$","M","R","BOSS","M","M","M","M","M","R","M","?","T","?","M","M","$","M","R","BOSS","M","M","$","?","?","R","M","E"],"items_purchased_type":["Card","Relic"],"build_version":"2020-12-22","purchased_purges":3,"victory":false,"max_hp_per_floor":[70,70,70,70,70,70,70,70,70,70,70,70,70,70,70,70,70,70,70,70,70,70,70,70,70,70,70,70,70,70,70,70,70,70,70,70,70,70,66,66,66,66,66],"card_choices":[{"not_picked":["Poisoned Stab","Deadly Poison"],"picked":"Finisher","floor":1.0},{"not_picked":["Underhanded Strike","Sucker Punch"],"picked":"Blade Dance","floor":2.0},{"not_picked":["Phantasmal Killer","Poisoned Stab","Endless Agony"],"picked":"SKIP","floor":4.0},{"not_picked":["PiercingWail","Flying Knee","Slice"],"picked":"SKIP","floor":5.0},{"not_picked":["Flying Knee","Prepared","Dagger Spray"],"picked":"SKIP","floor":6.0},{"not_picked":["Leg Sweep","Flying Knee","Eviscerate"],"picked":"SKIP","floor":8.0},{"not_picked":["Slice","Predator"],"picked":"Blade Dance","floor":10.0},{"not_picked":["Acrobatics","Deflect","Flechettes"],"picked":"SKIP","floor":11.0},{"not_picked":["Quick Slash","Underhanded Strike","Poisoned Stab"],"picked":"SKIP","floor":14.0},{"not_picked":["Sucker Punch+1","Riddle With Holes"],"picked":"Infinite Blades","floor":18.0},{"not_picked":["Flying Knee","All Out Attack","Dagger Throw+1"],"picked":"SKIP","floor":19.0},{"not_picked":["PiercingWail","Dagger Throw"],"picked":"Dodge and Roll+1","floor":20.0},{"not_picked":["Crippling Poison+1","Dodge and Roll","Dagger Spray"],"picked":"SKIP","floor":21.0},{"not_picked":["Backflip","Crippling Poison"],"picked":"Blade Dance+1","floor":22.0},{"not_picked":["Sucker Punch+1","Endless Agony+1"],"picked":"Dodge and Roll+1","floor":24.0},{"not_picked":["Flechettes","Poisoned Stab","Catalyst"],"picked":"SKIP","floor":27.0},{"not_picked":["Predator","Flying Knee","Heel Hook"],"picked":"SKIP","floor":28.0},{"not_picked":["Dodge and Roll","Predator"],"picked":"Outmaneuver","floor":29.0},{"not_picked":["Well Laid Plans+1","Sucker Punch"],"picked":"After Image","floor":31.0},{"not_picked":["Corpse Explosion","Wraith Form v2"],"picked":"Envenom","floor":33.0},{"not_picked":["Caltrops+1","PiercingWail"],"picked":"Blade Dance+1","floor":35.0},{"not_picked":["Acrobatics","Deflect+1","Riddle With Holes"],"picked":"SKIP","floor":36.0},{"not_picked":["Dagger Throw+1","Sucker Punch+1","Flechettes+1"],"picked":"SKIP","floor":41}],"player_experience":9562,"relics_obtained":[{"floor":9.0,"key":"Gremlin Horn"},{"floor":26.0,"key":"Pocketwatch"}],"event_choices":[{"cards_removed":["Strike_G"],"damage_healed":0.0,"max_hp_gain":0.0,"max_hp_loss":0.0,"gold_gain":0.0,"event_name":"Bonfire Elementals","player_choice":"Offered Basic","floor":25.0,"gold_loss":0.0,"damage_taken":0.0},{"cards_removed":["Blade Dance"],"damage_healed":0,"gold_gain":0,"player_choice":"Removed Skill","damage_taken":0,"max_hp_gain":0,"max_hp_loss":0,"event_name":"Falling","floor":38,"gold_loss":0},{"damage_healed":0,"gold_gain":0,"player_choice":"Max HP","damage_taken":0,"max_hp_gain":0,"max_hp_loss":4,"event_name":"Winding Halls","floor":39,"gold_loss":0}],"is_beta":false,"boss_relics":[{"not_picked":["Fusion Hammer","Ectoplasm"],"picked":"Ring of the Serpent"},{"not_picked":["Empty Cage","vexMod:ImprovementManual"],"picked":"WristBlade"}],"items_purged_floors":[13,30,37],"is_endless":false,"potions_floor_spawned":[1,6,8,11,14,18,28,29,31],"killed_by":"Giant Head","ascension_level":0}}