{"host":"baymyijz6sxaqj5s","time":1609154097,"event":{"mods":["AchievementEnabler","BaseMod","Colored Map","Colored Powertips","DeckTracker","Highlight Path","KOR Keyword Fix","Keyboard Shortcuts","Minty Spire (QoL Compilation)","Quick Restart","StSLib","SuperFastMode"],"gold_per_floor":[116,127,145,38,138,138,149,149,149,167,167,185,195,195,195,297,297,313,298,298,315,230,230,255,255,282,293,310,321,321,321],"floor_reached":30,"playtime":1097,"items_purged":[],"score":298,"play_id":"a1542f4e-7485-4bba-b36e-f46e9af31d75","local_time":"20201228201457","is_ascension_mode":true,"campfire_choices":[{"data":"Leg Sweep","floor":6,"key":"SMITH"},{"data":"Noxious Fumes","floor":8,"key":"SMITH"},{"floor":15,"key":"REST"},{"data":"After Image","floor":23,"key":"SMITH"},{"data":"Deflect","floor":25,"key":"SMITH"}],"circlet_count":0,"master_deck":["Strike_G","Strike_G","Strike_G","Strike_G","Strike_G","Defend_G","Defend_G","Defend_G","Defend_G","Defend_G","Survivor","Neutralize","Noxious Fumes+1","Leg Sweep+1","Outmaneuver","Dash+1","Deflect+1","After Image+1","Poisoned Stab","Flying Knee+1","Poisoned Stab+1","Deadly Poison","Catalyst","Bane+1"],"relics":["Ring of the Snake","InkBottle","Runic Pyramid","Ginger","Singing Bowl","Happy Flower"],"acts_visited":["Exordium","TheCity"],"potions_floor_usage":[10,21,24,29,30],"damage_taken":[{"damage":0,"enemies":"Cultist","floor":1,"turns":4},{"damage":0,"enemies":"Jaw Worm","floor":2,"turns":4},{"damage":4,"enemies":"Small Slimes","floor":3,"turns":5},{"damage":5,"enemies":"3 Louse","floor":7,"turns":6},{"damage":14,"enemies":"Exordium Wildlife","floor":10,"turns":4},{"damage":4,"enemies":"2 Fungi Beasts","floor":12,"turns":5},{"damage":0,"enemies":"Looter","floor":13,"turns":4},{"damage":65,"enemies":"Slime Boss","floor":16,"turns":15},{"damage":0,"enemies":"3 Byrds","floor":18,"turns":7},{"damage":7,"enemies":"2 Thieves","floor":19,"turns":4},{"damage":9,"enemies":"Snake Plant","floor":21,"turns":6},{"damage":0,"enemies":"Book of Stabbing","floor":24,"turns":7},{"damage":21,"enemies":"Sentry and Sphere","floor":27,"turns":7},{"damage":20,"enemies":"Snecko","floor":28,"turns":6},{"damage":2,"enemies":"Centurion and Healer","floor":29,"turns":6},{"damage":34,"enemies":"Masked Bandits","floor":30,"turns":3}],"seed_played":"7116580929921351658","potions_obtained":[{"floor":7,"key":"SteroidPotion"},{"floor":16,"key":"PowerPotion"},{"floor":19,"key":"Explosive Potion"},{"floor":21,"key":"Fire Potion"},{"floor":28,"key":"SteroidPotion"}],"is_trial":false,"path_per_floor":["M","M","M","$","?","R","M","R","T","M","?","M","M","?","R","B",null,"M","M","?","M","?","R","E","R","T","M","M","M","?"],"character_chosen":"THE_SILENT","items_purchased":["Noxious Fumes","Leg Sweep"],"campfire_rested":1,"item_purchase_floors":[4,4],"current_hp_per_floor":[77,77,73,73,73,73,68,68,68,54,54,50,50,50,73,8,77,77,70,70,61,61,61,61,61,61,40,20,18,0,0],"gold":321,"neow_bonus":"TEN_PERCENT_HP_BONUS","is_daily":false,"chose_seed":false,"campfire_upgraded":4,"win_rate":0.0,"timestamp":1609154097,"path_taken":["M","M","M","?","?","R","M","R","T","?","?","M","M","?","R","BOSS","M","M","?","M","?","R","E","R","T","M","M","M","?"],"items_purchased_type":["Card","Card"],"build_version":"2020-12-22","purchased_purges":0,"victory":false,"max_hp_per_floor":[77,77,77,77,77,77,77,77,77,77,77,77,77,77,77,77,77,77,77,77,77,77,77,77,77,77,77,77,77,77,77],"card_choices":[{"not_picked":["Underhanded Strike","Blade Dance","Caltrops"],"picked":"SKIP","floor":1},{"not_picked":["Choke","Skewer","Accuracy"],"picked":"SKIP","floor":2},{"not_picked":["Terror","Flying Knee","Quick Slash"],"picked":"SKIP","floor":3},{"not_picked":["Flechettes","Acrobatics"],"picked":"Outmaneuver","floor":7},{"not_picked":["Accuracy","Flying Knee","Setup"],"picked":"SKIP","floor":10},{"not_picked":["Dodge and Roll","Leg Sweep"],"picked":"Dash","floor":12},{"not_picked":["Underhanded Strike","Well Laid Plans"],"picked":"Deflect","floor":13},{"not_picked":["Doppelganger","Envenom"],"picked":"After Image","floor":16},{"not_picked":["Flying Knee","Reflex"],"picked":"Poisoned Stab","floor":18},{"not_picked":["Quick Slash","Backstab+1","Footwork"],"picked":"SKIP","floor":19},{"not_picked":["Backstab","Cloak And Dagger"],"picked":"Flying Knee+1","floor":21},{"not_picked":["Prepared","Bouncing Flask"],"picked":"Poisoned Stab+1","floor":24},{"not_picked":["Outmaneuver","Cloak And Dagger"],"picked":"Deadly Poison","floor":27},{"not_picked":["Prepared","Escape Plan"],"picked":"Catalyst","floor":28},{"not_picked":["Quick Slash","Finisher+1"],"picked":"Bane+1","floor":29}],"player_experience":276234,"relics_obtained":[{"floor":9,"key":"InkBottle"},{"floor":24,"key":"Singing Bowl"},{"floor":26,"key":"Happy Flower"}],"event_choices":[{"damage_healed":0,"gold_gain":100,"player_choice":"Pray","damage_taken":0,"max_hp_gain":0,"max_hp_loss":0,"event_name":"Golden Shrine","floor":5,"gold_loss":0},{"damage_healed":0,"gold_gain":0,"player_choice":"Ignored","damage_taken":0,"max_hp_gain":0,"max_hp_loss":0,"event_name":"Liars Game","floor":11,"gold_loss":0},{"damage_healed":0,"gold_gain":0,"player_choice":"Grow","damage_taken":0,"max_hp_gain":0,"max_hp_loss":0,"event_name":"Living Wall","floor":14,"gold_loss":0,"cards_upgraded":["Dash"]},{"damage_healed":0,"gold_gain":0,"player_choice":"Ignored","damage_taken":0,"max_hp_gain":0,"max_hp_loss":0,"event_name":"Ghosts","floor":20,"gold_loss":0},{"damage_healed":0,"gold_gain":0,"player_choice":"Obtained Relic","damage_taken":0,"relics_obtained":["Ginger"],"max_hp_gain":0,"max_hp_loss":0,"event_name":"Addict","floor":22,"gold_loss":85},{"damage_healed":0,"gold_gain":0,"player_choice":"Fought Bandits","damage_taken":0,"max_hp_gain":0,"max_hp_loss":0,"event_name":"Masked Bandits","floor":30,"gold_loss":0}],"is_beta":false,"boss_relics":[{"not_picked":["Fusion Hammer","Calling Bell"],"picked":"Runic Pyramid"}],"items_purged_floors":[],"is_endless":false,"potions_floor_spawned":[7,16,19,21,28],"killed_by":"Masked Bandits","ascension_level":2}}