{"host":"khm4we1ijduz33xh","time":1609162196,"event":{"mods":["AchievementEnabler","BaseMod","Colored Map","Minty Spire (QoL Compilation)","Rare Cards Sparkle","StSLib"],"gold_per_floor":[111,129,149,3,18,18,53,53,53,66,101,31,46,56,56,155,205,215,61,80,80,97,97,131,131,131,156,175,175,50,66,66,163,163,176,195,209,309,319,319,319],"floor_reached":40,"playtime":3419,"items_purged":["Strike_P","Strike_P","Defend_P"],"score":442,"play_id":"248c9931-7e27-48f3-a120-145066b4044c","local_time":"20201228222956","is_ascension_mode":false,"campfire_choices":[{"data":"MentalFortress","floor":6.0,"key":"SMITH"},{"data":"InnerPeace","floor":8.0,"key":"SMITH"},{"floor":15.0,"key":"REST"},{"data":"DevaForm","floor":23.0,"key":"SMITH"},{"floor":25.0,"key":"REST"},{"floor":32.0,"key":"REST"}],"circlet_count":0,"master_deck":["Strike_P+1","Strike_P","Defend_P","Defend_P+1","Eruption+1","Vigilance","InnerPeace+1","MentalFortress+1","EmptyBody+1","Consecrate","DevaForm+1","Tantrum+1","Halt","EmptyBody+1","EmptyBody+1","Tantrum+1","ReachHeaven","Evaluate+1","FearNoEvil","MasterReality","Halt","DeceiveReality","Evaluate","FlurryOfBlows"],"relics":["PureWater","Torii","Mummified Hand","StoneCalendar","Tiny House","War Paint","Eternal Feather","Dream Catcher","Cursed Key"],"acts_visited":["Exordium","TheCity","TheBeyond"],"potions_floor_usage":[39,39,40],"damage_taken":[{"damage":1.0,"enemies":"2 Louse","floor":1.0,"turns":3.0},{"damage":0.0,"enemies":"Cultist","floor":2.0,"turns":2.0},{"damage":1.0,"enemies":"Jaw Worm","floor":3.0,"turns":3.0},{"damage":0.0,"enemies":"3 Louse","floor":5.0,"turns":3.0},{"damage":20.0,"enemies":"Gremlin Nob","floor":7.0,"turns":5.0},{"damage":20.0,"enemies":"Exordium Thugs","floor":10.0,"turns":9.0},{"damage":13.0,"enemies":"3 Sentries","floor":11.0,"turns":13.0},{"damage":1.0,"enemies":"Blue Slaver","floor":13.0,"turns":3.0},{"damage":1.0,"enemies":"3 Louse","floor":14.0,"turns":5.0},{"damage":24.0,"enemies":"Slime Boss","floor":16.0,"turns":13.0},{"damage":1.0,"enemies":"Shell Parasite","floor":18.0,"turns":7.0},{"damage":9.0,"enemies":"Spheric Guardian","floor":20.0,"turns":6.0},{"damage":1.0,"enemies":"Snake Plant","floor":22.0,"turns":7.0},{"damage":28.0,"enemies":"Slavers","floor":24.0,"turns":6.0},{"damage":1.0,"enemies":"Gremlin Leader","floor":27.0,"turns":5.0},{"damage":38.0,"enemies":"Shelled Parasite and Fungi","floor":28.0,"turns":5.0},{"damage":0.0,"enemies":"Snecko","floor":31.0,"turns":3.0},{"damage":36.0,"enemies":"Automaton","floor":33.0,"turns":8.0},{"damage":52.0,"enemies":"3 Shapes","floor":35.0,"turns":4.0},{"damage":1.0,"enemies":"3 Darklings","floor":36.0,"turns":7.0},{"damage":0,"enemies":"Jaw Worm Horde","floor":37,"turns":5},{"damage":16,"enemies":"Writhing Mass","floor":39,"turns":4},{"damage":83,"enemies":"Reptomancer","floor":40,"turns":3}],"seed_played":"5823886685201867886","potions_obtained":[{"floor":1.0,"key":"GamblersBrew"},{"floor":3.0,"key":"Regen Potion"},{"floor":10.0,"key":"SneckoOil"},{"floor":13.0,"key":"Dexterity Potion"},{"floor":16.0,"key":"Fire Potion"},{"floor":17.0,"key":"Energy Potion"},{"floor":18.0,"key":"FairyPotion"},{"floor":20.0,"key":"ColorlessPotion"},{"floor":24.0,"key":"BlessingOfTheForge"},{"floor":28.0,"key":"DuplicationPotion"},{"floor":31.0,"key":"DistilledChaos"},{"floor":35.0,"key":"LiquidMemories"},{"floor":36.0,"key":"BottledMiracle"},{"floor":39,"key":"ColorlessPotion"}],"is_trial":false,"path_per_floor":["M","M","M","$","M","R","E","R","T","M","E","?","M","M","R","B",null,"M","$","M","$","M","R","E","R","T","E","M","?","$","M","R","B",null,"M","M","M","?","M","E"],"character_chosen":"WATCHER","items_purchased":["MentalFortress","Halt"],"campfire_rested":3,"item_purchase_floors":[4,19],"current_hp_per_floor":[71,71,70,70,70,70,50,50,50,35,22,22,21,20,41,17,77,76,76,67,67,66,66,38,61,61,60,22,22,22,22,54,18,77,25,24,24,24,8,0,0],"gold":319,"neow_bonus":"UPGRADE_CARD","is_daily":false,"chose_seed":false,"campfire_upgraded":3,"win_rate":0.0,"timestamp":1609162196,"path_taken":["M","M","M","$","M","R","E","R","T","M","E","?","M","M","R","BOSS","M","$","M","?","M","R","E","R","T","E","M","?","$","M","R","BOSS","M","M","M","?","M","E"],"items_purchased_type":["Card","Card"],"build_version":"2020-12-22","purchased_purges":3,"victory":false,"max_hp_per_floor":[72,72,72,72,72,72,72,72,72,72,72,72,72,72,72,72,77,77,77,77,77,77,77,77,77,77,77,77,77,77,77,77,77,77,77,77,77,77,77,77,77],"card_choices":[{"not_picked":["SandsOfTime","CutThroughFate","DeceiveReality"],"picked":"SKIP","floor":1.0},{"not_picked":["TalkToTheHand","CutThroughFate"],"picked":"InnerPeace","floor":2.0},{"not_picked":["CrushJoints","SashWhip","WindmillStrike"],"picked":"SKIP","floor":3.0},{"not_picked":["Fasting2","EmptyFist","Protect"],"picked":"SKIP","floor":5.0},{"not_picked":["Crescendo","Protect","CrushJoints"],"picked":"SKIP","floor":7.0},{"not_picked":["Sanctity","DeceiveReality","Prostrate"],"picked":"SKIP","floor":10.0},{"not_picked":["FlyingSleeves","Wallop","EmptyBody"],"picked":"SKIP","floor":11.0},{"not_picked":["SandsOfTime","TalkToTheHand"],"picked":"EmptyBody","floor":13.0},{"not_picked":["Brilliance","SandsOfTime"],"picked":"Consecrate","floor":14.0},{"not_picked":["DeusExMachina","Brilliance"],"picked":"DevaForm","floor":16.0},{"not_picked":["TalkToTheHand","CutThroughFate"],"picked":"Tantrum+1","floor":18.0},{"not_picked":["PathToVictory","SashWhip+1"],"picked":"EmptyBody+1","floor":20.0},{"not_picked":["Swivel","ClearTheMind"],"picked":"EmptyBody+1","floor":22.0},{"not_picked":["SashWhip+1","Fasting2"],"picked":"Tantrum+1","floor":24.0},{"not_picked":["Weave","Omniscience"],"picked":"ReachHeaven","floor":27.0},{"not_picked":["Nirvana+1","Collect"],"picked":"Evaluate+1","floor":28.0},{"not_picked":["Crescendo","Perseverance"],"picked":"FearNoEvil","floor":31.0},{"not_picked":["Judgement","Ragnarok"],"picked":"MasterReality","floor":33.0},{"not_picked":["Protect","CarveReality+1"],"picked":"Halt","floor":35.0},{"not_picked":["SashWhip","Swivel"],"picked":"DeceiveReality","floor":36.0},{"not_picked":["Protect","CutThroughFate+1"],"picked":"Evaluate","floor":37},{"not_picked":["EmptyBody","ClearTheMind"],"picked":"FlurryOfBlows","floor":39}],"player_experience":137994,"relics_obtained":[{"floor":7.0,"key":"Torii"},{"floor":11.0,"key":"Mummified Hand"},{"floor":24.0,"key":"War Paint"},{"floor":26.0,"key":"Eternal Feather"},{"floor":27.0,"key":"Dream Catcher"}],"event_choices":[{"damage_healed":0.0,"max_hp_gain":0.0,"max_hp_loss":0.0,"gold_gain":0.0,"event_name":"WeMeetAgain","player_choice":"Paid Gold","floor":12.0,"gold_loss":70.0,"damage_taken":0.0,"relics_obtained":["StoneCalendar"]},{"cards_removed":["Defend_P"],"damage_healed":0.0,"max_hp_gain":0.0,"max_hp_loss":0.0,"gold_gain":0.0,"event_name":"Back to Basics","player_choice":"Elegance","floor":29.0,"gold_loss":0.0,"damage_taken":0.0},{"damage_healed":0,"gold_gain":100,"player_choice":"Pray","damage_taken":0,"max_hp_gain":0,"max_hp_loss":0,"event_name":"Golden Shrine","floor":38,"gold_loss":0}],"is_beta":false,"boss_relics":[{"not_picked":["VioletLotus","Pandora\u0027s Box"],"picked":"Tiny House"},{"not_picked":["Velvet Choker","Runic Dome"],"picked":"Cursed Key"}],"items_purged_floors":[4,19,30],"is_endless":false,"potions_floor_spawned":[1,3,10,13,16,18,20,24,28,31,35,36,39],"killed_by":"Reptomancer","ascension_level":0}}