{"host":"3j2m8n0ywf988fwb","time":1609179612,"event":{"mods":["2.2 Compatiblity","Act Like it!","Aspiration","Astrologer","BaseMod","Beaked The Cultist","Better Altar","Better Match","Better Note","Better Sensory Stone","Better Skull","Better Third Choice","CCEM","Colored Map","Colored Powertips","Conspire","Energized Spire","Fireblade Mod","GifTheSpireLib","Googly Eyes","Halation","Hallownest","Highlight Path","Hubris","Infinite Spire","Jedi Mod","Marisa????????","Marked Mod","Mimic Mod","Minty Spire (QoL Compilation)","Random Character Button","Relic Stats","Replay The Spire","Robot Space Explorer","Shop Mod","Somnambulant","StSLib","Stuff the Spire","The Bug Knight","The Hierophant","The Marked","The Runesmith","TheFirefly","Unceasing Turn Reminder","everything is the same but u backflip on backflip"],"gold_per_floor":[110,110,141,152,163,163,189,189,213,226,226,226,258,291,291,291,291],"floor_reached":16,"playtime":834,"items_purged":[],"score":108,"play_id":"935103cc-9ee7-4c04-bf71-76662b7157f6","local_time":"20201228122012","is_ascension_mode":false,"campfire_choices":[{"data":"theMarked:EmpowerWeapon","floor":6,"key":"SMITH"},{"data":"theMarked:Overcharge","floor":11,"key":"SMITH"},{"data":"theMarked:RogueSparks","floor":15,"key":"SMITH"}],"circlet_count":0,"master_deck":["theMarked:Strike","theMarked:Strike","theMarked:Strike","theMarked:Strike","theMarked:Defend","theMarked:Defend","theMarked:Defend","theMarked:Defend","theMarked:SoldierOfQuellstein+1","theMarked:Overcharge+1","theMarked:EmpowerWeapon+1","theMarked:WastefulAttack","theMarked:Reabsorb","theMarked:SuspiciousRaven","theMarked:RogueSparks+1"],"relics":["theMarked:ArtifactOfAir","Blue Candle","Akabeko","Bronze Scales","StuffTheSpire:OldFever"],"acts_visited":["Exordium"],"potions_floor_usage":[13],"damage_taken":[{"damage":0,"enemies":"Hallownest:2_MossCreeps","floor":1,"turns":5},{"damage":1,"enemies":"Hallownest:monsterHuskWarrior","floor":3,"turns":5},{"damage":0,"enemies":"Hallownest:monsterHuskWarrior","floor":4,"turns":2},{"damage":0,"enemies":"2_ Uuma","floor":5,"turns":4},{"damage":3,"enemies":"Hallownest:eliteVengeflyKing","floor":7,"turns":7},{"damage":11,"enemies":"Hallownest:2_Tiktiks_1_Baldur_1_Crawlid","floor":10,"turns":4},{"damage":0,"enemies":"Hallownest:monsterAspidMother","floor":12,"turns":2},{"damage":22,"enemies":"Hallownest:eliteMossKnight","floor":13,"turns":8},{"damage":4,"enemies":"Hallownest:Wandering_and_Horned","floor":14,"turns":7},{"damage":38,"enemies":"Hallownest:BossFalseKnight","floor":16,"turns":4}],"seed_played":"-2276209611856602480","potions_obtained":[{"floor":1,"key":"SpeedPotion"},{"floor":4,"key":"PowerPotion"},{"floor":5,"key":"LifebloodPotion"},{"floor":13,"key":"FearPotion"}],"is_trial":false,"path_per_floor":["M","?","MIM","M","M","R","E","?","T","M","R","M","E","MIM","R","B"],"character_chosen":"THE_DEFAULT","items_purchased":[],"campfire_rested":0,"item_purchase_floors":[],"current_hp_per_floor":[70,70,69,69,69,69,66,70,70,59,59,59,37,33,33,0,0],"gold":291,"neow_bonus":"TRANSFORM_CARD","is_daily":false,"chose_seed":false,"campfire_upgraded":3,"win_rate":0.0,"timestamp":1609179612,"path_taken":["M","?","?","?","M","R","E","?","T","?","R","M","E","?","R","BOSS"],"items_purchased_type":[],"build_version":"2020-12-22","purchased_purges":0,"victory":false,"max_hp_per_floor":[70,70,70,70,70,70,70,70,70,70,70,70,70,70,70,70,70],"relic_stats":{"counters":[10,48],"Blue Candle":[0],"Bronze Scales":[18],"obtain_stats":[{"theMarked:ArtifactOfAir":0,"Blue Candle":7,"Bronze Scales":13,"Akabeko":9,"StuffTheSpire:OldFever":14},{"theMarked:ArtifactOfAir":0,"Blue Candle":5,"Bronze Scales":8,"Akabeko":5,"StuffTheSpire:OldFever":9},{"theMarked:ArtifactOfAir":0,"Blue Candle":23,"Bronze Scales":37,"Akabeko":23,"StuffTheSpire:OldFever":44}]},"card_choices":[{"not_picked":["theMarked:StartUp","theMarked:WardOff"],"picked":"theMarked:EmpowerWeapon","floor":1},{"not_picked":["theMarked:ComboAttacks","theMarked:Panic","theMarked:RepellingDischarge"],"picked":"SKIP","floor":4},{"not_picked":["theMarked:WastefulDefense","theMarked:RepellingDischarge","theMarked:SelfDefenseTraining"],"picked":"SKIP","floor":5},{"not_picked":["theMarked:SelfDefenseTraining","theMarked:Levitate"],"picked":"theMarked:WastefulAttack","floor":7},{"not_picked":["theMarked:EnhanceMovement","theMarked:ElectricStrings","theMarked:ResourceFulStrike"],"picked":"SKIP","floor":10},{"not_picked":["theMarked:StartUp","theMarked:EnhanceMovement"],"picked":"theMarked:Reabsorb","floor":12},{"not_picked":["theMarked:HeightenedSenses","theMarked:ResourceFulStrike"],"picked":"theMarked:SuspiciousRaven","floor":13},{"not_picked":["theMarked:Electrocute","theMarked:StartUp"],"picked":"theMarked:RogueSparks","floor":14}],"player_experience":1050326,"relics_obtained":[{"floor":7,"key":"Blue Candle"},{"floor":9,"key":"Akabeko"},{"floor":13,"key":"Bronze Scales"},{"floor":14,"key":"StuffTheSpire:OldFever"}],"event_choices":[{"damage_healed":4,"gold_gain":0,"player_choice":"LEAVE ","damage_taken":0,"relics_obtained":[],"max_hp_gain":0,"max_hp_loss":0,"event_name":"betterSkull:BetterSkull","floor":8,"gold_loss":0,"cards_upgraded":[]}],"is_beta":false,"boss_relics":[],"items_purged_floors":[],"is_endless":false,"potions_floor_spawned":[1,4,5,13],"killed_by":"Hallownest:BossFalseKnight","ascension_level":0}}