{"host":"qdfumeom6htv8yxl","time":1609198456,"event":{"mods":["AchievementEnabler","BaseMod","Block Reminder","Minty Spire (QoL Compilation)","Quick Restart","Relic Stats"],"gold_per_floor":[109,121,121,33,33,33,65,65,65,65,98,114,114,131,131,208,208,220,220,234,244,244,276,276,308,334,334,344,370,295,27,27,27,27],"floor_reached":33,"playtime":20926,"items_purged":[],"score":605,"play_id":"9740bed0-1f31-44c4-8f57-ce8e8545f3c8","local_time":"20201228173416","is_ascension_mode":true,"campfire_choices":[{"floor":6.0,"key":"REST"},{"data":"Cloak And Dagger","floor":8.0,"key":"SMITH"},{"data":"Crippling Poison","floor":10.0,"key":"SMITH"},{"data":"Adrenaline","floor":13.0,"key":"SMITH"},{"data":"Backflip","floor":15.0,"key":"SMITH"},{"floor":27,"key":"REST"},{"floor":32,"key":"REST"}],"circlet_count":0,"master_deck":["AscendersBane","Strike_G","Strike_G","Strike_G+1","Strike_G","Defend_G","Defend_G+1","Defend_G","Defend_G","Defend_G","Survivor","Neutralize","Backflip+1","Cloak And Dagger+1","Crippling Poison+1","Adrenaline+1","Blade Dance+1","Escape Plan+1","Predator","Corpse Explosion","CurseOfTheBell","Caltrops","RitualDagger","Bouncing Flask","Noxious Fumes","PiercingWail"],"relics":["Ring of the Snake","NeowsBlessing","Tiny Chest","Mercury Hourglass","Pantograph","StoneCalendar","Calling Bell","Akabeko","HornCleat","Du-Vu Doll","War Paint","Incense Burner","Torii","Boot","Anchor","Eternal Feather"],"acts_visited":["Exordium","TheCity"],"potions_floor_usage":[25],"damage_taken":[{"damage":0.0,"enemies":"Jaw Worm","floor":1.0,"turns":1.0},{"damage":0.0,"enemies":"Small Slimes","floor":2.0,"turns":1.0},{"damage":0.0,"enemies":"Lagavulin","floor":7.0,"turns":1.0},{"damage":11.0,"enemies":"3 Sentries","floor":11.0,"turns":8.0},{"damage":0.0,"enemies":"2 Louse","floor":12.0,"turns":2.0},{"damage":4.0,"enemies":"Blue Slaver","floor":14.0,"turns":3.0},{"damage":20.0,"enemies":"Hexaghost","floor":16.0,"turns":9.0},{"damage":0.0,"enemies":"Spheric Guardian","floor":18.0,"turns":3.0},{"damage":3.0,"enemies":"2 Thieves","floor":20.0,"turns":2.0},{"damage":4.0,"enemies":"Snake Plant","floor":21.0,"turns":3.0},{"damage":7.0,"enemies":"Slavers","floor":23.0,"turns":2.0},{"damage":7,"enemies":"Book of Stabbing","floor":25,"turns":4},{"damage":32,"enemies":"Snecko","floor":28,"turns":6},{"damage":15,"enemies":"Slavers","floor":29,"turns":3},{"damage":64,"enemies":"Automaton","floor":33,"turns":6}],"seed_played":"-982273273162497178","potions_obtained":[{"floor":2.0,"key":"LiquidMemories"},{"floor":11.0,"key":"Poison Potion"},{"floor":12.0,"key":"PowerPotion"},{"floor":20.0,"key":"Block Potion"},{"floor":23.0,"key":"LiquidBronze"},{"floor":28,"key":"SneckoOil"}],"is_trial":false,"path_per_floor":["M","M","?","$","?","R","E","R","T","R","E","M","R","M","R","B",null,"M","?","M","M","?","E","T","E","T","R","M","E","?","$","R","B"],"character_chosen":"THE_SILENT","items_purchased":["Crippling Poison","Eternal Feather"],"campfire_rested":3,"item_purchase_floors":[4,31],"current_hp_per_floor":[59,59,54,54,34,53,53,53,53,53,42,42,42,38,38,43,60,60,54,51,47,47,40,40,33,33,52,20,5,5,5,39,0,0],"gold":27,"neow_bonus":"THREE_ENEMY_KILL","is_daily":false,"chose_seed":false,"campfire_upgraded":4,"win_rate":0.0,"timestamp":1609198456,"path_taken":["M","M","?","$","?","R","E","R","T","R","E","M","R","M","R","BOSS","M","?","M","M","?","E","?","E","T","R","?","E","?","$","R","BOSS"],"items_purchased_type":["Card","Relic"],"build_version":"2020-12-22","purchased_purges":0,"victory":false,"max_hp_per_floor":[66,66,66,66,66,66,66,66,66,66,66,66,66,66,66,66,66,66,66,66,66,66,66,66,66,66,66,66,66,66,66,66,66,66],"relic_stats":{"Torii":3,"counters":[15,51],"Pantograph":50,"Tiny Chest":1,"StoneCalendar":[52],"Eternal Feather":15,"War Paint":["Blade Dance","Escape Plan"],"Boot":[0],"obtain_stats":[{"NeowsBlessing":0,"Torii":25,"StoneCalendar":11,"Eternal Feather":31,"Incense Burner":24,"War Paint":23,"Boot":26,"Akabeko":17,"Mercury Hourglass":7,"Calling Bell":17,"Du-Vu Doll":17,"Anchor":29,"HornCleat":17,"Pantograph":9,"Tiny Chest":3,"Ring of the Snake":0},{"NeowsBlessing":0,"Torii":12,"StoneCalendar":4,"Eternal Feather":14,"Incense Burner":11,"War Paint":11,"Boot":12,"Akabeko":7,"Mercury Hourglass":3,"Calling Bell":7,"Du-Vu Doll":7,"Anchor":14,"HornCleat":7,"Pantograph":3,"Tiny Chest":2,"Ring of the Snake":0},{"NeowsBlessing":0,"Torii":37,"StoneCalendar":10,"Eternal Feather":45,"Incense Burner":33,"War Paint":33,"Boot":37,"Akabeko":23,"Mercury Hourglass":3,"Calling Bell":23,"Du-Vu Doll":23,"Anchor":45,"HornCleat":23,"Pantograph":3,"Tiny Chest":2,"Ring of the Snake":0}],"Ring of the Snake":[30],"Mercury Hourglass":[218]},"card_choices":[{"not_picked":["Dagger Throw","Dodge and Roll"],"picked":"Backflip","floor":1.0},{"not_picked":["Blade Dance","Deadly Poison"],"picked":"Cloak And Dagger","floor":2.0},{"not_picked":["Flying Knee","Eviscerate"],"picked":"Adrenaline","floor":7.0},{"not_picked":["Deflect","Underhanded Strike"],"picked":"Blade Dance","floor":11.0},{"not_picked":["Dagger Spray","Dodge and Roll"],"picked":"Escape Plan","floor":12.0},{"not_picked":["Quick Slash","Prepared"],"picked":"Predator","floor":14.0},{"not_picked":["Die Die Die","Venomology"],"picked":"Corpse Explosion","floor":16.0},{"not_picked":["Dagger Throw","Sucker Punch"],"picked":"Caltrops","floor":18.0},{"not_picked":["Caltrops","Heel Hook"],"picked":"Bouncing Flask","floor":20.0},{"not_picked":["Outmaneuver","Dagger Spray","Slice"],"picked":"SKIP","floor":21.0},{"not_picked":["All Out Attack","Flying Knee","Escape Plan"],"picked":"SKIP","floor":23.0},{"not_picked":["Storm of Steel","Bouncing Flask","Distraction"],"picked":"SKIP","floor":25},{"not_picked":["Bane","Escape Plan","Bouncing Flask"],"picked":"SKIP","floor":28},{"not_picked":["Calculated Gamble","Caltrops"],"picked":"PiercingWail","floor":29}],"player_experience":1594314,"relics_obtained":[{"floor":7.0,"key":"Mercury Hourglass"},{"floor":9.0,"key":"Pantograph"},{"floor":11.0,"key":"StoneCalendar"},{"floor":17.0,"key":"Akabeko"},{"floor":17.0,"key":"HornCleat"},{"floor":17.0,"key":"Du-Vu Doll"},{"floor":23.0,"key":"War Paint"},{"floor":24.0,"key":"Incense Burner"},{"floor":25,"key":"Torii"},{"floor":26,"key":"Boot"},{"floor":29,"key":"Anchor"}],"event_choices":[{"damage_healed":0.0,"max_hp_gain":0.0,"max_hp_loss":0.0,"gold_gain":0.0,"event_name":"Scrap Ooze","player_choice":"Success","floor":3.0,"gold_loss":0.0,"damage_taken":5.0,"relics_obtained":["Tiny Chest"]},{"damage_healed":0.0,"max_hp_gain":0.0,"max_hp_loss":0.0,"gold_gain":0.0,"event_name":"Shining Light","player_choice":"Entered Light","floor":5.0,"gold_loss":0.0,"damage_taken":20.0,"cards_upgraded":["Strike_G","Defend_G"]},{"damage_healed":0.0,"max_hp_gain":0.0,"max_hp_loss":0.0,"gold_gain":0.0,"event_name":"Nest","player_choice":"Joined the Cult","floor":19.0,"gold_loss":0.0,"damage_taken":6.0,"cards_obtained":["RitualDagger"]},{"damage_healed":0.0,"max_hp_gain":0.0,"max_hp_loss":0.0,"gold_gain":0.0,"event_name":"The Library","player_choice":"Read","floor":22.0,"gold_loss":0.0,"damage_taken":0.0,"cards_obtained":["Noxious Fumes"]},{"cards_removed":["Strike_G"],"damage_healed":0,"gold_gain":0,"player_choice":"Gave Gold","damage_taken":0,"max_hp_gain":0,"max_hp_loss":0,"event_name":"Beggar","floor":30,"gold_loss":75}],"is_beta":false,"boss_relics":[{"not_picked":["Velvet Choker","Pandora\u0027s Box"],"picked":"Calling Bell"}],"items_purged_floors":[],"is_endless":false,"potions_floor_spawned":[2,11,12,18,20,23,28],"killed_by":"Automaton","ascension_level":16}}