{"host":"5fpb1gzflhq9886n","time":1609142188,"event":{"mods":["AchievementEnabler","BaseMod","Colored Map","Colored Powertips","Minty Spire (QoL Compilation)","Permanent Neow"],"gold_per_floor":[214,214,163,174,190,190,110,127,127,127,160,85,105,147,147,261,261,287,287,308,308,308],"floor_reached":21,"playtime":1486,"items_purged":["Strike_G"],"score":217,"play_id":"9cbc2c00-2c5f-4586-a175-66a5b7defcb3","local_time":"20201228025628","is_ascension_mode":true,"campfire_choices":[{"data":"Footwork","floor":6,"key":"SMITH"},{"data":"Well Laid Plans","floor":10,"key":"SMITH"},{"floor":15,"key":"REST"}],"circlet_count":0,"master_deck":["Strike_G","Strike_G","Strike_G","Defend_G","Defend_G","Defend_G","Defend_G","Defend_G","Survivor","Neutralize","Footwork+1","Quick Slash","Dash","Slice","Well Laid Plans+1","Flying Knee","Deadly Poison","Underhanded Strike","All Out Attack","Envenom","Poisoned Stab","Catalyst"],"relics":["Ring of the Snake","Bottled Tornado","Matryoshka","CeramicFish","Black Star"],"acts_visited":["Exordium","TheCity"],"potions_floor_usage":[18,18,21],"damage_taken":[{"damage":2,"enemies":"2 Louse","floor":1,"turns":3},{"damage":0,"enemies":"Cultist","floor":4,"turns":4},{"damage":2,"enemies":"Jaw Worm","floor":5,"turns":5},{"damage":5,"enemies":"Blue Slaver","floor":8,"turns":5},{"damage":15,"enemies":"Gremlin Nob","floor":11,"turns":5},{"damage":5,"enemies":"3 Louse","floor":13,"turns":4},{"damage":29,"enemies":"3 Sentries","floor":14,"turns":10},{"damage":24,"enemies":"Hexaghost","floor":16,"turns":14},{"damage":27,"enemies":"3 Byrds","floor":18,"turns":4},{"damage":32,"enemies":"Spheric Guardian","floor":20,"turns":6},{"damage":17,"enemies":"Snake Plant","floor":21,"turns":4}],"seed_played":"-7812579620982426103","potions_obtained":[{"floor":1,"key":"Explosive Potion"},{"floor":2,"key":"SneckoOil"},{"floor":2,"key":"SneckoOil"},{"floor":8,"key":"AttackPotion"},{"floor":14,"key":"BlessingOfTheForge"},{"floor":20,"key":"ColorlessPotion"}],"is_trial":false,"path_per_floor":["M","?","$","M","M","R","$","M","T","R","E","$","M","E","R","B",null,"M","?","M","M"],"character_chosen":"THE_SILENT","items_purchased":["Quick Slash","Well Laid Plans"],"campfire_rested":1,"item_purchase_floors":[3,7],"current_hp_per_floor":[68,68,68,68,66,66,66,61,61,61,46,46,41,12,33,9,70,43,43,11,0,0],"gold":308,"neow_bonus":"HUNDRED_GOLD","is_daily":false,"chose_seed":false,"campfire_upgraded":2,"win_rate":0.0,"timestamp":1609142188,"path_taken":["M","?","$","M","M","R","?","M","T","R","E","$","M","E","R","BOSS","M","?","?","?"],"items_purchased_type":["Card","Card"],"build_version":"2020-12-22","purchased_purges":1,"victory":false,"max_hp_per_floor":[70,70,70,70,70,70,70,70,70,70,70,70,70,70,70,70,70,70,70,70,70,70],"card_choices":[{"not_picked":["Calculated Gamble","PiercingWail"],"picked":"Footwork","floor":1},{"not_picked":["Tactician","Backflip"],"picked":"Dash","floor":4},{"not_picked":["Prepared","Cloak And Dagger"],"picked":"Slice","floor":5},{"not_picked":["Distraction","Masterful Stab"],"picked":"Flying Knee","floor":8},{"not_picked":["Cloak And Dagger","Accuracy"],"picked":"Deadly Poison","floor":11},{"not_picked":["Eviscerate","PiercingWail"],"picked":"Underhanded Strike","floor":13},{"not_picked":["Expertise","Calculated Gamble"],"picked":"All Out Attack","floor":14},{"not_picked":["Phantasmal Killer","Storm of Steel"],"picked":"Envenom","floor":16},{"not_picked":["Endless Agony","All Out Attack"],"picked":"Poisoned Stab","floor":18},{"not_picked":["Poisoned Stab+1","Bane+1"],"picked":"Catalyst","floor":20}],"player_experience":635689,"relics_obtained":[{"floor":9,"key":"Bottled Tornado"},{"floor":11,"key":"Matryoshka"},{"floor":14,"key":"CeramicFish"}],"event_choices":[{"damage_healed":0,"gold_gain":0,"player_choice":"Got Potions","damage_taken":0,"max_hp_gain":0,"max_hp_loss":0,"event_name":"Lab","floor":2,"gold_loss":0},{"cards_removed":["Strike_G"],"damage_healed":0,"gold_gain":0,"player_choice":"Purged","damage_taken":0,"max_hp_gain":0,"max_hp_loss":0,"event_name":"Purifier","floor":19,"gold_loss":0}],"is_beta":false,"boss_relics":[{"not_picked":["Runic Pyramid","Busted Crown"],"picked":"Black Star"}],"items_purged_floors":[12],"is_endless":false,"potions_floor_spawned":[1,8,11,14,20],"killed_by":"Snake Plant","ascension_level":3}}