{"host":"9op7xyky91xc1g6p","time":1609161779,"event":{"mods":["Act Like it!","Aspiration","Astrologer","Bartender","BaseMod","Beaked The Cultist","Better Altar","Better Note","Better Sensory Stone","Better Skull","Better Third Choice","Better Vampires","BshForSts","CapriCore","Energized Spire","Gensokyo","Hallownest","Hermit","Infinite Spire","Koishi","Magitek Elite","Marisa????????","Minty Spire (QoL Compilation)","Railgun Mod","Random Character Button","Remilia??????","Retaliation","Robot Space Explorer","Shade Mod","Shedinja","SpireExporter+","StSLib","The Animator","The Construct","The Disciple","The Elementalist","The Hierophant","The Immortal","The Marked","The Mystic","The Poker Player","The Runesmith","The Spell Scribe","TheArtist","TheBandit","Trackpad","Yuyuko","??????REMEMod"],"gold_per_floor":[119,194,207,43,43,43,18,32,56,69,69,83,113,131,131,230,230,241,253,24,39,39,73,73,93,148,161,161,195,445,104,104,104,104],"floor_reached":33,"playtime":3367,"items_purged":[],"score":287,"play_id":"7219de2a-b268-469f-b551-59bae4e2b574","local_time":"20201228052259","is_ascension_mode":false,"campfire_choices":[{"floor":6,"key":"REST"},{"data":"Koishi:HauntingSlash","floor":11,"key":"SMITH"},{"data":"Koishi:EmbersOfLove","floor":15,"key":"SMITH"},{"floor":24,"key":"REST"},{"floor":28,"key":"REST"},{"data":"Koishi:StingingMind","floor":32,"key":"SMITH"}],"circlet_count":1,"master_deck":["Koishi:BasicStrike","Koishi:BasicStrike","Koishi:BasicStrike","Koishi:BasicStrike","Koishi:BasicDefend","Koishi:BasicDefend","Koishi:BasicDefend","Koishi:BasicDefend","Koishi:Provoke","Koishi:HauntingSlash+1","Koishi:SubterraneanRose","Koishi:JumpScare","Koishi:ImGoingToCallYouNow","Koishi:PhantomStrike","Koishi:ReleaseOfTheId","Koishi:FleetingPhantom","Koishi:SpiritedAway","Koishi:FreudianInstinct","Koishi:EmbersOfLove+1","Koishi:MentalBreakdown","Koishi:DNAsFlaw+1","Koishi:UnconsciousUprising","Gensokyo:RPG","Gensokyo:BlemishedSteel","Koishi:RacingHeart+1","Koishi:Vanish","Koishi:StingingMind+1","Koishi:DreadfulBlow","Koishi:PhantomBarrier","Koishi:MindNumbingTerror","Koishi:DreadfulBlow"],"relics":["Koishi:ImaginaryFriend","REME_ComplimentaryCards","aspiration:HatOfInfinitePower","Boot","trackpad:ToughGloves","beaked:SacredNecklace","Vajra","aspiration:SeaSaltIceCream","Circlet","Koishi:BloodstainedWhiteRose","infinitespire:WardingShard","trackpad:CultistFigurine"],"acts_visited":["Exordium","Gensokyo:Gensokyoer"],"potions_floor_usage":[13,13,13,27],"damage_taken":[{"damage":0,"enemies":"Small Slimes","floor":1,"turns":4},{"damage":9,"enemies":"Cultist","floor":3,"turns":5},{"damage":0,"enemies":"2 Louse","floor":8,"turns":3},{"damage":4,"enemies":"Lots of Slimes","floor":10,"turns":3},{"damage":0,"enemies":"Large Slime","floor":12,"turns":6},{"damage":13,"enemies":"Gremlin Nob","floor":13,"turns":4},{"damage":4,"enemies":"Exordium Wildlife","floor":14,"turns":4},{"damage":51,"enemies":"Hexaghost","floor":16,"turns":16},{"damage":17,"enemies":"Gensokyo:CosmicMonolith","floor":18,"turns":5},{"damage":5,"enemies":"Gensokyo:2_Gloops","floor":19,"turns":7},{"damage":30,"enemies":"Gensokyo:Wraith","floor":21,"turns":4},{"damage":29,"enemies":"Gensokyo:Koishi","floor":23,"turns":10},{"damage":21,"enemies":"Gensokyo:Swordslinger","floor":25,"turns":5},{"damage":24,"enemies":"Gensokyo:Slime_Group","floor":27,"turns":5},{"damage":31,"enemies":"Gensokyo:Tenshi","floor":29,"turns":6},{"damage":74,"enemies":"Gensokyo:Eternal_Rivals","floor":33,"turns":8}],"seed_played":"7166472155282653105","potions_obtained":[{"floor":1,"key":"SkillPotion"},{"floor":8,"key":"Fire Potion"},{"floor":10,"key":"SteroidPotion"},{"floor":19,"key":"FairyPotion"},{"floor":21,"key":"FairyPotion"},{"floor":23,"key":"LiquidBronze"}],"is_trial":false,"path_per_floor":["M","?","M","$","?","R","$","M","T","M","R","M","E","M","R","B",null,"M","M","COS","M","$","E","R","M","T","M","R","E","?","$","R","B"],"character_chosen":"KOISHI","items_purchased":["Koishi:ImGoingToCallYouNow","Koishi:PhantomStrike","trackpad:CultistFigurine","Koishi:MindNumbingTerror","Koishi:DreadfulBlow","Regen Potion"],"campfire_rested":3,"item_purchase_floors":[4,7,31,31,31,31],"current_hp_per_floor":[44,38,31,31,31,49,49,58,58,56,56,56,57,58,58,23,60,59,60,60,37,37,19,37,23,23,47,60,56,56,56,56,0,0],"gold":104,"neow_bonus":"ONE_RARE_RELIC","is_daily":false,"chose_seed":false,"campfire_upgraded":3,"win_rate":0.0,"timestamp":1609161779,"path_taken":["M","?","?","$","?","R","$","M","T","M","R","M","E","M","R","BOSS","M","M","COS","M","?","E","R","M","T","M","R","E","?","?","R","BOSS"],"items_purchased_type":["Card","Card","Relic","Card","Card","Potion"],"build_version":"2020-12-22","purchased_purges":0,"victory":false,"max_hp_per_floor":[60,60,60,60,60,60,60,60,60,60,60,60,60,60,60,60,60,60,60,60,60,60,60,60,60,60,60,60,60,57,57,57,57,57],"card_choices":[{"not_picked":["Koishi:Jaunt","Koishi:HeartfeltFancy"],"picked":"Koishi:SubterraneanRose","floor":1},{"not_picked":["Koishi:UnansweredLove","Koishi:RorschachInDanmaku"],"picked":"Koishi:JumpScare","floor":3},{"not_picked":["Koishi:HeartfeltFancy","Koishi:JumpScare"],"picked":"Koishi:ReleaseOfTheId","floor":8},{"not_picked":["Koishi:EmbryosDream","Koishi:PhantomBarrier"],"picked":"Koishi:FleetingPhantom","floor":10},{"not_picked":["Koishi:RoseHell","Koishi:ReflexRadar"],"picked":"Koishi:SpiritedAway","floor":12},{"not_picked":["Koishi:BloodcurdlingScream","Koishi:FadingMemory"],"picked":"Koishi:FreudianInstinct","floor":13},{"not_picked":["Koishi:UnansweredLove","Koishi:SubconsciousSweep"],"picked":"Koishi:EmbersOfLove","floor":14},{"not_picked":["Koishi:PerfectMindControl","Koishi:FadingMemory"],"picked":"Koishi:MentalBreakdown","floor":16},{"not_picked":["Koishi:SpiritedAway","Koishi:Jaunt"],"picked":"Koishi:DNAsFlaw+1","floor":18},{"not_picked":["Koishi:GhostParty+1","Koishi:YoukaiPolygraph"],"picked":"Koishi:UnconsciousUprising","floor":19},{"not_picked":["Koishi:ApparitionsStalkTheNight","Koishi:GeneticsOfTheUnconscious+1"],"picked":"Koishi:RacingHeart+1","floor":21},{"not_picked":["Koishi:PhantomBarrier+1","Koishi:JumpScare+1"],"picked":"Koishi:Vanish","floor":23},{"not_picked":["Koishi:RollingInRichesHeart","Koishi:CatchAndRose+1"],"picked":"Koishi:StingingMind","floor":25},{"not_picked":["Koishi:StingingMind+1","Koishi:Bloodlust"],"picked":"Koishi:DreadfulBlow","floor":27},{"not_picked":["Koishi:FreudianInstinct","Koishi:UnansweredLove"],"picked":"Koishi:PhantomBarrier","floor":29}],"player_experience":353527,"relics_obtained":[{"floor":9,"key":"Boot"},{"floor":13,"key":"trackpad:ToughGloves"},{"floor":23,"key":"aspiration:SeaSaltIceCream"},{"floor":26,"key":"Koishi:BloodstainedWhiteRose"},{"floor":29,"key":"infinitespire:WardingShard"}],"event_choices":[{"damage_healed":0,"gold_gain":75,"player_choice":"Touch","damage_taken":6,"max_hp_gain":0,"max_hp_loss":0,"event_name":"FaceTrader","floor":2,"gold_loss":0},{"damage_healed":0,"gold_gain":0,"player_choice":"Ignored","damage_taken":0,"max_hp_gain":0,"max_hp_loss":0,"event_name":"betterNote:BetterNote","floor":5,"gold_loss":0,"cards_obtained":["theMarked:ThrowWeapon"]}],"is_beta":false,"boss_relics":[{"not_picked":["energizedSpire:RedRose","construct:ClawGrip"],"picked":"beaked:SacredNecklace"}],"items_purged_floors":[],"is_endless":false,"potions_floor_spawned":[1,8,10,19,21,23],"killed_by":"Gensokyo:Eternal_Rivals","ascension_level":0}}