{"host":"dcj2yvrgcvh5dl2s","time":1609137831,"event":{"mods":["BaseMod","Better Note","Block Reminder","Colored Powertips","DeckTracker","Minty Spire (QoL Compilation)","Quick Restart","Rare Cards Sparkle","Relic Stats","StSLib"],"gold_per_floor":[115,115,115,130,140,140,174,174,174,174,209,223,237,256,256,256,256],"floor_reached":16,"playtime":438,"items_purged":[],"score":213,"play_id":"7585ec01-76dd-41c4-9051-a31d5aeecd3e","local_time":"20201228164351","is_ascension_mode":true,"campfire_choices":[{"data":"Body Slam","floor":6,"key":"SMITH"},{"floor":8,"key":"REST"},{"floor":10,"key":"REST"},{"floor":15,"key":"REST"}],"circlet_count":0,"master_deck":["AscendersBane","Strike_R","Strike_R","Strike_R","Strike_R","Strike_R","Defend_R","Defend_R","Defend_R","Defend_R","Bash","Parasite","Immolate","Body Slam+1","Heavy Blade","Body Slam+1","Shockwave","Shrug It Off","Pommel Strike"],"relics":["Burning Blood","Tiny Chest","Letter Opener","Bottled Lightning","Vajra"],"acts_visited":["Exordium"],"potions_floor_usage":[7,11,12,16],"damage_taken":[{"damage":0,"enemies":"2 Louse","floor":1,"turns":1},{"damage":14,"enemies":"Jaw Worm","floor":4,"turns":5},{"damage":6,"enemies":"Cultist","floor":5,"turns":3},{"damage":73,"enemies":"Lagavulin","floor":7,"turns":9},{"damage":25,"enemies":"3 Sentries","floor":11,"turns":5},{"damage":5,"enemies":"Red Slaver","floor":12,"turns":2},{"damage":8,"enemies":"3 Louse","floor":13,"turns":3},{"damage":0,"enemies":"Gremlin Gang","floor":14,"turns":1},{"damage":67,"enemies":"Slime Boss","floor":16,"turns":9}],"seed_played":"-6821166474719786978","potions_obtained":[{"floor":1,"key":"BloodPotion"},{"floor":7,"key":"LiquidMemories"},{"floor":11,"key":"AttackPotion"},{"floor":13,"key":"Weak Potion"}],"is_trial":false,"path_per_floor":["M","?","?","M","M","R","E","R","T","R","E","M","M","M","R","B"],"character_chosen":"IRONCLAD","items_purchased":[],"campfire_rested":3,"item_purchase_floors":[],"current_hp_per_floor":[74,74,69,61,61,61,9,31,31,53,34,35,33,39,61,0,0],"gold":256,"neow_bonus":"THREE_RARE_CARDS","is_daily":false,"chose_seed":false,"campfire_upgraded":1,"win_rate":0.0,"timestamp":1609137831,"path_taken":["M","?","?","M","M","R","E","R","T","R","E","?","M","?","R","BOSS"],"items_purchased_type":[],"build_version":"2020-12-22","purchased_purges":0,"victory":false,"max_hp_per_floor":[75,75,75,75,75,75,75,75,75,75,75,75,75,75,75,75,75],"relic_stats":{"counters":[9,38],"Tiny Chest":0,"Letter Opener":[5],"obtain_stats":[{"Vajra":11,"Tiny Chest":3,"Letter Opener":7,"Bottled Lightning":9,"Burning Blood":0},{"Vajra":5,"Tiny Chest":1,"Letter Opener":4,"Bottled Lightning":4,"Burning Blood":0},{"Vajra":23,"Tiny Chest":1,"Letter Opener":18,"Bottled Lightning":18,"Burning Blood":0}],"Burning Blood":48},"card_choices":[{"not_picked":["Juggernaut","Brutality"],"picked":"Immolate","floor":0},{"not_picked":["Hemokinesis","Thunderclap"],"picked":"Body Slam","floor":1},{"not_picked":["Sentinel","Intimidate"],"picked":"Heavy Blade","floor":4},{"not_picked":["Perfected Strike","Thunderclap"],"picked":"Body Slam","floor":5},{"not_picked":["Power Through","Heavy Blade"],"picked":"Shockwave","floor":7},{"not_picked":["Heavy Blade","Clash"],"picked":"Shrug It Off","floor":11},{"not_picked":["Rupture","Armaments","Rage"],"picked":"SKIP","floor":12},{"not_picked":["Fire Breathing","Thunderclap"],"picked":"Pommel Strike","floor":13},{"not_picked":["Wild Strike","Perfected Strike","Rupture"],"picked":"SKIP","floor":14}],"player_experience":2095842,"relics_obtained":[{"floor":7,"key":"Letter Opener"},{"floor":9,"key":"Bottled Lightning"},{"floor":11,"key":"Vajra"}],"event_choices":[{"damage_healed":0,"gold_gain":0,"player_choice":"Grow","damage_taken":0,"max_hp_gain":0,"max_hp_loss":0,"event_name":"Living Wall","floor":2,"gold_loss":0,"cards_upgraded":["Body Slam"]},{"damage_healed":0,"gold_gain":0,"player_choice":"Success","damage_taken":5,"relics_obtained":["Tiny Chest"],"max_hp_gain":0,"max_hp_loss":0,"event_name":"Scrap Ooze","floor":3,"gold_loss":0}],"is_beta":false,"boss_relics":[],"items_purged_floors":[],"is_endless":false,"potions_floor_spawned":[1,7,11,13],"killed_by":"Slime Boss","ascension_level":18}}