{"host":"novohdx135h0xyrr","time":1609198296,"event":{"mods":["BaseMod","Colored Map","Colored Powertips","Highlight Path","Minty Spire (QoL Compilation)"],"gold_per_floor":[118,138,138,88,101,131,143,177,177,177,52,52,79,96,96,199,199,210,210,220,135,146,172,172,172],"floor_reached":24,"playtime":1853,"items_purged":["Defend_B"],"score":248,"play_id":"581350c4-d81f-4909-9bee-a281a0e937c0","local_time":"20201228153136","is_ascension_mode":true,"campfire_choices":[{"data":"Ball Lightning","floor":10.0,"key":"SMITH"},{"data":"Coolheaded","floor":12.0,"key":"SMITH"},{"floor":15.0,"key":"REST"}],"circlet_count":0,"master_deck":["Strike_B","Strike_B","Strike_B","Defend_B","Defend_B","Defend_B","Zap","Dualcast","Redo","Ball Lightning+1","Loop","Ball Lightning+1","Barrage","Beam Cell","Coolheaded+1","Tempest+1","White Noise","Multi-Cast","Beam Cell","Conserve Battery","Gash+1"],"relics":["Cracked Core","Bird Faced Urn","Sundial","Ice Cream","Du-Vu Doll","Busted Crown","Molten Egg 2","Smiling Mask"],"acts_visited":["Exordium","TheCity"],"potions_floor_usage":[23,24,24],"damage_taken":[{"damage":3.0,"enemies":"Jaw Worm","floor":1.0,"turns":4.0},{"damage":1.0,"enemies":"2 Louse","floor":2.0,"turns":3.0},{"damage":1.0,"enemies":"Cultist","floor":5.0,"turns":3.0},{"damage":20.0,"enemies":"3 Sentries","floor":6.0,"turns":6.0},{"damage":5.0,"enemies":"Looter","floor":7.0,"turns":2.0},{"damage":11.0,"enemies":"Gremlin Nob","floor":8.0,"turns":3.0},{"damage":7.0,"enemies":"3 Sentries","floor":13.0,"turns":3.0},{"damage":19.0,"enemies":"Exordium Wildlife","floor":14.0,"turns":2.0},{"damage":45.0,"enemies":"The Guardian","floor":16.0,"turns":8.0},{"damage":5.0,"enemies":"Spheric Guardian","floor":18.0,"turns":3.0},{"damage":17.0,"enemies":"Shell Parasite","floor":20.0,"turns":3.0},{"damage":20,"enemies":"Centurion and Healer","floor":22,"turns":6},{"damage":42,"enemies":"Book of Stabbing","floor":23,"turns":6},{"damage":8,"enemies":"Masked Bandits","floor":24,"turns":2}],"seed_played":"5805966549812314935","potions_obtained":[{"floor":6.0,"key":"BlessingOfTheForge"},{"floor":8.0,"key":"AttackPotion"},{"floor":13.0,"key":"DuplicationPotion"},{"floor":16.0,"key":"BlessingOfTheForge"},{"floor":23,"key":"SpeedPotion"}],"is_trial":false,"path_per_floor":["M","M","?","?","M","E","M","E","T","R","$","R","E","M","R","B",null,"M","?","M","?","M","E","?"],"character_chosen":"DEFECT","items_purchased":["Coolheaded"],"campfire_rested":1,"item_purchase_floors":[11],"current_hp_per_floor":[79,78,78,78,77,57,54,45,45,45,45,45,38,19,43,2,82,77,77,64,64,48,8,0,0],"gold":172,"neow_bonus":"TEN_PERCENT_HP_BONUS","is_daily":false,"chose_seed":false,"campfire_upgraded":2,"win_rate":0.0,"timestamp":1609198296,"path_taken":["M","M","?","?","M","E","M","E","T","R","$","R","E","M","R","BOSS","M","?","?","?","M","E","?"],"items_purchased_type":["Card"],"build_version":"2020-12-22","purchased_purges":1,"victory":false,"max_hp_per_floor":[82,82,82,82,82,82,82,82,82,82,82,82,82,82,82,82,82,82,82,82,82,82,82,82,82],"card_choices":[{"not_picked":["Compile Driver","Scrape"],"picked":"Redo","floor":1.0},{"not_picked":["Hello World","Doom and Gloom"],"picked":"Ball Lightning","floor":2.0},{"not_picked":["Steam Power","Compile Driver"],"picked":"Loop","floor":5.0},{"not_picked":["Multi-Cast","Self Repair"],"picked":"Ball Lightning","floor":6.0},{"not_picked":["Hello World","Redo"],"picked":"Barrage","floor":7.0},{"not_picked":["Stack","Turbo"],"picked":"Beam Cell","floor":8.0},{"not_picked":["Undo","Redo"],"picked":"Tempest","floor":13.0},{"not_picked":["Sweeping Beam","Hologram"],"picked":"White Noise","floor":14.0},{"not_picked":["Echo Form","Rainbow"],"picked":"Multi-Cast","floor":16.0},{"not_picked":[],"picked":"Beam Cell","floor":18.0},{"not_picked":[],"picked":"Conserve Battery","floor":20.0},{"not_picked":["Scrape+1"],"picked":"SKIP","floor":22},{"not_picked":[],"picked":"Gash+1","floor":23}],"player_experience":141755,"relics_obtained":[{"floor":6.0,"key":"Bird Faced Urn"},{"floor":8.0,"key":"Sundial"},{"floor":9.0,"key":"Ice Cream"},{"floor":13.0,"key":"Du-Vu Doll"},{"floor":23,"key":"Smiling Mask"}],"event_choices":[{"damage_healed":0.0,"max_hp_gain":0.0,"max_hp_loss":0.0,"gold_gain":0.0,"event_name":"Living Wall","player_choice":"Grow","floor":3.0,"gold_loss":0.0,"damage_taken":0.0,"cards_upgraded":["Ball Lightning"]},{"cards_removed":["Strike_B"],"damage_healed":0.0,"max_hp_gain":0.0,"max_hp_loss":0.0,"gold_gain":0.0,"event_name":"The Cleric","player_choice":"Card Removal","floor":4.0,"gold_loss":50.0,"damage_taken":0.0},{"damage_healed":0.0,"max_hp_gain":0.0,"max_hp_loss":0.0,"gold_gain":0.0,"event_name":"Upgrade Shrine","player_choice":"Upgraded","floor":19.0,"gold_loss":0.0,"damage_taken":0.0,"cards_upgraded":["Tempest"]},{"damage_healed":0.0,"max_hp_gain":0.0,"max_hp_loss":0.0,"gold_gain":0.0,"event_name":"Addict","player_choice":"Obtained Relic","floor":21.0,"gold_loss":85.0,"damage_taken":0.0,"relics_obtained":["Molten Egg 2"]},{"damage_healed":0,"gold_gain":0,"player_choice":"Fought Bandits","damage_taken":0,"max_hp_gain":0,"max_hp_loss":0,"event_name":"Masked Bandits","floor":24,"gold_loss":0}],"is_beta":false,"boss_relics":[{"not_picked":["SacredBark","Snecko Eye"],"picked":"Busted Crown"}],"items_purged_floors":[11],"is_endless":false,"potions_floor_spawned":[6,8,13,16,23],"killed_by":"Masked Bandits","ascension_level":1}}