{"host":"7tkrmasug91pv8cz","time":1609126344,"event":{"mods":["2.2 Compatiblity","AchievementEnabler","Ascension Reborn","BaseMod","CapriCore","DeckTracker","Hermit","Koishi","Marisa£¨Ùöéë¡¡Øª×âÞÞ£©","Minty Spire (QoL Compilation)","Permanent Neow","StSLib","SuperFastMode","The Alterego","The Cursed","The Dragon Tamer","The Gatherer","The Immortal"],"gold_per_floor":[121,145,168,182,198,215,237,267,267,26,26,57,69,92,92,208,208,220,339,356,372,9,46,46,46,108,108,108,143,155,171,171,296,296,315,332,418,212,236,266,266,283,347,347,109,121,139,139,139,139,139,139,139,177,177],"floor_reached":56,"playtime":4150,"items_purged":["Defend_P+1","Defend_P+1","Strike_P+1","Strike_P+1"],"score":1560,"play_id":"c10be65b-428b-41d1-b301-6c53615fdb0d","local_time":"20201228123224","is_ascension_mode":true,"campfire_choices":[{"data":"Defend_P+1","floor":15,"key":"PURGE"},{"data":"Defend_P+1","floor":25,"key":"PURGE"},{"data":"Strike_P+1","floor":27,"key":"PURGE"},{"data":"Adaptation","floor":32,"key":"SMITH"},{"floor":41,"key":"RECALL"},{"data":"Strike_P+1","floor":49,"key":"PURGE"},{"data":"Consecrate+1","floor":52,"key":"PURGE"}],"circlet_count":0,"master_deck":["Eruption+1","Vigilance+1","EmptyMind+1","TalkToTheHand+1","Wallop+1","Adaptation+1","Vault+1","FearNoEvil+1","SandsOfTime+1","Vault+1","Study+1"],"relics":["Black Star","Centennial Puzzle","Boot","Tiny Chest","Omamori","Unceasing Top","Question Card","Letter Opener","PreservedInsect","Peace Pipe","Prayer Wheel","Calipers","VioletLotus","Mummified Hand","Bag of Marbles","TheAbacus","Frozen Egg 2","Toy Ornithopter","War Paint","Oddly Smooth Stone","Bottled Flame","alterego_mod:SomeoneToFightFor","Toxic Egg 2","Incense Burner","Ginger","Philosopher\u0027s Stone","Lantern","Kunai","Bottled Lightning","Orrery","Potion Belt","Art of War","Bag of Preparation","Smiling Mask","Shuriken","Pear","Whetstone","Akabeko","Ice Cream"],"acts_visited":["Exordium","TheCity","TheBeyond","TheEnding"],"potions_floor_usage":[],"damage_taken":[{"damage":0,"enemies":"Cultist","floor":1,"turns":2},{"damage":0,"enemies":"Small Slimes","floor":2,"turns":3},{"damage":0,"enemies":"2 Louse","floor":3,"turns":1},{"damage":0,"enemies":"Blue Slaver","floor":4,"turns":2},{"damage":0,"enemies":"Gremlin Gang","floor":5,"turns":2},{"damage":0,"enemies":"Looter","floor":6,"turns":2},{"damage":0,"enemies":"2 Fungi Beasts","floor":7,"turns":3},{"damage":0,"enemies":"Lagavulin","floor":8,"turns":3},{"damage":0,"enemies":"3 Sentries","floor":12,"turns":2},{"damage":0,"enemies":"Blue Slaver","floor":13,"turns":2},{"damage":5,"enemies":"Gremlin Gang","floor":14,"turns":2},{"damage":16,"enemies":"The Guardian","floor":16,"turns":6},{"damage":0,"enemies":"Chosen","floor":18,"turns":3},{"damage":13,"enemies":"2 Thieves","floor":20,"turns":2},{"damage":7,"enemies":"Sentry and Sphere","floor":21,"turns":4},{"damage":0,"enemies":"Gremlin Leader","floor":23,"turns":3},{"damage":0,"enemies":"Book of Stabbing","floor":29,"turns":3},{"damage":0,"enemies":"Centurion and Healer","floor":30,"turns":3},{"damage":0,"enemies":"Snake Plant","floor":31,"turns":2},{"damage":0,"enemies":"Champ","floor":33,"turns":7},{"damage":0,"enemies":"Orb Walker","floor":35,"turns":2},{"damage":0,"enemies":"3 Darklings","floor":36,"turns":2},{"damage":0,"enemies":"Sphere and 2 Shapes","floor":39,"turns":3},{"damage":0,"enemies":"Giant Head","floor":40,"turns":4},{"damage":0,"enemies":"Writhing Mass","floor":42,"turns":2},{"damage":3,"enemies":"4 Shapes","floor":46,"turns":1},{"damage":0,"enemies":"3 Darklings","floor":47,"turns":2},{"damage":0,"enemies":"Awakened One","floor":50,"turns":3},{"damage":0,"enemies":"Shield and Spear","floor":54,"turns":2},{"damage":3,"enemies":"The Heart","floor":55,"turns":6}],"seed_played":"1259902933711327766","potions_obtained":[{"floor":1,"key":"Ancient Potion"},{"floor":1,"key":"FairyPotion"},{"floor":2,"key":"FearPotion"},{"floor":6,"key":"DistilledChaos"},{"floor":16,"key":"CultistPotion"},{"floor":40,"key":"EntropicBrew"}],"is_trial":false,"path_per_floor":["M","M","M","M","M","M","M","E","T","$","?","E","M","M","R","B",null,"M","?","M","M","$","E","T","R","T","R","?","E","M","M","R","B",null,"M","M","T","$","M","E","R","M","T","?","$","M","M","T","R","B",null,"R","$","E","B",null],"character_chosen":"WATCHER","items_purchased":["Letter Opener","Adaptation","Bag of Marbles","TheAbacus","Orrery","Shuriken"],"campfire_rested":0,"item_purchase_floors":[10,22,22,22,38,45],"current_hp_per_floor":[76,76,76,76,76,76,76,76,76,76,76,76,76,71,71,61,80,80,80,67,60,60,60,60,60,60,60,60,60,60,60,60,66,84,84,84,84,84,84,84,84,84,84,84,84,81,81,94,94,98,98,98,98,98,101],"gold":177,"neow_bonus":"BOSS_RELIC","is_daily":false,"chose_seed":false,"campfire_upgraded":1,"win_rate":0.0,"timestamp":1609126344,"path_taken":["M","M","M","M","M","M","M","E","T","$","?","E","?","M","R","BOSS","M","?","M","M","$","E","?","R","T","R","?","E","?","?","R","BOSS","M","M","?","$","M","E","R","M","T","?","?","?","M","?","R","BOSS","R","$","E","BOSS"],"items_purchased_type":["Relic","Card","Relic","Relic","Relic","Relic"],"build_version":"2020-12-22","purchased_purges":4,"victory":true,"max_hp_per_floor":[76,76,76,76,76,76,76,76,76,76,76,76,76,76,76,80,80,80,80,80,80,80,80,80,80,80,80,80,80,80,80,80,84,84,84,84,84,84,84,84,84,84,84,84,84,84,84,94,94,98,98,98,98,98,102],"card_choices":[{"not_picked":["CutThroughFate+1","Crescendo","CrushJoints"],"picked":"SKIP","floor":1},{"not_picked":["BowlingBash","FlyingSleeves","FollowUp"],"picked":"SKIP","floor":2},{"not_picked":["ClearTheMind","WaveOfTheHand"],"picked":"EmptyMind","floor":3},{"not_picked":["CrushJoints","Perseverance"],"picked":"Consecrate","floor":4},{"not_picked":["ClearTheMind","Consecrate","DeusExMachina"],"picked":"SKIP","floor":5},{"not_picked":["PathToVictory","Consecrate+1","Prostrate"],"picked":"SKIP","floor":6},{"not_picked":["WindmillStrike","WheelKick+1","FollowUp+1"],"picked":"SKIP","floor":7},{"not_picked":["WreathOfFlame","InnerPeace+1"],"picked":"TalkToTheHand+1","floor":8},{"not_picked":["Evaluate+1","ForeignInfluence","Sanctity"],"picked":"SKIP","floor":8},{"not_picked":["EmptyMind+1","CarveReality","MasterReality","SandsOfTime+1"],"picked":"SKIP","floor":12},{"not_picked":["Sanctity","ForeignInfluence","SpiritShield","Protect"],"picked":"SKIP","floor":12},{"not_picked":["FollowUp","WheelKick","SandsOfTime","FlyingSleeves+1"],"picked":"SKIP","floor":13},{"not_picked":["EmptyFist+1","EmptyMind","Prostrate","CrushJoints"],"picked":"SKIP","floor":13},{"not_picked":["CutThroughFate","SashWhip","Protect","ThirdEye"],"picked":"SKIP","floor":14},{"not_picked":["Consecrate","Sanctity","Wireheading","DeceiveReality+1"],"picked":"SKIP","floor":14},{"not_picked":["FlyingSleeves","FollowUp","Nirvana","Indignation"],"picked":"SKIP","floor":18},{"not_picked":["SandsOfTime+1","Evaluate+1","PathToVictory","Nirvana"],"picked":"SKIP","floor":18},{"not_picked":["SashWhip","Indignation","Crescendo"],"picked":"Wallop+1","floor":20},{"not_picked":["Evaluate+1","WindmillStrike+1","EmptyFist+1","Fasting2+1"],"picked":"SKIP","floor":20},{"not_picked":["Crescendo","BowlingBash+1","Establishment","PathToVictory"],"picked":"SKIP","floor":21},{"not_picked":["Protect","WindmillStrike+1","Sanctity","FollowUp"],"picked":"SKIP","floor":21},{"not_picked":["Evaluate+1","BowlingBash+1","PathToVictory+1","Crescendo+1"],"picked":"SKIP","floor":23},{"not_picked":["DeceiveReality+1","SpiritShield+1","Halt+1","Evaluate+1"],"picked":"SKIP","floor":29},{"not_picked":["Protect+1","WheelKick","JustLucky+1","EmptyBody+1"],"picked":"SKIP","floor":30},{"not_picked":["Meditate+1","WindmillStrike","ForeignInfluence+1","Pray+1"],"picked":"SKIP","floor":30},{"not_picked":["PathToVictory+1","FlurryOfBlows","SashWhip+1","Prostrate+1"],"picked":"SKIP","floor":31},{"not_picked":["WheelKick+1","ClearTheMind+1","EmptyBody+1","FlurryOfBlows"],"picked":"SKIP","floor":31},{"not_picked":["ConjureBlade+1","Blasphemy+1","LessonLearned"],"picked":"Vault+1","floor":33},{"not_picked":["Sanctity+1","JustLucky+1","Evaluate+1"],"picked":"FearNoEvil","floor":35},{"not_picked":["PathToVictory+1","FlyingSleeves+1","Pray+1","Crescendo+1"],"picked":"SKIP","floor":35},{"not_picked":["EmptyFist+1","FlurryOfBlows+1","ForeignInfluence+1"],"picked":"SandsOfTime+1","floor":36},{"not_picked":["Protect+1","Consecrate+1","CutThroughFate","EmptyMind+1"],"picked":"SKIP","floor":36},{"not_picked":["FlurryOfBlows+1","CutThroughFate+1","JustLucky+1"],"picked":"Vault+1","floor":38},{"not_picked":["Worship+1","SandsOfTime+1","SashWhip+1"],"picked":"Study+1","floor":39},{"not_picked":["BowlingBash+1","Collect+1","JustLucky+1","ThirdEye+1"],"picked":"SKIP","floor":39},{"not_picked":["JustLucky+1","FlurryOfBlows+1","Perseverance+1","FearNoEvil+1"],"picked":"SKIP","floor":40},{"not_picked":["CutThroughFate+1","Study+1","ThirdEye+1","Evaluate+1"],"picked":"SKIP","floor":42},{"not_picked":["CutThroughFate","Protect+1","FollowUp","Worship+1"],"picked":"SKIP","floor":42},{"not_picked":["Crescendo+1","WindmillStrike","Establishment+1","CutThroughFate+1"],"picked":"SKIP","floor":46},{"not_picked":["Crescendo+1","FlyingSleeves+1","WaveOfTheHand+1","InnerPeace+1"],"picked":"SKIP","floor":46},{"not_picked":["Consecrate+1","Vengeance+1","Prostrate+1","WreathOfFlame+1"],"picked":"SKIP","floor":47},{"not_picked":["TalkToTheHand+1","ThirdEye+1","Wallop+1","CrushJoints+1"],"picked":"SKIP","floor":47},{"not_picked":["SandsOfTime+1","BowlingBash","TalkToTheHand","Prostrate+1"],"picked":"SKIP","floor":54}],"player_experience":134139,"relics_obtained":[{"floor":6,"key":"Centennial Puzzle"},{"floor":7,"key":"Boot"},{"floor":8,"key":"Tiny Chest"},{"floor":8,"key":"Omamori"},{"floor":9,"key":"Unceasing Top"},{"floor":9,"key":"Question Card"},{"floor":11,"key":"PreservedInsect"},{"floor":12,"key":"Peace Pipe"},{"floor":12,"key":"Prayer Wheel"},{"floor":16,"key":"Calipers"},{"floor":21,"key":"Mummified Hand"},{"floor":23,"key":"Frozen Egg 2"},{"floor":23,"key":"Toy Ornithopter"},{"floor":24,"key":"War Paint"},{"floor":26,"key":"Oddly Smooth Stone"},{"floor":26,"key":"Bottled Flame"},{"floor":29,"key":"Toxic Egg 2"},{"floor":29,"key":"Incense Burner"},{"floor":33,"key":"Ginger"},{"floor":35,"key":"Lantern"},{"floor":37,"key":"Kunai"},{"floor":37,"key":"Bottled Lightning"},{"floor":40,"key":"Potion Belt"},{"floor":40,"key":"Art of War"},{"floor":43,"key":"Bag of Preparation"},{"floor":43,"key":"Smiling Mask"},{"floor":48,"key":"Pear"},{"floor":48,"key":"Whetstone"},{"floor":54,"key":"Akabeko"},{"floor":54,"key":"Ice Cream"}],"event_choices":[{"damage_healed":0,"gold_gain":0,"player_choice":"Relic","damage_taken":0,"max_hp_gain":0,"max_hp_loss":0,"event_name":"Wheel of Change","floor":11,"gold_loss":0},{"damage_healed":0,"gold_gain":99,"player_choice":"Stole From Cult","damage_taken":0,"max_hp_gain":0,"max_hp_loss":0,"event_name":"Nest","floor":19,"gold_loss":0},{"damage_healed":0,"gold_gain":0,"player_choice":"Choice 2","damage_taken":0,"relics_obtained":["alterego_mod:SomeoneToFightFor"],"max_hp_gain":0,"max_hp_loss":0,"event_name":"Secret Garden","floor":28,"gold_loss":0},{"damage_healed":0,"gold_gain":0,"player_choice":"Ignored","damage_taken":0,"max_hp_gain":0,"max_hp_loss":0,"event_name":"Tomb of Lord Red Mask","floor":44,"gold_loss":0}],"is_beta":false,"boss_relics":[{"not_picked":["Tiny House","SacredBark"],"picked":"VioletLotus"},{"not_picked":["Velvet Choker","Runic Dome"],"picked":"Philosopher\u0027s Stone"}],"items_purged_floors":[10,22,38,45],"is_endless":false,"potions_floor_spawned":[1,2,7,14,16,18,21,31,36,42,47],"ascension_level":0}}