{"host":"sh8ot41fo7a0kahq","time":1609123844,"event":{"mods":["ATMod(°¢èªMod)","BaseMod","Better Third Choice","Colored Powertips","Displayed Cursed Tome","Minty Spire (QoL Compilation)","Quick Restart","Spicy Shops","StSLib","UnlockEverythingMod","¡¾ÒÅÎï¿¨ÅÆ¡¿REMEMod"],"gold_per_floor":[114,128,144,144,144,144,176,176,245,7,33,33,62,82,82,181,181,194,119,139,139,139,139,165,179,202,212,212,245,257,283,283,380,380,395,395,410,423,156,190,204,231,231,231,231,231,264,282,282,407,407,407,46,278,378],"floor_reached":56,"playtime":1418,"items_purged":["Defend_P","Defend_P","Strike_P"],"score":2129,"play_id":"b26813eb-b3aa-4074-b9db-f83e92edf821","local_time":"20201228105044","is_ascension_mode":true,"campfire_choices":[{"data":"Eruption","floor":6.0,"key":"SMITH"},{"data":"AT_IchimonjiDouble","floor":8.0,"key":"SMITH"},{"data":"REME_ACTH","floor":12.0,"key":"SMITH"},{"data":"AT_OneInchPunch","floor":15.0,"key":"SMITH"},{"data":"Crescendo","floor":23.0,"key":"SMITH"},{"data":"Ragnarok","floor":28.0,"key":"SMITH"},{"data":"MasterReality","floor":32.0,"key":"SMITH"},{"floor":44,"key":"RECALL"},{"data":"Strike_P","floor":49,"key":"PURGE"},{"data":"Defend_P","floor":52,"key":"PURGE"}],"circlet_count":0,"master_deck":["Eruption+1","Vigilance","AT_IchimonjiDouble+1","REME_ACTH+1","AT_OneInchPunch+1","InnerPeace","MasterReality+1","Ragnarok+1","FlurryOfBlows","AT_RealColorLess+1","Crescendo+1","FearNoEvil+1","Tantrum","WheelKick+1","Wallop","Wallop+1"],"relics":["HolyWater","AT_ATBox","REME_ComplimentaryCards","NeowsBlessing","Bronze Scales","HornCleat","Medical Kit","AT_RedTearstoneRing","Art of War","Nilry\u0027s Codex","AT_ChloranthyRing","REME_HandOfSuture","Smiling Mask","Strawberry","AT_TrinityForce","OrangePellets","Ornamental Fan","Peace Pipe","AT_TheCollector","REME_HourglassOfDeath","Nunchaku"],"acts_visited":["Exordium","TheCity","TheBeyond","TheEnding"],"potions_floor_usage":[55],"damage_taken":[{"damage":0.0,"enemies":"Small Slimes","floor":1.0,"turns":1.0},{"damage":0.0,"enemies":"Jaw Worm","floor":2.0,"turns":1.0},{"damage":0.0,"enemies":"Cultist","floor":3.0,"turns":1.0},{"damage":7.0,"enemies":"Lagavulin","floor":7.0,"turns":4.0},{"damage":10.0,"enemies":"3 Sentries","floor":11.0,"turns":5.0},{"damage":2.0,"enemies":"Gremlin Nob","floor":13.0,"turns":2.0},{"damage":8.0,"enemies":"Exordium Wildlife","floor":14.0,"turns":2.0},{"damage":0.0,"enemies":"Slime Boss","floor":16.0,"turns":3.0},{"damage":7.0,"enemies":"3 Byrds","floor":18.0,"turns":3.0},{"damage":0.0,"enemies":"Chosen","floor":20.0,"turns":2.0},{"damage":6.0,"enemies":"Gremlin Leader","floor":24.0,"turns":2.0},{"damage":19.0,"enemies":"Snake Plant","floor":25.0,"turns":2.0},{"damage":0.0,"enemies":"Centurion and Healer","floor":27.0,"turns":2.0},{"damage":0.0,"enemies":"Slavers","floor":29.0,"turns":1.0},{"damage":0.0,"enemies":"Chosen and Byrds","floor":30.0,"turns":1.0},{"damage":0.0,"enemies":"Gremlin Leader","floor":31.0,"turns":1.0},{"damage":0.0,"enemies":"Champ","floor":33.0,"turns":1.0},{"damage":0.0,"enemies":"Orb Walker","floor":35.0,"turns":1.0},{"damage":4.0,"enemies":"3 Darklings","floor":37.0,"turns":2.0},{"damage":0.0,"enemies":"Jaw Worm Horde","floor":38.0,"turns":1.0},{"damage":0,"enemies":"Reptomancer","floor":40,"turns":1},{"damage":0,"enemies":"Sphere and 2 Shapes","floor":41,"turns":1},{"damage":0,"enemies":"Giant Head","floor":42,"turns":2},{"damage":0,"enemies":"Nemesis","floor":47,"turns":2},{"damage":0,"enemies":"Maw","floor":48,"turns":1},{"damage":0,"enemies":"Time Eater","floor":50,"turns":2},{"damage":0,"enemies":"Shield and Spear","floor":54,"turns":1},{"damage":20,"enemies":"The Heart","floor":55,"turns":4}],"seed_played":"-3419075106796517741","potions_obtained":[{"floor":3.0,"key":"Explosive Potion"},{"floor":7.0,"key":"REME_GoldPotion"},{"floor":11.0,"key":"PowerPotion"},{"floor":25.0,"key":"BottledMiracle"},{"floor":41,"key":"FearPotion"}],"is_trial":false,"path_per_floor":["M","M","M","?","?","R","E","R","T","$","E","R","E","M","R","B",null,"M","$","M","?","?","R","E","M","T","M","R","E","M","E","R","B",null,"M","?","M","M","$","E","M","E","T","R","?","?","E","M","R","B",null,"R","$","E","B",null],"character_chosen":"WATCHER","items_purchased":["Medical Kit","Ragnarok","OrangePellets","Tantrum","Wallop","REME_HourglassOfDeath"],"campfire_rested":0,"item_purchase_floors":[10,10,39,39,53,53],"current_hp_per_floor":[65,65,65,65,58,58,51,51,51,51,41,41,39,31,31,31,62,55,55,55,39,39,39,33,14,14,14,14,14,14,21,21,21,65,65,65,61,61,61,61,61,61,61,61,61,61,61,61,61,61,72,72,72,72,52],"gold":378,"neow_bonus":"THREE_ENEMY_KILL","is_daily":false,"chose_seed":false,"campfire_upgraded":7,"win_rate":0.0,"timestamp":1609123844,"path_taken":["M","M","M","?","?","R","E","R","T","?","E","R","E","M","R","BOSS","M","?","M","?","?","R","E","M","T","M","R","E","?","E","R","BOSS","M","?","M","M","$","E","M","E","T","R","?","?","E","?","R","BOSS","R","$","E","BOSS"],"items_purchased_type":["Relic","Card","Relic","Card","Card","Relic"],"build_version":"2020-12-22","purchased_purges":3,"victory":true,"max_hp_per_floor":[72,72,72,72,72,72,72,72,72,72,72,72,72,72,72,72,72,72,72,72,72,72,72,72,72,72,72,72,72,72,79,79,79,79,79,79,79,79,79,79,79,79,79,79,75,75,75,75,75,75,75,75,75,75,75],"card_choices":[{"not_picked":["WheelKick","JustLucky"],"picked":"AT_OneInchPunch","floor":1.0},{"not_picked":["FlurryOfBlows","SandsOfTime"],"picked":"InnerPeace","floor":2.0},{"not_picked":["Halt","Worship","JustLucky"],"picked":"SKIP","floor":3.0},{"not_picked":["PathToVictory","WreathOfFlame"],"picked":"MasterReality","floor":7.0},{"not_picked":["JustLucky","Consecrate"],"picked":"FlurryOfBlows","floor":11.0},{"not_picked":["SashWhip","WheelKick"],"picked":"AT_RealColorLess","floor":13.0},{"not_picked":["Protect","Vengeance"],"picked":"Crescendo","floor":14.0},{"not_picked":["Fasting2","Swivel","CutThroughFate+1"],"picked":"SKIP","floor":18.0},{"not_picked":["FlyingSleeves","CarveReality","InnerPeace"],"picked":"SKIP","floor":20.0},{"not_picked":["Crescendo+1","InnerPeace","MentalFortress"],"picked":"SKIP","floor":24.0},{"not_picked":["Consecrate","Meditate","AT_RealFormLess"],"picked":"SKIP","floor":25.0},{"not_picked":["FollowUp","PathToVictory","Protect"],"picked":"SKIP","floor":27.0},{"not_picked":["WindmillStrike+1","Consecrate","REME_WorshipGod"],"picked":"SKIP","floor":29.0},{"not_picked":["Worship","Protect"],"picked":"FearNoEvil+1","floor":30.0},{"not_picked":["AT_ChampionKick","Evaluate","REME_Repentance"],"picked":"SKIP","floor":31.0},{"not_picked":["REME_Repentance","Consecrate","Evaluate"],"picked":"SKIP","floor":35.0},{"not_picked":["WaveOfTheHand","Sanctity","FollowUp"],"picked":"SKIP","floor":37.0},{"not_picked":["PathToVictory+1","Consecrate","AT_RealColorLess"],"picked":"SKIP","floor":38.0},{"not_picked":["Crescendo","AT_ChampionStep+1"],"picked":"WheelKick+1","floor":40},{"not_picked":["FlyingSleeves+1","REME_Repentance+1","LikeWater+1"],"picked":"SKIP","floor":41},{"not_picked":["FlyingSleeves+1","REME_Repentance+1","LikeWater+1"],"picked":"SKIP","floor":41},{"not_picked":["AT_SoftenMuscles+1","Worship","ClearTheMind+1"],"picked":"SKIP","floor":42},{"not_picked":["JustLucky","ThirdEye+1","CrushJoints"],"picked":"SKIP","floor":47},{"not_picked":["CutThroughFate+1","WaveOfTheHand","ReachHeaven+1"],"picked":"SKIP","floor":48},{"not_picked":["AT_SoftenMuscles+1","Pray"],"picked":"Wallop+1","floor":54}],"player_experience":303646,"relics_obtained":[{"floor":7.0,"key":"Bronze Scales"},{"floor":9.0,"key":"HornCleat"},{"floor":11.0,"key":"AT_RedTearstoneRing"},{"floor":13.0,"key":"Art of War"},{"floor":24.0,"key":"AT_ChloranthyRing"},{"floor":26.0,"key":"REME_HandOfSuture"},{"floor":29.0,"key":"Smiling Mask"},{"floor":31.0,"key":"Strawberry"},{"floor":40,"key":"Ornamental Fan"},{"floor":42,"key":"Peace Pipe"},{"floor":47,"key":"AT_TheCollector"},{"floor":54,"key":"Nunchaku"}],"event_choices":[{"damage_healed":0.0,"max_hp_gain":0.0,"max_hp_loss":0.0,"gold_gain":0.0,"event_name":"betterThird:BetterSerpent","player_choice":"Ignored","floor":4.0,"gold_loss":0.0,"damage_taken":144.0},{"cards_removed":["Strike_P"],"damage_healed":0.0,"max_hp_gain":0.0,"max_hp_loss":0.0,"gold_gain":0.0,"event_name":"Golden Wing","player_choice":"Card Removal","floor":5.0,"gold_loss":0.0,"damage_taken":7.0},{"damage_healed":0.0,"max_hp_gain":0.0,"max_hp_loss":0.0,"gold_gain":0.0,"event_name":"Cursed Tome","player_choice":"Obtained Book","floor":21.0,"gold_loss":0.0,"damage_taken":16.0},{"damage_healed":0.0,"max_hp_gain":0.0,"max_hp_loss":0.0,"gold_gain":0.0,"event_name":"Upgrade Shrine","player_choice":"Upgraded","floor":22.0,"gold_loss":0.0,"damage_taken":0.0,"cards_upgraded":["AT_RealColorLess"]},{"cards_removed":["Strike_P"],"damage_healed":0.0,"max_hp_gain":0.0,"max_hp_loss":0.0,"gold_gain":0.0,"event_name":"Falling","player_choice":"Removed Attack","floor":36.0,"gold_loss":0.0,"damage_taken":0.0},{"damage_healed":0,"gold_gain":0,"player_choice":"Max HP","damage_taken":0,"max_hp_gain":0,"max_hp_loss":4,"event_name":"Winding Halls","floor":45,"gold_loss":0},{"cards_removed":["Defend_P"],"damage_healed":0,"gold_gain":0,"player_choice":"Offered Basic","damage_taken":0,"max_hp_gain":0,"max_hp_loss":0,"event_name":"Bonfire Elementals","floor":46,"gold_loss":0}],"is_beta":false,"boss_relics":[{"not_picked":["Tiny House","Fusion Hammer"],"picked":"HolyWater"},{"not_picked":["SacredBark","REME_LowDesire"],"picked":"AT_TrinityForce"}],"items_purged_floors":[19,39,53],"is_endless":false,"potions_floor_spawned":[3,7,11,16,20,25,27,29,33,41,42],"ascension_level":6}}