{"host":"cxvb37eaaiijvrl4","time":1609132322,"event":{"mods":["ATMod(阿瑾Mod)","BaseMod","Better Third Choice","Minty Spire (QoL Compilation)","MostiFishMod","Quick Restart","Rare Cards Sparkle","Shop Mod","Spicy Shops","StSLib","TestMod","Uncapped","残留之物"],"gold_per_floor":[214,229,54,68,68,68,110,136,136,164,193,193,268,289,289,401,401,423,298,327,345,345,345,260,303,303,303,340,358,377,388,388,492,492,511,364,376,396,413,413,447,447,471,515,195,233,233,233,233,233,233,233,1,35,35],"floor_reached":56,"playtime":2897,"items_purged":["PlaceholderMod:BaseStrike","PlaceholderMod:BaseDefend","PlaceholderMod:BaseStrike","PlaceholderMod:BaseDefend"],"score":1521,"play_id":"df4ac48e-1142-441f-9f5d-2762e6718512","local_time":"20201227211202","is_ascension_mode":true,"campfire_choices":[{"data":"AT_ThistleTea","floor":6.0,"key":"SMITH"},{"floor":12.0,"key":"REST"},{"data":"PlaceholderMod:ComplexForm","floor":15.0,"key":"SMITH"},{"data":"PlaceholderMod:GrowthForm","floor":23.0,"key":"SMITH"},{"data":"PlaceholderMod:Stable","floor":32.0,"key":"SMITH"},{"data":"PlaceholderMod:FinalSpray","floor":40.0,"key":"SMITH"},{"data":"PlaceholderMod:SelfCoupling","floor":42.0,"key":"SMITH"},{"floor":49.0,"key":"RECALL"},{"data":"PlaceholderMod:DoublePoint","floor":52,"key":"SMITH"}],"circlet_count":0,"master_deck":["PlaceholderMod:Crystal","AT_ThistleTea+1","PlaceholderMod:Stable+1","PlaceholderMod:GrowthForm+1","PlaceholderMod:DiffusionChemical+1","PlaceholderMod:PoisonAbsorb","PlaceholderMod:HardStrike+1","PlaceholderMod:FinalSpray+1","PlaceholderMod:HighConcentration+1","PlaceholderMod:Colorful","PlaceholderMod:SelfCoupling+1","PlaceholderMod:DoublePoint+1","PlaceholderMod:PoisonAbsorb","PlaceholderMod:Colorful+1"],"relics":["PlaceholderMod:Tancle","testmod-TestBox","AT_ATBox","testmod-TurbochargingSystem","White Beast Statue","SynthV:TestCard","CeramicFish","AT_BladeRuinedKing","Gremlin Horn","SacredBark","testmod-ArcanaOfDestiny","PreservedInsect","PlaceholderMod:SoulofChaos","Mercury Hourglass","AT_ArchangelStaff","Anchor","Smiling Mask","Technique","MerchantsRug","Centennial Puzzle","DaveBox","Ying","PlaceholderMod:Abhoth"],"acts_visited":["Exordium","TheCity","TheBeyond","TheEnding"],"potions_floor_usage":[54,55,55,55],"damage_taken":[{"damage":9.0,"enemies":"Jaw Worm","floor":1.0,"turns":6.0},{"damage":0.0,"enemies":"Cultist","floor":2.0,"turns":4.0},{"damage":4.0,"enemies":"Small Slimes","floor":4.0,"turns":4.0},{"damage":6.0,"enemies":"Gremlin Nob","floor":7.0,"turns":4.0},{"damage":15.0,"enemies":"Red Slaver","floor":8.0,"turns":4.0},{"damage":17.0,"enemies":"3 Louse","floor":10.0,"turns":3.0},{"damage":18.0,"enemies":"3 Sentries","floor":11.0,"turns":7.0},{"damage":4.0,"enemies":"2 Fungi Beasts","floor":14.0,"turns":3.0},{"damage":18.0,"enemies":"Slime Boss","floor":16.0,"turns":5.0},{"damage":7.0,"enemies":"Chosen","floor":18.0,"turns":4.0},{"damage":22.0,"enemies":"Shell Parasite","floor":20.0,"turns":5.0},{"damage":23.0,"enemies":"Book of Stabbing","floor":25.0,"turns":8.0},{"damage":6.0,"enemies":"Gremlin Leader","floor":28.0,"turns":4.0},{"damage":7.0,"enemies":"Centurion and Healer","floor":29.0,"turns":5.0},{"damage":12.0,"enemies":"Sentry and Sphere","floor":30.0,"turns":8.0},{"damage":12.0,"enemies":"Shelled Parasite and Fungi","floor":31.0,"turns":3.0},{"damage":14.0,"enemies":"Champ","floor":33.0,"turns":8.0},{"damage":32.0,"enemies":"3 Shapes","floor":35.0,"turns":4.0},{"damage":17.0,"enemies":"Orb Walker","floor":37.0,"turns":6.0},{"damage":0.0,"enemies":"Spire Growth","floor":38.0,"turns":8.0},{"damage":10.0,"enemies":"Transient","floor":39.0,"turns":5.0},{"damage":0.0,"enemies":"Reptomancer","floor":41.0,"turns":3.0},{"damage":0.0,"enemies":"Giant Head","floor":44.0,"turns":5.0},{"damage":20.0,"enemies":"Nemesis","floor":46.0,"turns":5.0},{"damage":0,"enemies":"Time Eater","floor":50,"turns":4},{"damage":0,"enemies":"Shield and Spear","floor":54,"turns":2},{"damage":8,"enemies":"The Heart","floor":55,"turns":4}],"seed_played":"-5697057980244903876","potions_obtained":[{"floor":1.0,"key":"PowerPotion"},{"floor":2.0,"key":"EssenceOfSteel"},{"floor":4.0,"key":"Strength Potion"},{"floor":7.0,"key":"PowerPotion"},{"floor":8.0,"key":"BlessingOfTheForge"},{"floor":10.0,"key":"Strength Potion"},{"floor":11.0,"key":"FearPotion"},{"floor":16.0,"key":"Explosive Potion"},{"floor":18.0,"key":"Regen Potion"},{"floor":20.0,"key":"SpeedPotion"},{"floor":25.0,"key":"PowerPotion"},{"floor":28.0,"key":"Swift Potion"},{"floor":30.0,"key":"Weak Potion"},{"floor":31.0,"key":"Block Potion"},{"floor":33.0,"key":"AttackPotion"},{"floor":35.0,"key":"EssenceOfSteel"},{"floor":37.0,"key":"Energy Potion"},{"floor":38.0,"key":"Energy Potion"},{"floor":41.0,"key":"Strength Potion"},{"floor":44.0,"key":"Weak Potion"},{"floor":46.0,"key":"FairyPotion"}],"is_trial":false,"path_per_floor":["M","M","$","M","?","R","E","M","T","M","E","R","?","M","R","B",null,"M","$","M","?","?","R","?","E","T","?","E","M","M","M","R","B",null,"M","$","M","M","M","R","E","R","T","E","$","E","?","?","R","B",null,"R","$","E","B",null],"character_chosen":"THE_PLACEHOLDER","items_purchased":["AT_ArchangelStaff","Technique","MerchantsRug","EntropicBrew","PlaceholderMod:Abhoth","Energy Potion"],"campfire_rested":1,"item_purchase_floors":[36,45,45,45,53,53],"current_hp_per_floor":[69,69,69,65,65,65,59,44,44,27,9,32,25,21,21,3,78,71,71,49,49,49,49,49,78,78,81,75,71,59,47,47,33,84,52,52,35,35,25,25,25,25,25,25,25,5,8,11,11,11,90,90,90,90,82],"gold":35,"neow_bonus":"HUNDRED_GOLD","is_daily":false,"chose_seed":false,"campfire_upgraded":7,"win_rate":0.0,"timestamp":1609132322,"path_taken":["M","M","$","M","?","R","E","?","T","M","E","R","?","M","R","BOSS","M","$","M","?","?","R","?","E","T","?","E","?","M","M","R","BOSS","M","$","M","M","M","R","E","R","T","E","$","E","?","?","R","BOSS","R","$","E","BOSS"],"items_purchased_type":["Relic","Relic","Relic","Potion","Relic","Potion"],"build_version":"2020-12-22","purchased_purges":4,"victory":true,"max_hp_per_floor":[78,78,78,78,78,78,78,78,78,78,78,78,78,78,78,78,78,78,78,78,78,78,78,78,78,78,81,81,84,84,84,84,84,84,84,84,84,84,84,84,84,84,84,84,84,84,87,90,90,90,90,90,90,90,90],"card_choices":[{"not_picked":["PlaceholderMod:Hyperplasia","PlaceholderMod:HardStinger"],"picked":"PlaceholderMod:Stable","floor":1.0},{"not_picked":["PlaceholderMod:AttackAsDefend","PlaceholderMod:PoisonExcitation","PlaceholderMod:ParasiteChange","PlaceholderMod:ContinueSpray"],"picked":"PlaceholderMod:DirectingGroup","floor":2.0},{"not_picked":["PlaceholderMod:ProliferateStrike","PlaceholderMod:MultipleOxi","PlaceholderMod:Hard","PlaceholderMod:Internalization"],"picked":"PlaceholderMod:ComplexForm","floor":4.0},{"not_picked":["PlaceholderMod:DirectingGroup","PlaceholderMod:StressReaction","PlaceholderMod:TriggerStrike","PlaceholderMod:EnergyAbsorb"],"picked":"PlaceholderMod:PericyclicReaction","floor":7.0},{"not_picked":["PlaceholderMod:DirectingGroup","PlaceholderMod:ProliferateStrike","PlaceholderMod:Polyp","PlaceholderMod:Internalization"],"picked":"PlaceholderMod:HardStinger","floor":8.0},{"not_picked":["PlaceholderMod:Hard","PlaceholderMod:UnpureUse","PlaceholderMod:InnerSoften","PlaceholderMod:HealingAttack"],"picked":"PlaceholderMod:SeverePoisonStrike","floor":10.0},{"not_picked":["PlaceholderMod:EnergyAbsorb","PlaceholderMod:OHStrongAttack","PlaceholderMod:SelectReaction","PlaceholderMod:ConsolidateHit","PlaceholderMod:SprayAttack"],"picked":"SKIP","floor":11.0},{"not_picked":["PlaceholderMod:StressReaction","PlaceholderMod:ParasiteChange","PlaceholderMod:ReactionCatalyze","PlaceholderMod:SelectReaction"],"picked":"PlaceholderMod:SpinBlade","floor":14.0},{"not_picked":["PlaceholderMod:InnerSoften","PlaceholderMod:Activation","PlaceholderMod:Inner","PlaceholderMod:SelfCoupling"],"picked":"PlaceholderMod:GrowthForm","floor":16.0},{"not_picked":["PlaceholderMod:AngryAttack","PlaceholderMod:CycleAttack","PlaceholderMod:Turn+1","PlaceholderMod:UnpureUse"],"picked":"PlaceholderMod:DiffusionChemical","floor":18.0},{"not_picked":["PlaceholderMod:Hyperplasia","PlaceholderMod:Internalization+1","PlaceholderMod:DoublePoint","PlaceholderMod:PoisonExcitation"],"picked":"PlaceholderMod:PoisonAbsorb","floor":20.0},{"not_picked":["PlaceholderMod:ThreeBenzyolStart","PlaceholderMod:HornyCollision","PlaceholderMod:Break","PlaceholderMod:MultipleOxi"],"picked":"PlaceholderMod:InnerStable","floor":25.0},{"not_picked":["PlaceholderMod:SeverePoisonStrike+1","PlaceholderMod:ProliferateStrike","PlaceholderMod:Sweep+1","PlaceholderMod:CrystallizationStrike"],"picked":"PlaceholderMod:HardStrike","floor":28.0},{"not_picked":["PlaceholderMod:Sweep","PlaceholderMod:DissolvingSpikes+1","PlaceholderMod:AttackAsDefend+1","PlaceholderMod:HardStinger","PlaceholderMod:SeverePoisonStrike"],"picked":"SKIP","floor":29.0},{"not_picked":["PlaceholderMod:ParasiteChange+1","PlaceholderMod:NutritionAbsorb","PlaceholderMod:NearChange","PlaceholderMod:ConsolidateHit","PlaceholderMod:StrongAcid"],"picked":"SKIP","floor":30.0},{"not_picked":["PlaceholderMod:RadicalHit","PlaceholderMod:Turn","PlaceholderMod:TriggerStrike","PlaceholderMod:Inner","PlaceholderMod:ComplexForm"],"picked":"SKIP","floor":31.0},{"not_picked":["PlaceholderMod:ReactionCatalyze","PlaceholderMod:MultiReaction","PlaceholderMod:GrowthForm","PlaceholderMod:SelfCoupling"],"picked":"PlaceholderMod:FinalSpray","floor":33.0},{"not_picked":["PlaceholderMod:CycleAttack","PlaceholderMod:PoisonExcitation+1","PlaceholderMod:SeverePoisonStrike+1","PlaceholderMod:Colorful"],"picked":"PlaceholderMod:HighConcentration+1","floor":35.0},{"not_picked":["PlaceholderMod:Internalization","PlaceholderMod:EnergyAbsorb+1","PlaceholderMod:HornyBlast+1","PlaceholderMod:Polyp","PlaceholderMod:SpinBlade"],"picked":"SKIP","floor":37.0},{"not_picked":["PlaceholderMod:OHStrongAttack","PlaceholderMod:AttackAsDefend+1","PlaceholderMod:TriggerStrike+1","PlaceholderMod:StressReaction"],"picked":"PlaceholderMod:Colorful","floor":38.0},{"not_picked":["PlaceholderMod:Polyp+1","PlaceholderMod:Turn","PlaceholderMod:StrongAcid+1","PlaceholderMod:HardStinger+1","PlaceholderMod:Sweep"],"picked":"SKIP","floor":39.0},{"not_picked":["PlaceholderMod:SprayAttack","PlaceholderMod:Stable+1","PlaceholderMod:HardStrike","PlaceholderMod:StrongAcid"],"picked":"PlaceholderMod:SelfCoupling","floor":41.0},{"not_picked":["PlaceholderMod:RadicalHit","PlaceholderMod:TriggerStrike","PlaceholderMod:DoublePoint","PlaceholderMod:StressReaction","PlaceholderMod:ComplexForm+1"],"picked":"SKIP","floor":44.0},{"not_picked":["PlaceholderMod:RadicalHit","PlaceholderMod:TriggerStrike","PlaceholderMod:StressReaction","PlaceholderMod:ComplexForm+1"],"picked":"PlaceholderMod:DoublePoint","floor":44.0},{"not_picked":["PlaceholderMod:Crystallization","PlaceholderMod:AttackAsDefend+1","PlaceholderMod:SubstitutionNucleophilic1","PlaceholderMod:DissolvingSpikes+1"],"picked":"PlaceholderMod:PoisonAbsorb","floor":46.0},{"not_picked":["PlaceholderMod:MultipleOxi+1","PlaceholderMod:Activation","PlaceholderMod:Inner","PlaceholderMod:PoisonExcitation"],"picked":"PlaceholderMod:Colorful+1","floor":54}],"player_experience":668122,"relics_obtained":[{"floor":1.0,"key":"SynthV:TestCard"},{"floor":7.0,"key":"CeramicFish"},{"floor":9.0,"key":"AT_BladeRuinedKing"},{"floor":11.0,"key":"Gremlin Horn"},{"floor":25.0,"key":"PreservedInsect"},{"floor":26.0,"key":"PlaceholderMod:SoulofChaos"},{"floor":28.0,"key":"Mercury Hourglass"},{"floor":41.0,"key":"Anchor"},{"floor":44.0,"key":"Smiling Mask"},{"floor":46.0,"key":"Centennial Puzzle"}],"event_choices":[{"cards_removed":["PlaceholderMod:BaseStrike"],"damage_healed":0.0,"max_hp_gain":0.0,"max_hp_loss":0.0,"gold_gain":0.0,"event_name":"Bonfire Elementals","player_choice":"Offered Basic","floor":5.0,"gold_loss":0.0,"damage_taken":0.0},{"damage_healed":0.0,"max_hp_gain":0.0,"max_hp_loss":0.0,"gold_gain":75.0,"event_name":"FaceTrader","player_choice":"Touch","floor":13.0,"gold_loss":0.0,"damage_taken":7.0},{"damage_healed":0.0,"max_hp_gain":0.0,"max_hp_loss":0.0,"gold_gain":0.0,"cards_transformed":["PlaceholderMod:BaseStrike","PlaceholderMod:BaseStrike"],"event_name":"Drug Dealer","player_choice":"Became Test Subject","floor":21.0,"gold_loss":0.0,"damage_taken":0.0,"cards_obtained":["PlaceholderMod:StressReaction","PlaceholderMod:ParasiteChange"]},{"damage_healed":0.0,"max_hp_gain":0.0,"max_hp_loss":0.0,"gold_gain":0.0,"event_name":"The Mausoleum","player_choice":"Ignored","floor":22.0,"gold_loss":0.0,"damage_taken":0.0},{"damage_healed":0.0,"max_hp_gain":0.0,"max_hp_loss":0.0,"gold_gain":0.0,"event_name":"Addict","player_choice":"Obtained Relic","floor":24.0,"gold_loss":85.0,"damage_taken":0.0,"relics_obtained":["testmod-ArcanaOfDestiny"]},{"cards_removed":["PlaceholderMod:PoisonWhip"],"damage_healed":0.0,"max_hp_gain":0.0,"max_hp_loss":0.0,"gold_gain":0.0,"event_name":"Purifier","player_choice":"Purged","floor":27.0,"gold_loss":0.0,"damage_taken":0.0},{"damage_healed":0.0,"max_hp_gain":0.0,"max_hp_loss":0.0,"gold_gain":0.0,"event_name":"给自己的盒子","player_choice":"Swap Relic","floor":47.0,"relics_lost":["DaveBox"],"gold_loss":0.0,"damage_taken":0.0,"relics_obtained":["DaveBox"]},{"damage_healed":0.0,"max_hp_gain":0.0,"max_hp_loss":0.0,"gold_gain":0.0,"event_name":"Match and Keep!","player_choice":"0 cards matched","floor":48.0,"gold_loss":0.0,"damage_taken":0.0,"cards_obtained":[]}],"is_beta":false,"boss_relics":[{"not_picked":["SynthV:MejaisSoulstealer","FixedStarFall"],"picked":"SacredBark"},{"not_picked":["TimeKeys","Runic Pyramid"],"picked":"testmod-KeyOfTheVoid"}],"items_purged_floors":[3,3,19,45],"is_endless":false,"potions_floor_spawned":[1,2,4,7,8,10,11,14,16,18,20,25,28,29,30,31,33,35,37,38,39,41,44,46,54],"ascension_level":2}}