{"host":"pynofkhbweftzsaw","time":1609160596,"event":{"mods":["BaseMod","Colored Map","Minty Spire (QoL Compilation)","StSLib"],"gold_per_floor":[115,115,131,231,245,277,277,208,235,266,266,266,266,276,276,276,276],"floor_reached":16,"playtime":864,"items_purged":[],"score":108,"play_id":"26299948-3362-4313-8fe5-608465222f1f","local_time":"20201228210316","is_ascension_mode":false,"campfire_choices":[{"floor":7,"key":"REST"},{"floor":12,"key":"REST"},{"data":"Neutralize","floor":15,"key":"SMITH"}],"circlet_count":0,"master_deck":["Strike_G","Strike_G","Strike_G","Strike_G","Strike_G","Defend_G","Defend_G","Defend_G","Defend_G","Defend_G","Survivor","Neutralize+1","Tactician","Quick Slash","Blur","Blur","Adrenaline+1","Dodge and Roll+1"],"relics":["Philosopher\u0027s Stone","Boot","Anchor","Toxic Egg 2"],"acts_visited":["Exordium"],"potions_floor_usage":[6,16],"damage_taken":[{"damage":0,"enemies":"Jaw Worm","floor":1,"turns":4},{"damage":0,"enemies":"2 Louse","floor":3,"turns":2},{"damage":0,"enemies":"Cultist","floor":5,"turns":4},{"damage":57,"enemies":"Gremlin Nob","floor":6,"turns":6},{"damage":17,"enemies":"3 Sentries","floor":10,"turns":12},{"damage":0,"enemies":"Blue Slaver","floor":14,"turns":4},{"damage":27,"enemies":"Slime Boss","floor":16,"turns":6}],"seed_played":"4595971021855764426","potions_obtained":[{"floor":3,"key":"DistilledChaos"},{"floor":6,"key":"GamblersBrew"}],"is_trial":false,"path_per_floor":["M","?","M","?","M","E","R","$","T","E","?","R","?","M","R","B"],"character_chosen":"THE_SILENT","items_purchased":["Blur"],"campfire_rested":2,"item_purchase_floors":[8],"current_hp_per_floor":[70,58,58,58,58,1,22,22,22,5,5,26,26,26,26,0,0],"gold":276,"neow_bonus":"BOSS_RELIC","is_daily":false,"chose_seed":false,"campfire_upgraded":1,"win_rate":0.0,"timestamp":1609160596,"path_taken":["M","?","M","?","?","E","R","$","T","E","?","R","?","M","R","BOSS"],"items_purchased_type":["Card"],"build_version":"2020-12-22","purchased_purges":0,"victory":false,"max_hp_per_floor":[70,70,70,70,70,70,70,70,70,70,70,70,70,70,70,70,70],"card_choices":[{"not_picked":["Dagger Spray","Flying Knee","Blur"],"picked":"SKIP","floor":1},{"not_picked":["Outmaneuver","Deadly Poison"],"picked":"Tactician","floor":3},{"not_picked":["Backflip","Outmaneuver"],"picked":"Quick Slash","floor":5},{"not_picked":["Riddle With Holes","All Out Attack"],"picked":"Blur","floor":6},{"not_picked":["Underhanded Strike","Calculated Gamble+1"],"picked":"Adrenaline+1","floor":10},{"not_picked":["Flechettes","Infinite Blades"],"picked":"Dodge and Roll+1","floor":14}],"player_experience":30768,"relics_obtained":[{"floor":6,"key":"Anchor"},{"floor":10,"key":"Toxic Egg 2"}],"event_choices":[{"damage_healed":0,"gold_gain":0,"player_choice":"Success","damage_taken":12,"relics_obtained":["Boot"],"max_hp_gain":0,"max_hp_loss":0,"event_name":"Scrap Ooze","floor":2,"gold_loss":0},{"damage_healed":0,"gold_gain":100,"player_choice":"Pray","damage_taken":0,"max_hp_gain":0,"max_hp_loss":0,"event_name":"Golden Shrine","floor":4,"gold_loss":0},{"damage_healed":0,"gold_gain":0,"player_choice":"Ignored","damage_taken":0,"max_hp_gain":0,"max_hp_loss":0,"event_name":"Golden Wing","floor":11,"gold_loss":0},{"damage_healed":0,"gold_gain":0,"player_choice":"Ignored","damage_taken":0,"max_hp_gain":0,"max_hp_loss":0,"event_name":"Golden Idol","floor":13,"gold_loss":0}],"is_beta":false,"boss_relics":[],"items_purged_floors":[],"is_endless":false,"potions_floor_spawned":[3,6],"killed_by":"Slime Boss","ascension_level":0}}