{"host":"tfkz8stxzb1up54p","time":1609152499,"event":{"mods":["AchievementEnabler","BaseMod","Block Reminder","Colored Powertips","Disable Question Mark Monsters","Emptier Cage","Gold Saver","Gremlin Skip","Highlight Path","Minty Spire (QoL Compilation)","Permanent Neow","StSLib"],"gold_per_floor":[1336,1350,1365,1384,1404,1435,1448,992,1018,1044,1075,149,164,176,176,285,285,274,285,298,309,320,320,335,349,429,429,444,459,468,485,485,597,597,616,636,656,676,690,723,735,751,760,710,710,719,719,738,738,839,839,855,866,886,897,917,917,926,926,935,935,949,967,967,987,987,1124,1124,1145,1165,1188,1103,1103,1112,1211,1235,1283,1283,1417,1417,1441,1488,1488,1612,1621,1640,2657,2684,2684,2644,2644,2644,2662,2693,2759,2759,2981,2981,2995,2995,3126,3126,3151,3226,3255,3255,3126,3126,3126,3135,3170,3170,2897,2936,2975,2994,2994,3120,3120,3140,3140,3140,3140,3158,3201,3201,3226,3279,3279,3279,3592,3592,3633,3633,3762,3762,3775,3793,4015,4015,4033,4033,4366,4382,4417,4467,4497,4497,4497,4524,4524,4524,4524],"floor_reached":152,"playtime":12135,"items_purged":["Combust","Combust","Decay","Warcry"],"score":4073,"play_id":"4b09da21-dbc1-42cc-8fcf-bf9941e1ca58","local_time":"20201228104819","daily_mods":["Insanity","Vintage","ControlledChaos","Allstar","Colorless Cards","Heirloom","Flight"],"is_ascension_mode":false,"campfire_choices":[{"data":"Echo Form","floor":15,"key":"SMITH"},{"data":"Apotheosis","floor":23,"key":"SMITH"},{"data":"DevaForm","floor":32,"key":"SMITH"},{"data":"Clumsy","floor":47,"key":"PURGE"},{"data":"Dual Wield","floor":49,"key":"PURGE"},{"data":"Parasite","floor":57,"key":"PURGE"},{"data":"Injury","floor":59,"key":"PURGE"},{"data":"Clumsy","floor":61,"key":"PURGE"},{"data":"Madness","floor":66,"key":"SMITH"},{"floor":74,"key":"REST"},{"data":"Warcry","floor":83,"key":"PURGE"},{"data":"Normality","floor":91,"key":"PURGE"},{"data":"Normality","floor":92,"key":"PURGE"},{"data":"Wild Strike","floor":100,"key":"PURGE"},{"data":"Wild Strike","floor":108,"key":"PURGE"},{"data":"Wild Strike","floor":109,"key":"PURGE"},{"floor":117,"key":"DIG"},{"floor":134,"key":"DIG"},{"floor":142,"key":"DIG"},{"floor":151,"key":"DIG"}],"circlet_count":6,"master_deck":["Demon Form","Wraith Form v2","Echo Form+1","DevaForm+1","True Grit","Shrug It Off","Cleave+1","Seeing Red","Dark Embrace","Madness+1","Body Slam+1","Bandage Up","Panacea+1","Armaments","Clash+1","Iron Wave","Enlightenment","Iron Wave","Anger","Cleave","Clothesline","Iron Wave","Cleave","Rage","True Grit","Flame Barrier","Heavy Blade","Spot Weakness","Dark Embrace","Second Wind","Headbutt","Rampage","Headbutt","Body Slam","Twin Strike","Discovery","Clash","Sword Boomerang","Feel No Pain","Shockwave","Dramatic Entrance+1","Deep Breath","Bandage Up","Panacea","Panache","Blind+1","Apotheosis+1","Panache+1","Rage+1","Magnetism+1","Juggernaut+1","Flash of Steel+1","Trip+1","Blind+1","Perfected Strike+1","CurseOfTheBell","Panacea+1","Jack Of All Trades+1","Blind+1","Madness+1","Madness+1","Madness+1","Twin Strike","Clash","Good Instincts+1","Swift Strike+1","Fire Breathing+1","Madness+1","Madness+1","Perfected Strike+1"],"relics":["Black Blood","Frozen Eye","Peace Pipe","Kunai","Smiling Mask","Tiny Chest","Ancient Tea Set","Mercury Hourglass","Omamori","Blue Candle","Art of War","Dream Catcher","MawBank","Potion Belt","CeramicFish","Happy Flower","Mummified Hand","ClockworkSouvenir","Toy Ornithopter","Letter Opener","Cursed Key","Eternal Feather","Boot","The Courier","Matryoshka","Calipers","Unceasing Top","Juzu Bracelet","Toxic Egg 2","Pantograph","Akabeko","FossilizedHelix","HornCleat","CaptainsWheel","SlaversCollar","War Paint","StrikeDummy","Blood Vial","Bag of Marbles","Nunchaku","Regal Pillow","Orichalcum","Pen Nib","Red Skull","Singing Bowl","Pear","Bag of Preparation","Runic Cube","PreservedInsect","Bronze Scales","Meat on the Bone","Bottled Tornado","Strawberry","Frozen Egg 2","MealTicket","Gremlin Horn","Sundial","Fusion Hammer","Ornamental Fan","Oddly Smooth Stone","InkBottle","Vajra","Anchor","Turnip","Bottled Lightning","Paper Frog","Red Mask","Calling Bell","Lantern","Shuriken","Dead Branch","Centennial Puzzle","Thread and Needle","Whetstone","Busted Crown","Self Forming Clay","Odd Mushroom","Question Card","Membership Card","Shovel","Mango","Pocketwatch","Incense Burner","Champion Belt","Empty Cage","Magic Flower","StoneCalendar","MutagenicStrength","Old Coin","Circlet","Charon\u0027s Ashes","Prayer Wheel"],"acts_visited":["Exordium","TheCity","TheBeyond","Exordium","TheCity","TheBeyond","Exordium","TheCity","TheBeyond"],"potions_floor_usage":[5,6,6,10,10,10,10,16,18,29,33,36,50,50,67,69,69,70,79,84,94,135],"damage_taken":[{"damage":1,"enemies":"Cultist","floor":1,"turns":4},{"damage":11,"enemies":"Jaw Worm","floor":2,"turns":4},{"damage":2,"enemies":"2 Louse","floor":3,"turns":2},{"damage":0,"enemies":"Looter","floor":4,"turns":2},{"damage":0,"enemies":"Red Slaver","floor":5,"turns":1},{"damage":8,"enemies":"3 Sentries","floor":6,"turns":3},{"damage":0,"enemies":"3 Louse","floor":7,"turns":1},{"damage":10,"enemies":"Looter","floor":10,"turns":2},{"damage":8,"enemies":"Large Slime","floor":11,"turns":3},{"damage":0,"enemies":"2 Fungi Beasts","floor":13,"turns":2},{"damage":6,"enemies":"3 Louse","floor":14,"turns":2},{"damage":2,"enemies":"Slime Boss","floor":16,"turns":6},{"damage":2,"enemies":"2 Thieves","floor":18,"turns":4},{"damage":1,"enemies":"Shell Parasite","floor":19,"turns":4},{"damage":10,"enemies":"Snecko","floor":20,"turns":4},{"damage":19,"enemies":"Shelled Parasite and Fungi","floor":21,"turns":4},{"damage":8,"enemies":"3 Cultists","floor":22,"turns":5},{"damage":21,"enemies":"Snake Plant","floor":24,"turns":4},{"damage":4,"enemies":"Cultist and Chosen","floor":25,"turns":3},{"damage":0,"enemies":"Centurion and Healer","floor":28,"turns":2},{"damage":0,"enemies":"Snake Plant","floor":29,"turns":2},{"damage":0,"enemies":"Sentry and Sphere","floor":31,"turns":3},{"damage":7,"enemies":"Champ","floor":33,"turns":6},{"damage":1,"enemies":"3 Darklings","floor":35,"turns":3},{"damage":0,"enemies":"Orb Walker","floor":36,"turns":2},{"damage":13,"enemies":"Writhing Mass","floor":37,"turns":3},{"damage":0,"enemies":"3 Darklings","floor":38,"turns":3},{"damage":15,"enemies":"4 Shapes","floor":39,"turns":2},{"damage":18,"enemies":"Nemesis","floor":40,"turns":3},{"damage":0,"enemies":"Transient","floor":41,"turns":5},{"damage":4,"enemies":"Spire Growth","floor":42,"turns":3},{"damage":21,"enemies":"Writhing Mass","floor":48,"turns":4},{"damage":0,"enemies":"Donu and Deca","floor":50,"turns":4},{"damage":0,"enemies":"Small Slimes","floor":52,"turns":2},{"damage":0,"enemies":"Cultist","floor":53,"turns":1},{"damage":0,"enemies":"Jaw Worm","floor":54,"turns":1},{"damage":0,"enemies":"Exordium Thugs","floor":55,"turns":2},{"damage":1,"enemies":"Gremlin Gang","floor":56,"turns":2},{"damage":2,"enemies":"Blue Slaver","floor":62,"turns":1},{"damage":0,"enemies":"Exordium Thugs","floor":63,"turns":2},{"damage":0,"enemies":"Red Slaver","floor":65,"turns":1},{"damage":3,"enemies":"Slime Boss","floor":67,"turns":3},{"damage":0,"enemies":"Chosen","floor":69,"turns":1},{"damage":5,"enemies":"2 Thieves","floor":70,"turns":2},{"damage":1,"enemies":"Shelled Parasite and Fungi","floor":71,"turns":2},{"damage":0,"enemies":"Snecko","floor":76,"turns":3},{"damage":0,"enemies":"Slavers","floor":77,"turns":1},{"damage":0,"enemies":"Colosseum Slavers","floor":79,"turns":1},{"damage":0,"enemies":"Colosseum Nobs","floor":79,"turns":2},{"damage":0,"enemies":"3 Cultists","floor":81,"turns":1},{"damage":0,"enemies":"Masked Bandits","floor":82,"turns":1},{"damage":0,"enemies":"Champ","floor":84,"turns":4},{"damage":0,"enemies":"Orb Walker","floor":86,"turns":1},{"damage":0,"enemies":"Nemesis","floor":94,"turns":1},{"damage":0,"enemies":"2 Orb Walkers","floor":95,"turns":1},{"damage":0,"enemies":"3 Darklings","floor":99,"turns":1},{"damage":4,"enemies":"Donu and Deca","floor":101,"turns":2},{"damage":0,"enemies":"2 Louse","floor":103,"turns":1},{"damage":0,"enemies":"The Mushroom Lair","floor":105,"turns":1},{"damage":0,"enemies":"Lagavulin","floor":111,"turns":2},{"damage":0,"enemies":"Jaw Worm","floor":114,"turns":1},{"damage":0,"enemies":"Small Slimes","floor":115,"turns":2},{"damage":0,"enemies":"Exordium Thugs","floor":116,"turns":2},{"damage":0,"enemies":"The Guardian","floor":118,"turns":3},{"damage":0,"enemies":"Spheric Guardian","floor":120,"turns":1},{"damage":0,"enemies":"Shell Parasite","floor":124,"turns":1},{"damage":0,"enemies":"Book of Stabbing","floor":125,"turns":2},{"damage":0,"enemies":"3 Cultists","floor":127,"turns":2},{"damage":0,"enemies":"Gremlin Leader","floor":128,"turns":2},{"damage":0,"enemies":"Snecko","floor":131,"turns":1},{"damage":0,"enemies":"Masked Bandits","floor":133,"turns":1},{"damage":0,"enemies":"Champ","floor":135,"turns":4},{"damage":0,"enemies":"Orb Walker","floor":137,"turns":1},{"damage":0,"enemies":"3 Darklings","floor":138,"turns":1},{"damage":0,"enemies":"Transient","floor":144,"turns":5},{"damage":0,"enemies":"Giant Head","floor":145,"turns":3},{"damage":0,"enemies":"Mind Bloom Boss Battle","floor":146,"turns":2},{"damage":0,"enemies":"Reptomancer","floor":147,"turns":1},{"damage":0,"enemies":"Nemesis","floor":150,"turns":3},{"damage":139,"enemies":"Awakened One","floor":152,"turns":4}],"seed_played":"4464835935933199144","potions_obtained":[{"floor":3,"key":"DuplicationPotion"},{"floor":4,"key":"Energy Potion"},{"floor":5,"key":"Block Potion"},{"floor":6,"key":"Energy Potion"},{"floor":18,"key":"HeartOfIron"},{"floor":19,"key":"BloodPotion"},{"floor":28,"key":"Dexterity Potion"},{"floor":29,"key":"SkillPotion"},{"floor":31,"key":"ColorlessPotion"},{"floor":37,"key":"Dexterity Potion"},{"floor":38,"key":"SneckoOil"},{"floor":39,"key":"Explosive Potion"},{"floor":55,"key":"Fire Potion"},{"floor":56,"key":"FearPotion"},{"floor":67,"key":"Energy Potion"},{"floor":76,"key":"Explosive Potion"},{"floor":77,"key":"Energy Potion"},{"floor":81,"key":"AttackPotion"},{"floor":82,"key":"DistilledChaos"},{"floor":86,"key":"PowerPotion"},{"floor":90,"key":"CultistPotion"},{"floor":90,"key":"Energy Potion"},{"floor":94,"key":"Energy Potion"},{"floor":120,"key":"DistilledChaos"},{"floor":145,"key":"Weak Potion"}],"is_trial":true,"path_per_floor":["M","M","M","M","M","E","M","$","T","M","M","$","M","M","R","B",null,"M","M","M","M","M","R","M","M","T","?","M","M","?","M","R","B",null,"M","M","M","M","M","E","M","M","T","$","?","T","R","M","R","B",null,"M","M","M","M","M","R","?","R","T","R","M","M","?","M","R","B",null,"M","M","M","?","?","R","?","M","E","?","?","?","M","?","R","B",null,"M","?","?","?","?","R","R","?","E","?","?","?","?","M","R","B",null,"M","?","?","?","$","R","R","?","E","?","$","M","M","M","R","B",null,"M","?","?","?","M","E","$","M","E","$","?","M","$","?","R","B",null,"M","M","?","?","?","R","?","M","E","?","E","?","$","E","R","B"],"character_chosen":"IRONCLAD","items_purchased":["Art of War","Dream Catcher","EntropicBrew","Apotheosis","Happy Flower","Mummified Hand","ClockworkSouvenir","Explosive Potion","Energy Potion","Block Potion","Madness+1","Twin Strike","Membership Card","Shovel","Good Instincts+1"],"campfire_rested":1,"item_purchase_floors":[8,8,8,12,12,12,12,12,12,12,107,107,113,113,113],"current_hp_per_floor":[80,75,79,80,80,78,80,80,80,80,78,78,80,80,80,80,80,80,80,80,67,75,80,71,77,77,77,80,80,80,80,80,80,80,80,80,73,80,71,68,80,80,80,80,80,90,90,79,90,92,92,92,92,92,92,99,96,96,96,96,96,96,96,77,85,96,96,96,96,96,96,96,80,96,96,96,96,77,101,101,101,101,101,103,103,103,103,93,93,93,103,103,90,105,107,107,107,107,107,107,109,109,109,98,108,105,111,111,111,111,113,90,105,127,127,127,127,129,129,129,129,129,120,128,129,129,129,129,129,129,129,129,131,131,133,133,133,133,133,133,116,133,133,133,133,135,137,137,137,139,139,0,0],"gold":4524,"neow_bonus":"","is_daily":false,"chose_seed":false,"campfire_upgraded":4,"win_rate":0.0,"timestamp":1609152499,"path_taken":["M","M","M","M","M","E","M","$","T","M","M","$","M","M","R","BOSS","M","M","M","M","M","R","M","M","T","?","M","M","?","M","R","BOSS","M","M","M","M","M","E","M","M","T","$","?","?","R","M","R","BOSS","M","M","M","M","M","R","?","R","T","R","M","M","?","M","R","BOSS","M","M","M","?","?","R","?","M","E","?","?","?","M","?","R","BOSS","M","?","?","?","?","R","R","?","E","?","?","?","?","M","R","BOSS","M","?","?","?","$","R","R","?","E","?","$","M","M","M","R","BOSS","M","?","?","?","M","E","$","M","E","$","?","M","$","?","R","BOSS","M","M","?","?","?","R","?","M","E","?","E","?","$","E","R","BOSS"],"items_purchased_type":["Relic","Relic","Potion","Card","Relic","Relic","Relic","Potion","Potion","Potion","Card","Card","Relic","Relic","Card"],"build_version":"2020-12-22","purchased_purges":4,"victory":false,"max_hp_per_floor":[80,80,80,80,80,80,80,80,80,80,80,80,80,80,80,80,80,80,80,80,80,80,80,80,80,80,80,80,80,80,80,80,80,80,80,80,80,80,80,80,80,80,80,80,80,90,90,90,90,92,92,92,92,92,92,99,96,96,96,96,96,96,96,96,96,96,96,96,96,96,96,96,96,96,96,96,96,101,101,101,101,101,101,103,103,103,103,103,103,103,103,103,103,105,107,107,107,107,107,107,109,109,109,109,111,111,111,111,111,111,113,113,113,127,127,127,127,129,129,129,129,129,129,129,129,129,129,129,129,129,129,129,131,131,133,133,133,133,133,133,133,133,133,133,133,135,137,137,137,139,139,139,139],"card_choices":[{"not_picked":["Deep Breath","Sword Boomerang"],"picked":"Blind","floor":6},{"not_picked":["Double Tap","Brutality"],"picked":"Panache","floor":16},{"not_picked":["Limit Break+1","Thinking Ahead+1"],"picked":"Magnetism","floor":33},{"not_picked":["Heavy Blade","Iron Wave","Wild Strike"],"picked":"SKIP","floor":40},{"not_picked":["Secret Technique+1","Immolate","Reaper"],"picked":"Singing Bowl","floor":50},{"not_picked":["Violence+1","Berserk+1"],"picked":"Juggernaut+1","floor":67},{"not_picked":["Flame Barrier+1","Twin Strike+1"],"picked":"Flash of Steel+1","floor":74},{"not_picked":["Dropkick+1","Carnage"],"picked":"Trip+1","floor":77},{"not_picked":["Pommel Strike","Shrug It Off+1"],"picked":"Blind+1","floor":79},{"not_picked":["Body Slam","Flex+1"],"picked":"Perfected Strike+1","floor":82},{"not_picked":["Reaper","Master of Strategy+1","Chrysalis+1"],"picked":"Singing Bowl","floor":84},{"not_picked":["Secret Weapon+1","Thinking Ahead+1"],"picked":"Panacea+1","floor":88},{"not_picked":["Good Instincts+1","Chrysalis+1"],"picked":"Jack Of All Trades+1","floor":88},{"not_picked":["Secret Weapon+1","Impatience+1"],"picked":"Blind+1","floor":88},{"not_picked":["Forethought+1","Dark Embrace+1","Iron Wave"],"picked":"Singing Bowl","floor":94},{"not_picked":["Pommel Strike+1","Thunderclap","Cleave+1"],"picked":"Singing Bowl","floor":95},{"not_picked":["Brutality+1","Violence+1","Fiend Fire"],"picked":"Singing Bowl","floor":101},{"not_picked":["Pommel Strike"],"picked":"Singing Bowl","floor":105},{"not_picked":["Dark Embrace+1","PanicButton+1"],"picked":"Singing Bowl","floor":111},{"not_picked":["Apotheosis+1","Brutality+1"],"picked":"Singing Bowl","floor":118},{"not_picked":["Twin Strike"],"picked":"Swift Strike+1","floor":125},{"not_picked":["Heavy Blade"],"picked":"Fire Breathing+1","floor":128},{"not_picked":["Headbutt+1","Perfected Strike"],"picked":"Singing Bowl","floor":133},{"not_picked":["Apotheosis+1","The Bomb+1"],"picked":"Singing Bowl","floor":135},{"not_picked":["Thunderclap"],"picked":"Perfected Strike+1","floor":145},{"not_picked":["Body Slam","Heavy Blade"],"picked":"Singing Bowl","floor":146},{"not_picked":["Perfected Strike","Headbutt"],"picked":"Singing Bowl","floor":147},{"not_picked":["Battle Trance+1","Bloodletting+1"],"picked":"Singing Bowl","floor":150}],"player_experience":1250194,"relics_obtained":[{"floor":1,"key":"Kunai"},{"floor":2,"key":"Smiling Mask"},{"floor":3,"key":"Tiny Chest"},{"floor":4,"key":"Ancient Tea Set"},{"floor":5,"key":"Mercury Hourglass"},{"floor":6,"key":"Omamori"},{"floor":7,"key":"Blue Candle"},{"floor":9,"key":"MawBank"},{"floor":10,"key":"Potion Belt"},{"floor":11,"key":"CeramicFish"},{"floor":13,"key":"Toy Ornithopter"},{"floor":14,"key":"Letter Opener"},{"floor":18,"key":"Eternal Feather"},{"floor":19,"key":"Boot"},{"floor":20,"key":"The Courier"},{"floor":21,"key":"Matryoshka"},{"floor":22,"key":"Calipers"},{"floor":24,"key":"Unceasing Top"},{"floor":25,"key":"Juzu Bracelet"},{"floor":26,"key":"Toxic Egg 2"},{"floor":26,"key":"Pantograph"},{"floor":28,"key":"FossilizedHelix"},{"floor":29,"key":"HornCleat"},{"floor":31,"key":"CaptainsWheel"},{"floor":35,"key":"War Paint"},{"floor":36,"key":"StrikeDummy"},{"floor":37,"key":"Blood Vial"},{"floor":38,"key":"Bag of Marbles"},{"floor":39,"key":"Nunchaku"},{"floor":40,"key":"Regal Pillow"},{"floor":41,"key":"Orichalcum"},{"floor":42,"key":"Pen Nib"},{"floor":43,"key":"Red Skull"},{"floor":43,"key":"Singing Bowl"},{"floor":46,"key":"Pear"},{"floor":48,"key":"Bag of Preparation"},{"floor":52,"key":"PreservedInsect"},{"floor":53,"key":"Bronze Scales"},{"floor":54,"key":"Meat on the Bone"},{"floor":55,"key":"Bottled Tornado"},{"floor":56,"key":"Strawberry"},{"floor":60,"key":"Frozen Egg 2"},{"floor":62,"key":"MealTicket"},{"floor":63,"key":"Gremlin Horn"},{"floor":65,"key":"Sundial"},{"floor":69,"key":"Ornamental Fan"},{"floor":70,"key":"Oddly Smooth Stone"},{"floor":71,"key":"InkBottle"},{"floor":76,"key":"Anchor"},{"floor":79,"key":"Turnip"},{"floor":79,"key":"Bottled Lightning"},{"floor":81,"key":"Paper Frog"},{"floor":82,"key":"Red Mask"},{"floor":85,"key":"Lantern"},{"floor":85,"key":"Shuriken"},{"floor":85,"key":"Dead Branch"},{"floor":86,"key":"Centennial Puzzle"},{"floor":95,"key":"Thread and Needle"},{"floor":99,"key":"Whetstone"},{"floor":103,"key":"Self Forming Clay"},{"floor":105,"key":"Odd Mushroom"},{"floor":114,"key":"Mango"},{"floor":115,"key":"Pocketwatch"},{"floor":116,"key":"Incense Burner"},{"floor":117,"key":"Champion Belt"},{"floor":124,"key":"Magic Flower"},{"floor":127,"key":"StoneCalendar"},{"floor":131,"key":"Old Coin"},{"floor":133,"key":"Circlet"},{"floor":134,"key":"Charon\u0027s Ashes"},{"floor":137,"key":"Prayer Wheel"},{"floor":138,"key":"Circlet"},{"floor":142,"key":"Circlet"},{"floor":144,"key":"Circlet"},{"floor":146,"key":"Circlet"},{"floor":151,"key":"Circlet"}],"event_choices":[{"damage_healed":0,"gold_gain":0,"player_choice":"Opened","damage_taken":0,"relics_obtained":["Akabeko"],"max_hp_gain":0,"max_hp_loss":0,"event_name":"The Mausoleum","floor":27,"gold_loss":0,"cards_obtained":["Writhe"]},{"damage_healed":0,"gold_gain":0,"player_choice":"Read","damage_taken":0,"max_hp_gain":0,"max_hp_loss":0,"event_name":"The Library","floor":30,"gold_loss":0,"cards_obtained":["Rage"]},{"damage_healed":0,"gold_gain":0,"player_choice":"Ignored","damage_taken":0,"max_hp_gain":0,"max_hp_loss":0,"event_name":"Tomb of Lord Red Mask","floor":45,"gold_loss":0},{"damage_healed":0,"gold_gain":0,"player_choice":"Take Wound","damage_taken":0,"relics_obtained":["Golden Idol"],"max_hp_gain":0,"max_hp_loss":0,"event_name":"Golden Idol","floor":58,"gold_loss":0,"cards_obtained":["Injury"]},{"damage_healed":0,"gold_gain":0,"player_choice":"Entered Light","damage_taken":19,"max_hp_gain":0,"max_hp_loss":0,"event_name":"Shining Light","floor":64,"gold_loss":0,"cards_upgraded":["Panache","Body Slam"]},{"damage_healed":0,"gold_gain":0,"player_choice":"Obtained Relic","damage_taken":0,"relics_obtained":["Vajra"],"max_hp_gain":0,"max_hp_loss":0,"event_name":"Addict","floor":72,"gold_loss":85},{"damage_healed":0,"gold_gain":0,"player_choice":"Obtained Book","damage_taken":16,"max_hp_gain":0,"max_hp_loss":0,"event_name":"Cursed Tome","floor":73,"gold_loss":0},{"damage_healed":0,"gold_gain":99,"player_choice":"Stole From Cult","damage_taken":0,"max_hp_gain":0,"max_hp_loss":0,"event_name":"Nest","floor":75,"gold_loss":0},{"damage_healed":0,"gold_gain":0,"player_choice":"Shed Blood","damage_taken":24,"max_hp_gain":5,"max_hp_loss":0,"event_name":"Forgotten Altar","floor":78,"gold_loss":0},{"damage_healed":0,"gold_gain":0,"player_choice":"Fight","damage_taken":0,"max_hp_gain":0,"max_hp_loss":0,"event_name":"Colosseum","floor":79,"gold_loss":0},{"damage_healed":0,"gold_gain":0,"player_choice":"Fought Nobs","damage_taken":0,"max_hp_gain":0,"max_hp_loss":0,"event_name":"Colosseum","floor":79,"gold_loss":0},{"damage_healed":0,"gold_gain":0,"player_choice":"Ignored","damage_taken":0,"max_hp_gain":0,"max_hp_loss":0,"event_name":"Ghosts","floor":80,"gold_loss":0},{"damage_healed":0,"gold_gain":0,"player_choice":"Fought Bandits","damage_taken":0,"max_hp_gain":0,"max_hp_loss":0,"event_name":"Masked Bandits","floor":82,"gold_loss":0},{"damage_healed":0,"gold_gain":999,"player_choice":"Gold","damage_taken":0,"max_hp_gain":0,"max_hp_loss":0,"event_name":"MindBloom","floor":87,"gold_loss":0,"cards_obtained":["Normality","Normality"]},{"damage_healed":0,"gold_gain":0,"player_choice":"Memory 3","damage_taken":10,"max_hp_gain":0,"max_hp_loss":0,"event_name":"SensoryStone","floor":88,"gold_loss":0},{"damage_healed":0,"gold_gain":0,"player_choice":"Ignored","damage_taken":0,"max_hp_gain":0,"max_hp_loss":0,"event_name":"The Moai Head","floor":89,"gold_loss":0},{"damage_healed":0,"gold_gain":0,"player_choice":"Bought 3 Potions","damage_taken":0,"max_hp_gain":0,"max_hp_loss":0,"event_name":"The Woman in Blue","floor":90,"gold_loss":0},{"damage_healed":0,"gold_gain":0,"player_choice":"Embrace Madness","damage_taken":13,"max_hp_gain":0,"max_hp_loss":0,"event_name":"Winding Halls","floor":93,"gold_loss":0,"cards_obtained":["Madness","Madness"]},{"damage_healed":0,"gold_gain":0,"player_choice":"Fight","damage_taken":0,"max_hp_gain":0,"max_hp_loss":0,"event_name":"Mysterious Sphere","floor":95,"gold_loss":0},{"cards_removed":["Cleave"],"damage_healed":0,"gold_gain":0,"player_choice":"Removed Attack","damage_taken":0,"max_hp_gain":0,"max_hp_loss":0,"event_name":"Falling","floor":96,"gold_loss":0},{"damage_healed":0,"gold_gain":222,"player_choice":"Wore Mask","damage_taken":0,"max_hp_gain":0,"max_hp_loss":0,"event_name":"Tomb of Lord Red Mask","floor":97,"gold_loss":0},{"damage_healed":0,"gold_gain":0,"player_choice":"Ignored","damage_taken":0,"max_hp_gain":0,"max_hp_loss":0,"event_name":"NoteForYourself","floor":98,"gold_loss":0},{"damage_healed":0,"gold_gain":75,"player_choice":"Gather Gold","damage_taken":11,"max_hp_gain":0,"max_hp_loss":0,"event_name":"World of Goop","floor":104,"gold_loss":0},{"damage_healed":0,"gold_gain":0,"player_choice":"Fought Mushrooms","damage_taken":0,"max_hp_gain":0,"max_hp_loss":0,"event_name":"Mushrooms","floor":105,"gold_loss":0},{"damage_healed":0,"gold_gain":0,"player_choice":"Success","damage_taken":3,"relics_obtained":["Question Card"],"max_hp_gain":0,"max_hp_loss":0,"event_name":"Scrap Ooze","floor":106,"gold_loss":0},{"damage_healed":0,"gold_gain":0,"cards_transformed":["Combust"],"player_choice":"Change","damage_taken":0,"max_hp_gain":0,"max_hp_loss":0,"event_name":"Living Wall","floor":110,"gold_loss":0,"cards_obtained":["Clash"]},{"damage_healed":0,"gold_gain":0,"player_choice":"Entered Light","damage_taken":23,"max_hp_gain":0,"max_hp_loss":0,"event_name":"Shining Light","floor":112,"gold_loss":0,"cards_upgraded":["Magnetism","Cleave"]},{"damage_healed":0,"gold_gain":0,"player_choice":"Simplicity","damage_taken":0,"max_hp_gain":0,"max_hp_loss":0,"event_name":"Back to Basics","floor":121,"gold_loss":0,"cards_upgraded":[]},{"damage_healed":0,"gold_gain":0,"player_choice":"Ignored","damage_taken":0,"max_hp_gain":0,"max_hp_loss":0,"event_name":"Vampires","floor":122,"gold_loss":0},{"damage_healed":0,"gold_gain":0,"player_choice":"Stopped","damage_taken":9,"max_hp_gain":0,"max_hp_loss":0,"event_name":"Cursed Tome","floor":123,"gold_loss":0},{"damage_healed":0,"gold_gain":0,"player_choice":"Inject Mutagens","damage_taken":0,"relics_obtained":["MutagenicStrength"],"max_hp_gain":0,"max_hp_loss":0,"event_name":"Drug Dealer","floor":130,"gold_loss":0},{"damage_healed":0,"gold_gain":0,"player_choice":"Fought Bandits","damage_taken":0,"max_hp_gain":0,"max_hp_loss":0,"event_name":"Masked Bandits","floor":133,"gold_loss":0},{"damage_healed":0,"gold_gain":222,"player_choice":"Wore Mask","damage_taken":0,"max_hp_gain":0,"max_hp_loss":0,"event_name":"Tomb of Lord Red Mask","floor":139,"gold_loss":0},{"cards_removed":["Armaments"],"damage_healed":0,"gold_gain":0,"player_choice":"Removed Skill","damage_taken":0,"max_hp_gain":0,"max_hp_loss":0,"event_name":"Falling","floor":140,"gold_loss":0},{"damage_healed":0,"gold_gain":0,"player_choice":"Embrace Madness","damage_taken":17,"max_hp_gain":0,"max_hp_loss":0,"event_name":"Winding Halls","floor":141,"gold_loss":0,"cards_obtained":["Madness","Madness"]},{"damage_healed":0,"gold_gain":333,"player_choice":"Gave Idol","damage_taken":0,"max_hp_gain":0,"max_hp_loss":0,"event_name":"The Moai Head","floor":143,"relics_lost":["Golden Idol"],"gold_loss":0},{"damage_healed":0,"gold_gain":0,"player_choice":"Fight","damage_taken":0,"max_hp_gain":0,"max_hp_loss":0,"event_name":"MindBloom","floor":146,"gold_loss":0},{"damage_healed":0,"gold_gain":0,"player_choice":"Ignored","damage_taken":0,"max_hp_gain":0,"max_hp_loss":0,"event_name":"Mysterious Sphere","floor":148,"gold_loss":0}],"is_beta":false,"boss_relics":[{"not_picked":["SacredBark","Runic Dome"],"picked":"Cursed Key"},{"not_picked":["Mark of Pain","Busted Crown"],"picked":"SlaversCollar"},{"not_picked":["Coffee Dripper","Astrolabe"],"picked":"Runic Cube"},{"not_picked":["Runic Dome","Snecko Eye"],"picked":"Fusion Hammer"},{"not_picked":["Tiny House","Empty Cage"],"picked":"Calling Bell"},{"not_picked":["Mark of Pain","Philosopher\u0027s Stone"],"picked":"Busted Crown"},{"not_picked":["Astrolabe","Mark of Pain"],"picked":"Empty Cage"},{"not_picked":["Runic Dome","Runic Pyramid"],"picked":"Black Blood"}],"items_purged_floors":[8,12,44,107],"is_endless":true,"potions_floor_spawned":[3,4,5,6,18,19,28,29,31,37,38,39,40,42,55,56,63,67,76,77,81,82,86,94,101,114,115,116,120,124,135,145,147],"killed_by":"Awakened One","ascension_level":0}}