{"host":"n9qtmgye2hz5t4ok","time":1609151263,"event":{"mods":["Act Like it!","BaseMod","Colored Map","Downfall","Gensokyo","Infinite Spire","Koishi","Marisa????????","Minty Spire (QoL Compilation)","StSLib","The Jungle","The Servant 0.9.4"],"gold_per_floor":[69000,69000,69000,68112,68000,68035,68035,68068,68068,67134,67154,67168,67181,67191,67191,67289,67289,67308,67308,66571,66586,66501,66528,66528,66528,66528,66528,66528,66581,66598,66618,66618,66741,66741,66757,66779,66132,66132,66168,66168,66204,66238,66263,66263,66263,66274,66308,66326,66326,66332,66332,66332,65960,65964,65964],"floor_reached":54,"playtime":4679,"items_purged":["Defend_G","Strike_G","Strike_G","Defend_G","Pain","Strike_G+1"],"score":913,"play_id":"75e9f090-d151-42dd-bb1d-8b1c06b1c86a","local_time":"20201228112743","is_ascension_mode":true,"campfire_choices":[{"data":"Infinite Blades","floor":7,"key":"SMITH"},{"floor":15,"key":"REST"},{"floor":24,"key":"RECALL"},{"data":"Infinite Blades","floor":28,"key":"SMITH"},{"data":"A Thousand Cuts","floor":32,"key":"SMITH"},{"floor":40,"key":"REST"},{"data":"A Thousand Cuts","floor":49,"key":"SMITH"},{"floor":52,"key":"REST"}],"circlet_count":0,"master_deck":["Strike_G+1","Strike_G+1","Defend_G+1","Defend_G+1","Defend_G+1","Survivor+1","Neutralize+1","Infinite Blades+1","Well Laid Plans+1","A Thousand Cuts+1","Blade Dance+1","Endless Agony+1","expansioncontent:YouAreMine+1","Mayhem+1","Endless Agony+1","Backflip+1","Calculated Gamble+1","Phantasmal Killer+1","Deflect+1","Blade Dance+1","Infinite Blades+1","Blade Dance+1","Expertise+1","infinitespire:Collect+1","Envenom+1","Choke+1","Venomology+1","Backflip+1","Backflip+1","Infinite Blades+1","Escape Plan+1","A Thousand Cuts+1","Outmaneuver+1","Finisher"],"relics":["Guardian:ModeShifter","infinitespire:WardingShard","infinitespire:Cubic Diamond","HornCleat","Lee\u0027s Waffle","Whetstone","Toxic Egg 2","Regal Pillow","Smiling Mask","Bag of Marbles","Toy Ornithopter","HandDrill","WristBlade","Spirit Poop","infinitespire:PuzzleCube","Potion Belt","TheAbacus","Blood Vial","infinitespire:Midas Blood","WarpedTongs","Paper Crane","Philosopher\u0027s Stone","WingedGreaves","Sozu","Question Card","MealTicket","Membership Card","Mark of the Bloom","Gambling Chip","infinitespire:CheckeredPen","Vajra","PrismaticShard","Darkstone Periapt","StoneCalendar","Boot","TwistedFunnel"],"acts_visited":["Exordium","TheCity","TheBeyond","TheEnding"],"potions_floor_usage":[6,8,16,16,23,23,23,33,41,46],"damage_taken":[{"damage":1,"enemies":"Cultist","floor":1,"turns":5},{"damage":29,"enemies":"Gremlin Nob","floor":6,"turns":6},{"damage":9,"enemies":"Lagavulin","floor":8,"turns":10},{"damage":5,"enemies":"Jaw Worm","floor":11,"turns":3},{"damage":0,"enemies":"Small Slimes","floor":12,"turns":3},{"damage":13,"enemies":"Exordium Thugs","floor":13,"turns":4},{"damage":13,"enemies":"Exordium Wildlife","floor":14,"turns":4},{"damage":14,"enemies":"Hexaghost","floor":16,"turns":7},{"damage":0,"enemies":"Shell Parasite","floor":18,"turns":2},{"damage":3,"enemies":"Chosen","floor":21,"turns":3},{"damage":1,"enemies":"Gremlin Leader","floor":23,"turns":4},{"damage":24,"enemies":"Slavers","floor":29,"turns":4},{"damage":13,"enemies":"Centurion and Healer","floor":30,"turns":2},{"damage":5,"enemies":"Snake Plant","floor":31,"turns":3},{"damage":10,"enemies":"Collector","floor":33,"turns":6},{"damage":6,"enemies":"Orb Walker","floor":35,"turns":2},{"damage":12,"enemies":"3 Darklings","floor":36,"turns":3},{"damage":8,"enemies":"Transient","floor":39,"turns":5},{"damage":5,"enemies":"Reptomancer","floor":41,"turns":4},{"damage":1,"enemies":"Giant Head","floor":42,"turns":4},{"damage":0,"enemies":"Spire Growth","floor":46,"turns":3},{"damage":0,"enemies":"Nemesis","floor":47,"turns":4},{"damage":7,"enemies":"4 Shapes","floor":48,"turns":3},{"damage":27,"enemies":"Donu and Deca","floor":50,"turns":4},{"damage":21,"enemies":"Shield and Spear","floor":54,"turns":1}],"seed_played":"6888913040777015509","potions_obtained":[{"floor":6,"key":"Poison Potion"},{"floor":14,"key":"Strength Potion"},{"floor":16,"key":"Explosive Potion"},{"floor":18,"key":"EssenceOfSteel"},{"floor":23,"key":"GhostInAJar"},{"floor":31,"key":"Energy Potion"},{"floor":33,"key":"DistilledChaos"}],"is_trial":false,"path_per_floor":["M","?","?","$","?","E","R","E","T","$","M","M","M","M","R","B",null,"M","?","$","M","?","E","R","?","T","AVR","R","E","M","M","R","B",null,"M","M","$","?","M","R","E","E","T","AVR","?","M","E","M","R","B",null,"R","$","E"],"character_chosen":"THE_SILENT","items_purchased":["HornCleat","Lee\u0027s Waffle","Well Laid Plans","hexamod:EctoCoolerPotion","PowerPotion","champ:CounterPotion","Whetstone","Bag of Marbles","Toy Ornithopter","HandDrill","Blade Dance+1","Endless Agony","expansioncontent:YouAreMine+1","SpeedPotion","Mayhem","infinitespire:PuzzleCube","Potion Belt","TheAbacus","Blade Dance+1","Infinite Blades","CunningPotion","Block Potion","Question Card","MealTicket","Membership Card","Backflip+1","Infinite Blades","StoneCalendar","Boot","TwistedFunnel","Finisher"],"campfire_rested":3,"item_purchase_floors":[4,4,4,4,4,4,4,10,10,10,10,10,10,10,10,20,20,20,20,20,20,20,37,37,37,37,37,53,53,53,53],"current_hp_per_floor":[76,76,76,84,84,55,55,46,46,46,41,41,28,15,55,51,84,84,84,84,81,81,83,83,83,83,83,83,60,49,46,46,43,84,78,68,68,68,60,60,55,54,54,54,54,54,54,47,47,20,20,20,20,0,0],"gold":65964,"neow_bonus":"TEN_PERCENT_HP_BONUS","is_daily":false,"chose_seed":false,"campfire_upgraded":4,"win_rate":0.0,"timestamp":1609151263,"path_taken":["M","?","?","$","?","E","R","E","T","$","M","?","M","M","R","BOSS","M","?","$","?","?","E","R","?","T","AVR","R","E","?","M","R","BOSS","M","M","$","?","M","R","E","E","T","AVR","?","M","E","M","R","BOSS","R","$","E"],"items_purchased_type":["Relic","Relic","Card","Potion","Potion","Potion","Relic","Relic","Relic","Relic","Card","Card","Card","Potion","Card","Relic","Relic","Relic","Card","Card","Potion","Potion","Relic","Relic","Relic","Card","Card","Relic","Relic","Relic","Card"],"build_version":"2020-12-22","purchased_purges":6,"victory":false,"max_hp_per_floor":[77,77,77,84,84,84,84,84,84,84,84,84,84,84,84,84,84,84,84,84,84,84,84,84,84,84,84,84,84,84,84,84,84,84,84,84,84,84,84,84,84,84,84,84,84,84,84,84,84,84,84,84,84,84,84],"card_choices":[{"not_picked":["PiercingWail","Backflip"],"picked":"Infinite Blades","floor":1},{"not_picked":["Blur+1","Choke"],"picked":"A Thousand Cuts","floor":6},{"not_picked":["Underhanded Strike","Caltrops","Reflex+1"],"picked":"SKIP","floor":8},{"not_picked":["Caltrops","Poisoned Stab"],"picked":"Endless Agony","floor":11},{"not_picked":["Outmaneuver+1","Deadly Poison+1"],"picked":"Backflip+1","floor":12},{"not_picked":["Leg Sweep+1","Dagger Throw","Glass Knife"],"picked":"SKIP","floor":13},{"not_picked":["Flying Knee","Dash"],"picked":"Calculated Gamble+1","floor":14},{"not_picked":["Unload","Corpse Explosion+1"],"picked":"Phantasmal Killer+1","floor":16},{"not_picked":["Flechettes","Endless Agony"],"picked":"Deflect+1","floor":18},{"not_picked":["Slice+1","Tactician+1"],"picked":"Blade Dance+1","floor":21},{"not_picked":["Underhanded Strike","PiercingWail+1"],"picked":"Expertise+1","floor":23},{"not_picked":["Reflex+1","All Out Attack"],"picked":"Envenom","floor":29},{"not_picked":["PiercingWail+1","Slice","Dagger Spray"],"picked":"SKIP","floor":30},{"not_picked":["Blade Dance+1","Heel Hook"],"picked":"Choke","floor":31},{"not_picked":["Wraith Form v2","Unload"],"picked":"Venomology+1","floor":33},{"not_picked":["Deflect+1","Bane+1"],"picked":"Backflip+1","floor":35},{"not_picked":["Caltrops","Dagger Spray","Dodge and Roll+1"],"picked":"SKIP","floor":36},{"not_picked":["Outmaneuver+1","Flying Knee+1","Prepared+1"],"picked":"Escape Plan+1","floor":39},{"not_picked":["Heel Hook+1","Flying Knee+1","Slice"],"picked":"A Thousand Cuts","floor":41},{"not_picked":["Dagger Throw+1","Outmaneuver+1","PiercingWail+1","Flying Knee"],"picked":"SKIP","floor":42},{"not_picked":["OpenUniverse+1","Tantrum","champ:RisingSlash+1","FollowUp"],"picked":"SKIP","floor":46},{"not_picked":["Koishi:PhantomStrike+1","sneckomod:SoulRoll+1","EmptyMind+1","PathToVictory+1"],"picked":"SKIP","floor":47},{"not_picked":["Slimebound:RollThrough","MysteriousBeam","Quick Slash","champ:BerserkersShout+1"],"picked":"SKIP","floor":48}],"player_experience":56212,"relics_obtained":[{"floor":6,"key":"Regal Pillow"},{"floor":8,"key":"Smiling Mask"},{"floor":23,"key":"infinitespire:Midas Blood"},{"floor":26,"key":"Paper Crane"},{"floor":29,"key":"WingedGreaves"},{"floor":41,"key":"Gambling Chip"},{"floor":42,"key":"infinitespire:CheckeredPen"},{"floor":43,"key":"Vajra"},{"floor":47,"key":"Darkstone Periapt"}],"event_choices":[{"damage_healed":0,"gold_gain":0,"player_choice":"Box","damage_taken":0,"relics_obtained":["infinitespire:WardingShard"],"max_hp_gain":0,"max_hp_loss":0,"event_name":"Big Fish","floor":2,"gold_loss":0,"cards_obtained":["Regret"]},{"damage_healed":0,"gold_gain":0,"player_choice":"Paid Gold","damage_taken":0,"relics_obtained":["Toxic Egg 2"],"max_hp_gain":0,"max_hp_loss":0,"event_name":"WeMeetAgain","floor":5,"gold_loss":112},{"cards_removed":["Regret"],"damage_healed":0,"gold_gain":0,"player_choice":"Offered Curse","damage_taken":0,"relics_obtained":["Spirit Poop"],"max_hp_gain":0,"max_hp_loss":0,"event_name":"Bonfire Elementals","floor":19,"gold_loss":0},{"damage_healed":0,"gold_gain":0,"player_choice":"Obtained Relic","damage_taken":0,"relics_obtained":["Blood Vial"],"max_hp_gain":0,"max_hp_loss":0,"event_name":"Addict","floor":22,"gold_loss":85},{"damage_healed":0,"gold_gain":0,"player_choice":"Rummage","damage_taken":0,"relics_obtained":["WarpedTongs"],"max_hp_gain":0,"max_hp_loss":0,"event_name":"Accursed Blacksmith","floor":25,"gold_loss":0,"cards_obtained":["Pain"]},{"damage_healed":0,"gold_gain":0,"player_choice":"Upgrade","damage_taken":0,"relics_obtained":["Mark of the Bloom"],"max_hp_gain":0,"max_hp_loss":0,"event_name":"MindBloom","floor":38,"gold_loss":0,"cards_upgraded":["Strike_G","Defend_G","Defend_G","Defend_G","Survivor","Neutralize","Well Laid Plans","Endless Agony","Mayhem","Endless Agony","Envenom","Choke","Infinite Blades"]},{"damage_healed":0,"gold_gain":0,"player_choice":"1 cards matched","damage_taken":0,"max_hp_gain":0,"max_hp_loss":0,"event_name":"Match and Keep!","floor":45,"gold_loss":0,"cards_obtained":["Outmaneuver"]}],"is_beta":false,"boss_relics":[{"not_picked":["Cursed Key","Coffee Dripper"],"picked":"WristBlade"},{"not_picked":["SacredBark","Runic Pyramid"],"picked":"Sozu"}],"items_purged_floors":[4,10,20,37,44,53],"is_endless":false,"potions_floor_spawned":[6,11,14,16,18,23,31,33,39,41,46,47],"killed_by":"Shield and Spear","ascension_level":1}}