{"host":"cjhtzh7tp54jdfyv","time":1609198130,"event":{"mods":["AchievementEnabler","BaseMod","Colored Map","Colored Powertips","Curses Come First","DeckTracker","Filter the Spire","Hermit","Minty Spire (QoL Compilation)","RNG Fix","Relic Sorter","Relic Stats","StSLib","The Cursed","The Disciple","The Marked","UnlockEverythingMod","Waifu the Spire","ojb\u0027s Better Paths Mod","ojb\u0027s Info Mod"],"gold_per_floor":[109,122,132,144,294,294,325,325,325,325,335,335,335],"floor_reached":12,"playtime":637,"items_purged":[],"score":160,"play_id":"bc2ff21d-cdc7-42ca-b1a1-03f78195684b","local_time":"20201228182850","is_ascension_mode":true,"campfire_choices":[{"data":"TheCursedMod:CursedBlade","floor":6.0,"key":"SMITH"},{"floor":10.0,"key":"REST"}],"circlet_count":0,"master_deck":["AscendersBane","TheCursedMod:Strike_TheCursed","TheCursedMod:Strike_TheCursed","TheCursedMod:Strike_TheCursed","TheCursedMod:Strike_TheCursed","TheCursedMod:Defend_TheCursed","TheCursedMod:Defend_TheCursed","TheCursedMod:Defend_TheCursed","TheCursedMod:Defend_TheCursed","TheCursedMod:CursedWand","TheCursedMod:CleanUpWorkshop","TheCursedMod:Dregs","TheCursedMod:SpitefulPlan+1","TheCursedMod:TacticalStrike","TheCursedMod:CursedBlade+1","TheCursedMod:SpitefulStrike","Doubt","TheCursedMod:NeowsMight","TheCursedMod:SpitefulStrike"],"relics":["TheCursedMod:BlackMagic101","Boot","Torii","Toxic Egg 2"],"acts_visited":["Exordium"],"potions_floor_usage":[12],"damage_taken":[{"damage":5.0,"enemies":"2 Louse","floor":1.0,"turns":3.0},{"damage":0.0,"enemies":"Small Slimes","floor":2.0,"turns":4.0},{"damage":2.0,"enemies":"Jaw Worm","floor":3.0,"turns":4.0},{"damage":11.0,"enemies":"Lots of Slimes","floor":4.0,"turns":4.0},{"damage":45.0,"enemies":"Gremlin Nob","floor":7.0,"turns":5.0},{"damage":13,"enemies":"Exordium Wildlife","floor":11,"turns":5},{"damage":0,"enemies":"Lagavulin","floor":12,"turns":4}],"seed_played":"5445901110598264503","potions_obtained":[{"floor":1.0,"key":"Block Potion"},{"floor":2.0,"key":"Swift Potion"},{"floor":11,"key":"SteroidPotion"}],"is_trial":false,"path_per_floor":["M","M","M","M","?","R","E","?","T","R","M","E"],"character_chosen":"THE_CURSED","items_purchased":[],"campfire_rested":1,"item_purchase_floors":[],"current_hp_per_floor":[59,59,57,46,46,46,1,1,1,22,9,9,9],"gold":335,"neow_bonus":"RANDOM_COMMON_RELIC","is_daily":false,"chose_seed":false,"campfire_upgraded":1,"win_rate":0.0,"timestamp":1609198130,"path_taken":["M","M","M","?","?","R","E","?","T","R","M","E"],"items_purchased_type":[],"build_version":"2020-12-22","purchased_purges":0,"victory":false,"max_hp_per_floor":[71,71,71,71,71,71,71,71,71,71,71,71,71],"relic_stats":{"Torii":1,"counters":[7,29],"Boot":[8],"obtain_stats":[{"TheCursedMod:BlackMagic101":0,"Torii":7,"Toxic Egg 2":9,"Boot":0},{"TheCursedMod:BlackMagic101":0,"Torii":5,"Toxic Egg 2":5,"Boot":0},{"TheCursedMod:BlackMagic101":0,"Torii":20,"Toxic Egg 2":20,"Boot":0}]},"card_choices":[{"not_picked":["TheCursedMod:TacticalStrike","TheCursedMod:SoulCrush"],"picked":"TheCursedMod:SpitefulPlan","floor":1.0},{"not_picked":["TheCursedMod:CircleOfCorruption","TheCursedMod:CursedArmor"],"picked":"TheCursedMod:TacticalStrike","floor":2.0},{"not_picked":["TheCursedMod:SoulReap","TheCursedMod:WearCloak"],"picked":"TheCursedMod:CursedBlade","floor":3.0},{"not_picked":["TheCursedMod:CursedMace","TheCursedMod:HellfireBreathing"],"picked":"TheCursedMod:SpitefulStrike","floor":4.0},{"not_picked":["TheCursedMod:Wield","TheCursedMod:RapidMovement"],"picked":"TheCursedMod:NeowsMight","floor":7.0},{"not_picked":["TheCursedMod:Evocation+1","TheCursedMod:SoulReap"],"picked":"TheCursedMod:SpitefulStrike","floor":11}],"player_experience":4490163,"relics_obtained":[{"floor":7.0,"key":"Torii"},{"floor":9.0,"key":"Toxic Egg 2"}],"event_choices":[{"damage_healed":0.0,"max_hp_gain":0.0,"max_hp_loss":0.0,"gold_gain":150.0,"event_name":"Liars Game","player_choice":"AGREE","floor":5.0,"gold_loss":0.0,"damage_taken":0.0,"cards_obtained":["Doubt"]},{"damage_healed":0.0,"max_hp_gain":0.0,"max_hp_loss":0.0,"gold_gain":0.0,"event_name":"Living Wall","player_choice":"Grow","floor":8.0,"gold_loss":0.0,"damage_taken":0.0,"cards_upgraded":["TheCursedMod:SpitefulPlan"]}],"is_beta":false,"boss_relics":[],"items_purged_floors":[],"is_endless":false,"potions_floor_spawned":[1,2,11],"killed_by":"Lagavulin","ascension_level":20}}