{"host":"2461dio7vetlq1z3","time":1609136525,"event":{"mods":["2.2 Compatiblity","AchievementEnabler","Aspiration","Bard","BaseMod","Better Third Choice","Friendly Minions","Hermit","Minty Spire (QoL Compilation)","Relic Stats","Spicy Shops","StSLib","Waifu the Spire"],"gold_per_floor":[119,69,85,96,96,96,124,124,124,124,137,163,192,205,205,302,302,315,315,315,335,335,335,366,43,43,53,78,78,78,78,78,176,176,190,203,103,119,164,193,193,213,288,288,318,318,335,347,347,347,347,347,4,37,37],"floor_reached":56,"playtime":4148,"items_purged":["bard:Strike","bard:Defend","bard:Defend"],"score":1328,"play_id":"40de47f7-11b5-48d7-9a31-ff21fd0c993e","local_time":"20201228072205","is_ascension_mode":false,"campfire_choices":[{"data":"bard:EchoEcho","floor":6,"key":"SMITH"},{"data":"bard:Inspire","floor":8,"key":"SMITH"},{"data":"bard:Riposte","floor":10,"key":"SMITH"},{"data":"bard:DiscordantVoice","floor":15,"key":"SMITH"},{"data":"RitualDagger","floor":23,"key":"SMITH"},{"data":"bard:SplendidForm","floor":30,"key":"SMITH"},{"data":"Ghostly","floor":32,"key":"SMITH"},{"data":"Ghostly","floor":41,"key":"SMITH"},{"data":"bard:SplendidForm","floor":44,"key":"SMITH"},{"floor":46,"key":"RECALL"},{"data":"Ghostly","floor":49,"key":"SMITH"},{"data":"Ghostly","floor":52,"key":"SMITH"}],"circlet_count":0,"master_deck":["bard:Strike","bard:Strike","bard:Defend","bard:Defend","bard:Riposte+1","bard:Inspire+1","bard:CovetousAura","bard:LingeringEcho","bard:EchoEcho+1","bard:EnGarde","bard:Flourish","bard:ThickOfTheFight","bard:DiscordantVoice+1","bard:SplendidForm+1","bard:Shout+1","bard:Heroism","Ghostly+1","Ghostly+1","Ghostly+1","Ghostly","Ghostly+1","bard:HideousLaughter+1","RitualDagger+1","bard:Greatness+1","bard:GreaterMagicWeapon","bard:SplendidForm+1","bard:Shifting","bard:LingeringPerformance","bard:Invisibility"],"relics":["bard:PitchPipe","bard:BagPipes","Kunai","Letter Opener","Odd Mushroom","Anchor","Runic Pyramid","Gambling Chip","StoneCalendar","The Courier","Nloth\u0027s Gift","bard:DeepVero","Lizard Tail","Du-Vu Doll","Thread and Needle","StrikeDummy"],"acts_visited":["Exordium","TheCity","TheBeyond","TheEnding"],"potions_floor_usage":[13,16,20,24,50,55,55],"damage_taken":[{"damage":0,"enemies":"Small Slimes","floor":1,"turns":4},{"damage":0,"enemies":"2 Louse","floor":3,"turns":3},{"damage":4,"enemies":"Jaw Worm","floor":4,"turns":3},{"damage":14,"enemies":"3 Sentries","floor":7,"turns":10},{"damage":12,"enemies":"Exordium Wildlife","floor":11,"turns":4},{"damage":0,"enemies":"The Mushroom Lair","floor":12,"turns":2},{"damage":10,"enemies":"Lagavulin","floor":13,"turns":6},{"damage":0,"enemies":"Blue Slaver","floor":14,"turns":2},{"damage":25,"enemies":"Slime Boss","floor":16,"turns":6},{"damage":0,"enemies":"Chosen","floor":18,"turns":4},{"damage":1,"enemies":"3 Byrds","floor":21,"turns":4},{"damage":2,"enemies":"Slavers","floor":24,"turns":4},{"damage":4,"enemies":"Cultist and Chosen","floor":27,"turns":6},{"damage":3,"enemies":"Book of Stabbing","floor":28,"turns":4},{"damage":1,"enemies":"Automaton","floor":33,"turns":8},{"damage":1,"enemies":"Orb Walker","floor":35,"turns":3},{"damage":0,"enemies":"3 Darklings","floor":36,"turns":5},{"damage":5,"enemies":"Jaw Worm Horde","floor":38,"turns":2},{"damage":2,"enemies":"2 Orb Walkers","floor":39,"turns":4},{"damage":0,"enemies":"Nemesis","floor":40,"turns":5},{"damage":2,"enemies":"4 Shapes","floor":42,"turns":6},{"damage":4,"enemies":"Reptomancer","floor":45,"turns":4},{"damage":0,"enemies":"Maw","floor":47,"turns":5},{"damage":0,"enemies":"Transient","floor":48,"turns":4},{"damage":0,"enemies":"Donu and Deca","floor":50,"turns":6},{"damage":0,"enemies":"Shield and Spear","floor":54,"turns":5},{"damage":40,"enemies":"The Heart","floor":55,"turns":13}],"seed_played":"-3020838573803977976","potions_obtained":[{"floor":1,"key":"Fruit Juice"},{"floor":3,"key":"LiquidMemories"},{"floor":12,"key":"AttackPotion"},{"floor":13,"key":"GamblersBrew"},{"floor":16,"key":"Fruit Juice"},{"floor":21,"key":"ColorlessPotion"},{"floor":28,"key":"Swift Potion"},{"floor":35,"key":"Dexterity Potion"},{"floor":45,"key":"Energy Potion"}],"is_trial":false,"path_per_floor":["M","?","M","M","?","R","E","R","T","R","M","?","E","M","R","B",null,"M","?","?","M","?","R","E","$","T","M","E","?","R","?","R","B",null,"M","M","$","M","?","E","R","M","T","R","E","R","M","M","R","B",null,"R","$","E","B",null],"character_chosen":"BARD","items_purchased":["Gambling Chip","bard:Invisibility"],"campfire_rested":0,"item_purchase_floors":[25,53],"current_hp_per_floor":[70,70,70,66,70,70,56,56,56,56,44,44,34,34,34,14,75,75,67,42,41,35,35,33,42,42,38,35,35,35,35,35,34,42,41,41,41,36,34,34,34,32,32,32,28,28,28,28,28,28,42,42,42,42,2],"gold":37,"neow_bonus":"ONE_RANDOM_RARE_CARD","is_daily":false,"chose_seed":false,"campfire_upgraded":11,"win_rate":0.0,"timestamp":1609136525,"path_taken":["M","?","M","M","?","R","E","R","T","R","M","?","E","M","R","BOSS","M","?","?","M","?","R","E","$","T","M","E","?","R","?","R","BOSS","M","M","?","M","?","E","R","M","T","R","E","R","?","M","R","BOSS","R","$","E","BOSS"],"items_purchased_type":["Relic","Card"],"build_version":"2020-12-22","purchased_purges":3,"victory":true,"max_hp_per_floor":[70,70,70,70,70,70,70,70,70,70,70,70,70,70,70,75,75,75,75,42,42,42,42,42,42,42,42,42,42,42,42,42,42,42,42,42,42,42,42,42,42,42,42,42,42,42,42,42,42,42,42,42,42,42,42],"relic_stats":{"Lizard Tail":0,"counters":[27,132],"Gambling Chip":[32],"StoneCalendar":[104],"Nloth\u0027s Gift":3,"Kunai":[18],"Letter Opener":[50],"obtain_stats":[{"bard:BagPipes":0,"bard:PitchPipe":0,"StoneCalendar":26,"Thread and Needle":45,"The Courier":28,"Letter Opener":9,"Odd Mushroom":12,"Du-Vu Doll":40,"Anchor":13,"Lizard Tail":39,"bard:DeepVero":34,"Gambling Chip":25,"MealTicket":24,"Nloth\u0027s Gift":31,"Kunai":7,"StrikeDummy":54,"Runic Pyramid":17},{"bard:BagPipes":0,"bard:PitchPipe":0,"StoneCalendar":12,"Thread and Needle":22,"The Courier":14,"Letter Opener":4,"Odd Mushroom":6,"Du-Vu Doll":20,"Anchor":7,"Lizard Tail":19,"bard:DeepVero":15,"Gambling Chip":12,"MealTicket":12,"Nloth\u0027s Gift":14,"Kunai":4,"StrikeDummy":26,"Runic Pyramid":9},{"bard:BagPipes":0,"bard:PitchPipe":0,"StoneCalendar":52,"Thread and Needle":99,"The Courier":62,"Letter Opener":20,"Odd Mushroom":26,"Du-Vu Doll":89,"Anchor":32,"Lizard Tail":84,"bard:DeepVero":70,"Gambling Chip":52,"MealTicket":52,"Nloth\u0027s Gift":62,"Kunai":20,"StrikeDummy":119,"Runic Pyramid":40}]},"card_choices":[{"not_picked":["bard:CuttingWords","bard:SixFourTime"],"picked":"bard:LingeringEcho","floor":1},{"not_picked":["bard:FeastOnFear","bard:StudiedStrike"],"picked":"bard:EchoEcho","floor":3},{"not_picked":["bard:Greatness","bard:GuardPoint"],"picked":"bard:EnGarde","floor":4},{"not_picked":["bard:QuickSong","bard:InspiringSong","bard:Improv"],"picked":"SKIP","floor":7},{"not_picked":["bard:HideousLaughter","bard:Fermata"],"picked":"bard:Flourish","floor":11},{"not_picked":["bard:TinyHut","bard:Sift"],"picked":"bard:ThickOfTheFight","floor":12},{"not_picked":["bard:OffKey","bard:BucklerBash","bard:CuttingWords"],"picked":"SKIP","floor":13},{"not_picked":["bard:Accelerando","bard:PhantasmalForce"],"picked":"bard:DiscordantVoice","floor":14},{"not_picked":["bard:Haste","bard:BottledSong"],"picked":"bard:SplendidForm","floor":16},{"not_picked":["bard:LingeringEcho+1","bard:EchoEcho+1"],"picked":"bard:Shout+1","floor":18},{"not_picked":["bard:Fermata+1","bard:EchoEcho"],"picked":"bard:Heroism","floor":19},{"not_picked":["bard:Balestra+1","bard:Thunderwave+1"],"picked":"bard:HideousLaughter+1","floor":21},{"not_picked":["bard:FeastOnFear","bard:Parry+1"],"picked":"bard:Greatness+1","floor":24},{"not_picked":["bard:ThickOfTheFight+1","bard:PhantasmalForce+1","bard:SixFourTime"],"picked":"SKIP","floor":27},{"not_picked":["bard:FingerOfDeath","bard:DiscordantVoice","bard:Shout"],"picked":"SKIP","floor":28},{"not_picked":["bard:DeathMetal","bard:MagnumOpus"],"picked":"bard:SplendidForm","floor":33},{"not_picked":["bard:PhantasmalForce+1","bard:BucklerBash+1","bard:OffKey"],"picked":"SKIP","floor":35},{"not_picked":["bard:TinyHut","bard:InspiringSong","bard:HideousLaughter"],"picked":"SKIP","floor":36},{"not_picked":["bard:BucklerBash+1","bard:PhantasmalForce+1","bard:FeastOnFear+1"],"picked":"SKIP","floor":38},{"not_picked":["bard:Aphasia","bard:StudiedStrike"],"picked":"bard:Shifting","floor":39},{"not_picked":["bard:Doot","bard:Sonata"],"picked":"bard:LingeringPerformance","floor":40},{"not_picked":["bard:ReverseGravity","bard:SongBolt+1","bard:Silence"],"picked":"SKIP","floor":42},{"not_picked":["bard:Shifting","bard:PhantasmalForce","bard:Flourish"],"picked":"SKIP","floor":45},{"not_picked":["bard:ThickOfTheFight+1","bard:Fermata","bard:FaerieFire+1"],"picked":"SKIP","floor":47},{"not_picked":["bard:GuardPoint","bard:SixFourTime","bard:Heroism"],"picked":"SKIP","floor":48},{"not_picked":["bard:Sift","bard:SixFourTime+1","bard:TinyHut+1"],"picked":"SKIP","floor":54}],"player_experience":970039,"relics_obtained":[{"floor":7,"key":"Kunai"},{"floor":9,"key":"Letter Opener"},{"floor":12,"key":"Odd Mushroom"},{"floor":13,"key":"Anchor"},{"floor":24,"key":"MealTicket"},{"floor":26,"key":"StoneCalendar"},{"floor":28,"key":"The Courier"},{"floor":39,"key":"Lizard Tail"},{"floor":40,"key":"Du-Vu Doll"},{"floor":45,"key":"Thread and Needle"},{"floor":54,"key":"StrikeDummy"}],"event_choices":[{"cards_removed":["bard:Strike"],"damage_healed":0,"gold_gain":0,"player_choice":"Card Removal","damage_taken":0,"max_hp_gain":0,"max_hp_loss":0,"event_name":"The Cleric","floor":2,"gold_loss":50},{"damage_healed":0,"gold_gain":0,"player_choice":"Fought Mushrooms","damage_taken":0,"max_hp_gain":0,"max_hp_loss":0,"event_name":"Mushrooms","floor":12,"gold_loss":0},{"damage_healed":0,"gold_gain":0,"player_choice":"Became a Ghost","damage_taken":0,"max_hp_gain":0,"max_hp_loss":38,"event_name":"Ghosts","floor":20,"gold_loss":0,"cards_obtained":["Ghostly","Ghostly","Ghostly","Ghostly","Ghostly"]},{"damage_healed":0,"gold_gain":0,"player_choice":"Dagger","damage_taken":6,"max_hp_gain":0,"max_hp_loss":0,"event_name":"betterThird:BetterNest","floor":22,"gold_loss":0,"cards_obtained":["RitualDagger"]},{"damage_healed":0,"gold_gain":0,"player_choice":"Read","damage_taken":0,"max_hp_gain":0,"max_hp_loss":0,"event_name":"The Library","floor":29,"gold_loss":0,"cards_obtained":["bard:GreaterMagicWeapon"]},{"damage_healed":0,"gold_gain":0,"player_choice":"Traded Relic","damage_taken":0,"relics_obtained":["Nloth\u0027s Gift"],"max_hp_gain":0,"max_hp_loss":0,"event_name":"N\u0027loth","floor":31,"relics_lost":["MealTicket"],"gold_loss":0},{"damage_healed":0,"gold_gain":0,"player_choice":"Fight","damage_taken":0,"max_hp_gain":0,"max_hp_loss":0,"event_name":"Mysterious Sphere","floor":39,"gold_loss":0}],"is_beta":false,"boss_relics":[{"not_picked":["aspiration:SecretTechniqueScroll","aspiration:RitualDagger"],"picked":"Runic Pyramid"},{"not_picked":["SacredBark","Tiny House"],"picked":"bard:DeepVero"}],"items_purged_floors":[25,25,37],"is_endless":false,"potions_floor_spawned":[1,3,12,13,16,21,28,35,39,45,48],"ascension_level":0}}