{"host":"5bdt6s51dmpd4l3v","time":1609117350,"event":{"mods":["AchievementEnabler","BaseMod","Colored Map","Colored Powertips","Highlight Path","Minty Spire (QoL Compilation)","Quick Restart","Rare Cards Sparkle","StSLib"],"gold_per_floor":[112,112,131,131,145,145,159,159,159,190,190,215,47,71,71,71,71],"floor_reached":16,"playtime":288,"items_purged":[],"score":194,"play_id":"c0cd2b76-3995-40d3-8e06-0c32761d257b","local_time":"20201228090230","is_ascension_mode":true,"campfire_choices":[{"data":"Flex","floor":6.0,"key":"SMITH"},{"data":"Offering","floor":8.0,"key":"SMITH"},{"data":"Headbutt","floor":11.0,"key":"SMITH"},{"data":"Limit Break","floor":15,"key":"SMITH"}],"circlet_count":0,"master_deck":["AscendersBane","Strike_R","Strike_R","Strike_R","Strike_R","Strike_R","Defend_R","Defend_R","Defend_R","Defend_R","Bash","Shrug It Off","Headbutt+1","Flex+1","Offering+1","Sword Boomerang","Limit Break+1"],"relics":["Burning Blood","NeowsBlessing","Blue Candle","Golden Idol","Matryoshka","Nunchaku","Strange Spoon"],"acts_visited":["Exordium"],"potions_floor_usage":[],"damage_taken":[{"damage":0.0,"enemies":"2 Louse","floor":1.0,"turns":1.0},{"damage":0.0,"enemies":"Small Slimes","floor":3.0,"turns":1.0},{"damage":0.0,"enemies":"Jaw Worm","floor":5.0,"turns":1.0},{"damage":12.0,"enemies":"Large Slime","floor":7.0,"turns":3.0},{"damage":46.0,"enemies":"Lagavulin","floor":10.0,"turns":4.0},{"damage":16.0,"enemies":"2 Fungi Beasts","floor":12.0,"turns":3.0},{"damage":8,"enemies":"Blue Slaver","floor":14,"turns":3},{"damage":36,"enemies":"Slime Boss","floor":16,"turns":5}],"seed_played":"-6880011543582949673","potions_obtained":[{"floor":3.0,"key":"PowerPotion"},{"floor":7.0,"key":"Strength Potion"},{"floor":10.0,"key":"FairyPotion"}],"is_trial":false,"path_per_floor":["M","?","M","?","M","R","M","R","T","E","R","M","$","M","R","B"],"character_chosen":"IRONCLAD","items_purchased":["Strange Spoon"],"campfire_rested":0,"item_purchase_floors":[13],"current_hp_per_floor":[74,69,75,49,55,55,49,49,49,9,9,28,28,26,26,0,0],"gold":71,"neow_bonus":"THREE_ENEMY_KILL","is_daily":false,"chose_seed":false,"campfire_upgraded":4,"win_rate":0.0,"timestamp":1609117350,"path_taken":["M","?","M","?","M","R","M","R","T","E","R","M","$","M","R","BOSS"],"items_purchased_type":["Relic"],"build_version":"2020-12-22","purchased_purges":0,"victory":false,"max_hp_per_floor":[75,75,75,75,75,75,75,75,75,75,75,75,75,75,75,75,75],"card_choices":[{"not_picked":["Power Through","Clothesline"],"picked":"Shrug It Off","floor":1.0},{"not_picked":["Wild Strike","Rupture"],"picked":"Headbutt","floor":3.0},{"not_picked":["Thunderclap","Feel No Pain"],"picked":"Flex","floor":5.0},{"not_picked":["Dual Wield","Shrug It Off"],"picked":"Offering","floor":7.0},{"not_picked":["Flex","Searing Blow","Flame Barrier"],"picked":"SKIP","floor":10.0},{"not_picked":["Disarm","Wild Strike"],"picked":"Sword Boomerang","floor":12.0},{"not_picked":["True Grit","Warcry"],"picked":"Limit Break","floor":14}],"player_experience":262458,"relics_obtained":[{"floor":9.0,"key":"Matryoshka"},{"floor":10.0,"key":"Nunchaku"}],"event_choices":[{"damage_healed":0.0,"max_hp_gain":0.0,"max_hp_loss":0.0,"gold_gain":0.0,"event_name":"Scrap Ooze","player_choice":"Success","floor":2.0,"gold_loss":0.0,"damage_taken":5.0,"relics_obtained":["Blue Candle"]},{"damage_healed":0.0,"max_hp_gain":0.0,"max_hp_loss":0.0,"gold_gain":0.0,"event_name":"Golden Idol","player_choice":"Take Damage","floor":4.0,"gold_loss":0.0,"damage_taken":26.0,"relics_obtained":["Golden Idol"]}],"is_beta":false,"boss_relics":[],"items_purged_floors":[],"is_endless":false,"potions_floor_spawned":[3,7,10],"killed_by":"Slime Boss","ascension_level":18}}