{"host":"640uue19m79c7wbt","time":1609141224,"event":{"mods":["BaseMod","Colored Map","Googly Eyes","Highlight Path","Minty Spire (QoL Compilation)","Quick Restart","StSLib"],"gold_per_floor":[113,19,32,32,207,232,232,260,312,312,344,362,462,479,479,479,479],"floor_reached":16,"playtime":450,"items_purged":[],"score":207,"play_id":"5685dd7b-af01-41db-962e-85d7f1e51447","local_time":"20201228024024","is_ascension_mode":true,"campfire_choices":[{"data":"Dagger Spray","floor":7,"key":"SMITH"},{"data":"After Image","floor":10,"key":"SMITH"},{"floor":15,"key":"REST"}],"circlet_count":0,"master_deck":["Strike_G+1","Strike_G","Strike_G","Strike_G+1","Strike_G","Defend_G","Defend_G","Defend_G","Defend_G","Defend_G","Survivor","Neutralize","Slice","Dagger Spray+1","Crippling Poison+1","Doubt","PiercingWail","After Image+1","Slice","Tactician","Cloak And Dagger"],"relics":["Ring of the Snake","NeowsBlessing","Bronze Scales","The Courier","Whetstone","Regal Pillow"],"acts_visited":["Exordium"],"potions_floor_usage":[8,11,16],"damage_taken":[{"damage":0.0,"enemies":"Jaw Worm","floor":1.0,"turns":1.0},{"damage":0.0,"enemies":"2 Louse","floor":3.0,"turns":1.0},{"damage":0,"enemies":"Lagavulin","floor":6,"turns":1},{"damage":21,"enemies":"3 Sentries","floor":8,"turns":6},{"damage":27,"enemies":"Lagavulin","floor":11,"turns":7},{"damage":0,"enemies":"Cultist","floor":12,"turns":4},{"damage":5,"enemies":"Blue Slaver","floor":14,"turns":4},{"damage":43,"enemies":"Hexaghost","floor":16,"turns":14}],"seed_played":"-8359318216440122722","potions_obtained":[{"floor":3.0,"key":"BlessingOfTheForge"},{"floor":6,"key":"BlessingOfTheForge"},{"floor":8,"key":"SpeedPotion"}],"is_trial":false,"path_per_floor":["M","$","M","?","?","E","R","E","T","R","E","M","?","M","R","B"],"character_chosen":"THE_SILENT","items_purchased":["Dagger Spray","Crippling Poison"],"campfire_rested":1,"item_purchase_floors":[2,2],"current_hp_per_floor":[63,63,63,63,63,63,63,42,42,42,15,15,15,10,46,3,3],"gold":479,"neow_bonus":"THREE_ENEMY_KILL","is_daily":false,"chose_seed":false,"campfire_upgraded":2,"win_rate":0.0,"timestamp":1609141224,"path_taken":["M","$","M","?","?","E","R","E","T","R","E","M","?","?","R","BOSS"],"items_purchased_type":["Card","Card"],"build_version":"2020-12-22","purchased_purges":0,"victory":false,"max_hp_per_floor":[70,70,70,70,70,70,70,70,70,70,70,70,70,70,70,70,70],"card_choices":[{"not_picked":["Concentrate","Backflip"],"picked":"Slice","floor":1.0},{"not_picked":["Deadly Poison","Deflect","Outmaneuver"],"picked":"SKIP","floor":3.0},{"not_picked":["Expertise","Prepared"],"picked":"PiercingWail","floor":6},{"not_picked":["Sucker Punch","Calculated Gamble"],"picked":"After Image","floor":8},{"not_picked":["Cloak And Dagger","Dash"],"picked":"Slice","floor":11},{"not_picked":["PiercingWail","Dagger Throw"],"picked":"Tactician","floor":12},{"not_picked":["Dagger Spray","Concentrate"],"picked":"Cloak And Dagger","floor":14}],"player_experience":1243369,"relics_obtained":[{"floor":6,"key":"Bronze Scales"},{"floor":8,"key":"The Courier"},{"floor":9,"key":"Whetstone"},{"floor":11,"key":"Regal Pillow"}],"event_choices":[{"damage_healed":0,"gold_gain":0,"player_choice":"Grow","damage_taken":0,"max_hp_gain":0,"max_hp_loss":0,"event_name":"Living Wall","floor":4,"gold_loss":0,"cards_upgraded":["Crippling Poison"]},{"damage_healed":0,"gold_gain":175,"player_choice":"AGREE","damage_taken":0,"max_hp_gain":0,"max_hp_loss":0,"event_name":"Liars Game","floor":5,"gold_loss":0,"cards_obtained":["Doubt"]},{"damage_healed":0,"gold_gain":100,"player_choice":"Pray","damage_taken":0,"max_hp_gain":0,"max_hp_loss":0,"event_name":"Golden Shrine","floor":13,"gold_loss":0}],"is_beta":false,"boss_relics":[],"items_purged_floors":[],"is_endless":false,"potions_floor_spawned":[3,6,8],"killed_by":"Hexaghost","ascension_level":9}}