{"host":"kfy60dohpfs0wpkg","time":1609165857,"event":{"mods":["Act Like it!","Ascension Reborn","BaseMod","CapriCore","Challenge The Spire","Chen","Gensokyo","Koishi","Marisa£®ÏF”Í°°ƒß¿Ì…≥£©","Minty Spire (QoL Compilation)","Quick Restart","Reimu£®≤©¿ˆ¡È√Œ£©","Remilia£®¿Ÿ√◊¿Ú—«£©","Replay The Spire","StSLib","The Administrix","The Animator","The Bug Knight","The Cursed","The Immortal","The Servant 0.9.4","Yakumo Yukari mod","Youmu£®ªÍ∆«—˝√Œ£©","Yuyuko"],"gold_per_floor":[111,111,131,131,150,150,185,200,200,225,225,259,269,285,285,382,382,382,382,382,382,14,14,14,14,14,14,14,14,14,14,14,14,14,14,14,14,14,14,14,14,14,14,14,14,14,14,14,14,14,14,14,14,14,14],"floor_reached":56,"playtime":2260,"items_purged":[],"score":1250,"play_id":"581f36e1-e47c-4c41-8a8e-9654ebf753fa","local_time":"20201228223057","is_ascension_mode":true,"campfire_choices":[{"data":"Replay:Poison Smokescreen","floor":6.0,"key":"SMITH"},{"floor":15.0,"key":"REST"},{"floor":32.0,"key":"DIG"},{"floor":40.0,"key":"REST"},{"data":"Apotheosis","floor":44.0,"key":"SMITH"},{"floor":49.0,"key":"RECALL"}],"circlet_count":0,"master_deck":["Strike_G","Strike_G","Strike_G","Strike_G","Defend_G","Defend_G","Defend_G","Defend_G","Defend_G","Survivor","Neutralize","Replay:Poison Smokescreen+1","Crippling Poison","Prepared","Poisoned Stab","Venomology","Poisoned Stab","Envenom","Blade Dance","Slice","Finisher+1","Noxious Fumes+1","Apotheosis+1","Escape Plan","Noxious Fumes+1","Atom Bomb","Pride","ReplayTheSpireMod:Speed Training+1","Deadly Poison+1","ReplayTheSpireMod:Necrosis+1","ReplayTheSpireMod:Doomed","Overencumbered","AscMod:ascendersbane","Deadly Poison+1","Expertise+1","Poisoned Stab","Prepared+1","Catalyst+1","Distraction+1","Toxin Wave+1","Distraction+1","Bouncing Flask+1"],"relics":["Ring of the Snake","Pear","Happy Flower","Replay:Multitool","Chameleon Ring","HornCleat","Toy Ornithopter","Ectoplasm","Snake Skull","Replay:Wax Seal","Replay:Rubber Ducky","GreatHeart","Toxic Egg 2","Replay:Ancient Bell","Replay:Baseball","CrazyTorch:ReiMu","Basket Of Snakes","Byrd Skull","Iron Hammer","Bag of Preparation","ReplayTheSpireMod:Shallot"],"acts_visited":["Gensokyo:Gensokyo","TheCity","TheBeyond","TheEnding"],"potions_floor_usage":[55,55,55],"damage_taken":[{"damage":0.0,"enemies":"Gensokyo:2_Kodama","floor":1.0,"turns":4.0},{"damage":1.0,"enemies":"Gensokyo:Python","floor":3.0,"turns":4.0},{"damage":0.0,"enemies":"Gensokyo:3_Fairies","floor":5.0,"turns":5.0},{"damage":42.0,"enemies":"Gensokyo:Cirno","floor":7.0,"turns":8.0},{"damage":3.0,"enemies":"Gensokyo:Kitsune","floor":8.0,"turns":4.0},{"damage":8.0,"enemies":"Gensokyo:Aya","floor":10.0,"turns":5.0},{"damage":8.0,"enemies":"Gensokyo:Mamizou","floor":12.0,"turns":8.0},{"damage":3.0,"enemies":"Gensokyo:Python_and_Kodama","floor":13.0,"turns":4.0},{"damage":4.0,"enemies":"Gensokyo:3_Kodama","floor":14.0,"turns":5.0},{"damage":33.0,"enemies":"Gensokyo:Yukari","floor":16.0,"turns":7.0},{"damage":4.0,"enemies":"3 Byrds","floor":18.0,"turns":7.0},{"damage":8.0,"enemies":"Shell Parasite","floor":21.0,"turns":6.0},{"damage":21.0,"enemies":"Gremlin Leader","floor":23.0,"turns":6.0},{"damage":23.0,"enemies":"Cultist and Chosen","floor":24.0,"turns":5.0},{"damage":0.0,"enemies":"3 Cultists","floor":25.0,"turns":4.0},{"damage":6.0,"enemies":"Snake Plant","floor":27.0,"turns":4.0},{"damage":2.0,"enemies":"Centurion and Healer","floor":28.0,"turns":5.0},{"damage":0.0,"enemies":"Shelled Parasite and Fungi","floor":30.0,"turns":4.0},{"damage":1.0,"enemies":"Snake Plant","floor":31.0,"turns":4.0},{"damage":22.0,"enemies":"Pondfish","floor":33.0,"turns":6.0},{"damage":1.0,"enemies":"Orb Walker","floor":35.0,"turns":3.0},{"damage":64.0,"enemies":"2 Orb Walkers","floor":36.0,"turns":5.0},{"damage":6.0,"enemies":"3 Shapes","floor":37.0,"turns":3.0},{"damage":21.0,"enemies":"Writhing Mass","floor":39.0,"turns":4.0},{"damage":20.0,"enemies":"Spire Growth","floor":42.0,"turns":4.0},{"damage":0.0,"enemies":"Transient","floor":45.0,"turns":5.0},{"damage":23.0,"enemies":"Reptomancer","floor":46.0,"turns":3.0},{"damage":0.0,"enemies":"4 Shapes","floor":47.0,"turns":3.0},{"damage":49.0,"enemies":"Time Eater","floor":50.0,"turns":6.0},{"damage":27.0,"enemies":"Shield and Spear","floor":54.0,"turns":5.0},{"damage":105,"enemies":"The Heart","floor":55,"turns":7}],"seed_played":"-1543026693721114106","potions_obtained":[{"floor":3.0,"key":"FairyPotion"},{"floor":5.0,"key":"FearPotion"},{"floor":7.0,"key":"GrandPatriotsElixir:ReiMu"},{"floor":13.0,"key":"Weak Potion"},{"floor":23.0,"key":"Reflective Coating"},{"floor":25.0,"key":"SpeedPotion"},{"floor":31.0,"key":"Dexterity Potion"},{"floor":37.0,"key":"Cursed Concoction"},{"floor":42.0,"key":"Regen Potion"},{"floor":46.0,"key":"SkillPotion"},{"floor":52.0,"key":"FairyPotion"},{"floor":52.0,"key":"Venom Potion"}],"is_trial":false,"path_per_floor":["M","?","M","?","M","R","E","M","T","E","?","E","M","M","R","B",null,"M","?","?","M","$","E","M","M","T","M","M","?","M","M","R","B",null,"M","?","M","?","M","R","T","M","T","R","M","E","M","$","R","B",null,"R","$","E","B",null],"character_chosen":"THE_SILENT","items_purchased":["Noxious Fumes+1","Snake Skull","Apotheosis"],"campfire_rested":2,"item_purchase_floors":[22,22,22],"current_hp_per_floor":[77,72,71,71,71,71,29,26,26,18,18,10,7,8,34,11,87,83,83,83,79,79,58,45,50,50,49,52,52,57,61,61,54,87,86,27,26,26,5,29,29,9,9,9,39,21,21,21,21,18,83,83,83,56,6],"gold":14,"neow_bonus":"TEN_PERCENT_HP_BONUS","is_daily":false,"chose_seed":false,"campfire_upgraded":2,"win_rate":0.0,"timestamp":1609165857,"path_taken":["M","?","M","?","M","R","E","M","T","E","?","E","?","M","R","BOSS","M","?","?","M","$","E","M","?","T","M","M","?","M","M","R","BOSS","M","?","M","?","M","R","?","M","T","R","M","E","?","$","R","BOSS","R","$","E","BOSS"],"items_purchased_type":["Card","Relic","Card"],"build_version":"2020-12-22","purchased_purges":0,"victory":true,"max_hp_per_floor":[77,87,87,87,87,87,87,87,87,87,87,87,87,87,87,87,87,87,87,87,87,87,87,87,87,87,87,87,87,87,87,87,87,87,87,87,87,83,83,83,83,83,83,83,83,83,83,83,83,83,83,83,83,83,83],"card_choices":[{"not_picked":["PiercingWail","Quick Slash"],"picked":"Bane","floor":1.0},{"not_picked":["Acrobatics","Dagger Spray"],"picked":"Replay:Poison Smokescreen","floor":3.0},{"not_picked":["Backflip","PiercingWail","Reflex"],"picked":"SKIP","floor":5.0},{"not_picked":["Dagger Throw","ReplayTheSpireMod:Shiv Toss"],"picked":"Crippling Poison","floor":7.0},{"not_picked":["Dagger Spray","Masterful Stab","Hidden Blade"],"picked":"SKIP","floor":8.0},{"not_picked":["Quick Slash","Dagger Throw"],"picked":"Prepared","floor":10.0},{"not_picked":["Hidden Blade","Infinite Blades"],"picked":"Poisoned Stab","floor":12.0},{"not_picked":["Dagger Spray","Quick Slash"],"picked":"Venomology","floor":13.0},{"not_picked":["Deflect","Slice"],"picked":"Poisoned Stab","floor":14.0},{"not_picked":["Adrenaline","Glass Knife"],"picked":"Envenom","floor":16.0},{"not_picked":["Choke","PiercingWail"],"picked":"Blade Dance","floor":18.0},{"not_picked":["Outmaneuver+1","Slice"],"picked":"Finisher+1","floor":21.0},{"not_picked":["Blur+1","All Out Attack+1","Dodge and Roll"],"picked":"SKIP","floor":23.0},{"not_picked":["Quick Slash","Dagger Throw"],"picked":"Escape Plan","floor":24.0},{"not_picked":["Dagger Spray","Deadly Poison+1"],"picked":"Noxious Fumes+1","floor":25.0},{"not_picked":["Eviscerate","Tactician+1","Choke"],"picked":"SKIP","floor":27.0},{"not_picked":["Eviscerate","Tactician+1","Choke"],"picked":"SKIP","floor":27.0},{"not_picked":["Eviscerate","All Out Attack"],"picked":"Atom Bomb","floor":28.0},{"not_picked":["ReplayTheSpireMod:Speed Training+1","Masterful Stab","Prepared"],"picked":"SKIP","floor":30.0},{"not_picked":["Masterful Stab","Prepared"],"picked":"ReplayTheSpireMod:Speed Training+1","floor":30.0},{"not_picked":["ReplayTheSpireMod:Scrap Shanks","Slice"],"picked":"Deadly Poison+1","floor":31.0},{"not_picked":["Adrenaline+1","After Image"],"picked":"ReplayTheSpireMod:Necrosis+1","floor":33.0},{"not_picked":["Hallucinations","AbeCurse"],"picked":"ReplayTheSpireMod:Doomed","floor":34.0},{"not_picked":["animator:Curse_Greed","animator:Curse_Nutcracker"],"picked":"Overencumbered","floor":34.0},{"not_picked":["Replay:Hysterical Blindness","Writhe"],"picked":"AscMod:ascendersbane","floor":34.0},{"not_picked":["Infinite Blades","Blur+1"],"picked":"Deadly Poison+1","floor":35.0},{"not_picked":["Infinite Blades","Endless Agony"],"picked":"Expertise+1","floor":36.0},{"not_picked":["Glass Knife","Endless Agony+1"],"picked":"Poisoned Stab","floor":37.0},{"not_picked":["Dagger Throw","Backstab"],"picked":"Prepared+1","floor":39.0},{"not_picked":["Acrobatics+1","PiercingWail+1"],"picked":"Catalyst+1","floor":42.0},{"not_picked":["Prepared+1","Blade Dance+1"],"picked":"Distraction+1","floor":45.0},{"not_picked":["Infinite Blades","Deadly Poison+1"],"picked":"Toxin Wave+1","floor":46.0},{"not_picked":["ReplayTheSpireMod:Tripwire+1","Blade Dance+1"],"picked":"Distraction+1","floor":47.0},{"not_picked":["Deflect+1","Sucker Punch"],"picked":"Bouncing Flask+1","floor":54.0}],"player_experience":70698,"relics_obtained":[{"floor":7.0,"key":"Replay:Multitool"},{"floor":9.0,"key":"Chameleon Ring"},{"floor":10.0,"key":"HornCleat"},{"floor":12.0,"key":"Toy Ornithopter"},{"floor":23.0,"key":"Replay:Wax Seal"},{"floor":26.0,"key":"Replay:Rubber Ducky"},{"floor":32.0,"key":"Toxic Egg 2"},{"floor":36.0,"key":"Byrd Skull"},{"floor":43.0,"key":"Iron Hammer"},{"floor":46.0,"key":"Bag of Preparation"},{"floor":54.0,"key":"ReplayTheSpireMod:Shallot"}],"event_choices":[{"damage_healed":0.0,"max_hp_gain":0.0,"max_hp_loss":0.0,"gold_gain":0.0,"cards_transformed":["Strike_G"],"event_name":"Transmorgrifier","player_choice":"Transformed","floor":20.0,"gold_loss":0.0,"damage_taken":0.0,"cards_obtained":["Slice"]},{"damage_healed":0.0,"max_hp_gain":0.0,"max_hp_loss":0.0,"gold_gain":0.0,"event_name":"Mysterious Sphere","player_choice":"Fight","floor":36.0,"gold_loss":0.0,"damage_taken":0.0},{"damage_healed":0.0,"max_hp_gain":0.0,"max_hp_loss":4.0,"gold_gain":0.0,"event_name":"Winding Halls","player_choice":"Max HP","floor":38.0,"gold_loss":0.0,"damage_taken":0.0}],"is_beta":false,"boss_relics":[{"not_picked":["Kintsugi","ReplayTheSpireMod:DimensionalGlitch"],"picked":"Ectoplasm"},{"not_picked":["Velvet Choker","Snecko Eye"],"picked":"Replay:Ancient Bell"},{"not_picked":["HollowMod:PaleOreRelic","Gremlin Food"],"picked":"Replay:Baseball"},{"not_picked":["Letter Opener","White Beast Statue"],"picked":"CrazyTorch:ReiMu"},{"not_picked":["Girya","Durian"],"picked":"Basket Of Snakes"}],"items_purged_floors":[],"is_endless":false,"potions_floor_spawned":[3,5,7,13,23,25,31,37,42,46,54],"ascension_level":0}}