{"host":"bzg9y3flbaqjj1j7","time":1609195606,"event":{"mods":["AchievementEnabler","Aspiration","BaseMod","Better Third Choice","Challenge The Spire","Hubris","Hyrulean Relics","Infinite Spire","Lobotomy","LobotomyExtend","Marisa????????","Marked Mod","Minty Spire (QoL Compilation)","Permanent Neow","Rare Cards Sparkle","Reimu??????","Remilia??????","Replay The Spire","Shade Mod","Shop Mod","StSLib","The Administrix","The Alterego","The Blue Laboratory","The Fake Hero","Waifu the Spire"],"gold_per_floor":[116,173,190,207,1,13,47,47,70,70,37,37,67,81,81,185,185,201,201,247,275,275,275,44,44,124,254,269,269],"floor_reached":29,"playtime":2495,"items_purged":["Lantern"],"score":276,"play_id":"210f8157-979e-49a0-945d-d99ad2fe1ceb","local_time":"20201228191646","is_ascension_mode":false,"campfire_choices":[{"floor":8.0,"key":"REST"}],"circlet_count":0,"master_deck":["SpecialBullet","SpecialBullet","SpecialBullet","SpecialBullet","SpecialBullet","SpecialBullet","SpecialBullet","SpecialBullet","InformationCode","DisciplinaryCode","ExtractionCode","OSAHOGD","ShedSkin","luka_mod:StressRelief","Regret_ego","Rudolta","ScreamingWedge","CrumblingArmor","luka_mod:StressRelief","DaCapo","FourthMatchFlame","LifeForTheDareDevil+1","Diffraction","RedShoes","luka_mod:Ora","luka_mod:SpoilerForm","SecurityCode","Yin","Ecstasy+1","Noise","TrainingCode","GreedKing","Reverberation","BlueStar"],"relics":["CogitoBucket","LetterFromLob","MerchantsRug","zeldaRelics:CourageTriforce","CultistMask","BackwardClock","zeldaRelics:Boomerang","zeldaRelics:WisdomTriforce","Yang_Lob","hubris:Teleporter","HellTrain"],"acts_visited":["Exordium","TheCity"],"potions_floor_usage":[27,28],"damage_taken":[{"damage":7.0,"enemies":"Small Slimes","floor":1.0,"turns":3.0},{"damage":9.0,"enemies":"infinitespire:Voidling","floor":3.0,"turns":3.0},{"damage":2.0,"enemies":"Jaw Worm","floor":4.0,"turns":3.0},{"damage":10.0,"enemies":"2 Fungi Beasts","floor":6.0,"turns":5.0},{"damage":0.0,"enemies":"Lagavulin","floor":7.0,"turns":3.0},{"damage":8.0,"enemies":"Gremlin Nob","floor":13.0,"turns":3.0},{"damage":0.0,"enemies":"Large Slime","floor":14.0,"turns":3.0},{"damage":19,"enemies":"The Guardian","floor":16,"turns":9},{"damage":32,"enemies":"3 Byrds","floor":18,"turns":4},{"damage":0,"enemies":"Shell Parasite","floor":21,"turns":4},{"damage":12,"enemies":"Slavers","floor":27,"turns":5},{"damage":29,"enemies":"Centurion and Healer","floor":28,"turns":4},{"damage":18,"enemies":"3 Cultists","floor":29,"turns":2}],"seed_played":"-1756481967911530855","potions_obtained":[{"floor":1.0,"key":"blueLaboratory:ImpenetrablePotion"},{"floor":2.0,"key":"MagicPotion:ReiMu"}],"is_trial":true,"path_per_floor":["M","?","M","M","$","M","E","R","T","?","$","?","E","M","R","B",null,"M","AVR","T","M","T","R","$","?","E","M","M"],"character_chosen":"Angela","items_purchased":["MerchantsRug","LifeForTheDareDevil","hubris:Teleporter","blueLaboratory:StoneskinPotion"],"campfire_rested":1,"item_purchase_floors":[5,11,24,24],"current_hp_per_floor":[63,46,37,35,35,25,25,46,46,51,51,51,43,43,43,24,75,43,43,43,51,51,51,51,51,47,18,0,0],"gold":269,"neow_bonus":"","is_daily":false,"chose_seed":false,"campfire_upgraded":0,"win_rate":0.0,"timestamp":1609195606,"path_taken":["M","?","?","M","$","M","E","R","T","?","?","?","E","?","R","BOSS","M","AVR","?","M","?","R","$","?","E","M","?"],"items_purchased_type":["Relic","Card","Relic","Potion"],"build_version":"2020-12-22","purchased_purges":1,"victory":false,"max_hp_per_floor":[70,70,70,70,70,70,70,70,70,75,75,75,75,75,75,75,75,75,75,75,75,75,75,75,75,75,75,75,75],"card_choices":[{"not_picked":["luka_mod:GuardedStrike"],"picked":"Lantern","floor":1.0},{"not_picked":["UniverseFragment","FairyFestival"],"picked":"OSAHOGD","floor":1.0},{"not_picked":["Lantern"],"picked":"ShedSkin","floor":2.0},{"not_picked":["FeatherOfHonor"],"picked":"luka_mod:StressRelief","floor":2.0},{"not_picked":["CherryBlossom"],"picked":"Regret_ego","floor":3.0},{"not_picked":["VoidDream","Alriune"],"picked":"Rudolta","floor":3.0},{"not_picked":["CUTE"],"picked":"ScreamingWedge","floor":3.0},{"not_picked":["LittlePrince","UniverseFragment"],"picked":"CrumblingArmor","floor":4.0},{"not_picked":["luka_mod:Calm"],"picked":"luka_mod:StressRelief","floor":4.0},{"not_picked":["luka_mod:DemonSkullBeheading","luka_mod:FireSlash"],"picked":"SKIP","floor":4.0},{"not_picked":["luka_mod:DemonSkullBeheading","luka_mod:FireSlash"],"picked":"SKIP","floor":4.0},{"not_picked":["luka_mod:DemonSkullBeheading","luka_mod:FireSlash"],"picked":"SKIP","floor":4.0},{"not_picked":["Harvest"],"picked":"DaCapo","floor":6.0},{"not_picked":["WristCuter","luka_mod:NeverSurrender"],"picked":"SKIP","floor":6.0},{"not_picked":["InTheNameOfLoveAndHate"],"picked":"FourthMatchFlame","floor":7.0},{"not_picked":["Harvest"],"picked":"Diffraction","floor":13.0},{"not_picked":["FairyFestival","BlackSwan"],"picked":"RedShoes","floor":14.0},{"not_picked":["luka_mod:Struggle","luka_mod:Calm"],"picked":"SKIP","floor":14.0},{"not_picked":["luka_mod:Granberia"],"picked":"luka_mod:Ora","floor":16},{"not_picked":["Adoration"],"picked":"luka_mod:SpoilerForm","floor":16},{"not_picked":["Scorched","FairyFestival"],"picked":"Yin","floor":18},{"not_picked":["Spore+1"],"picked":"Ecstasy+1","floor":18},{"not_picked":["luka_mod:Struggle"],"picked":"Noise","floor":21},{"not_picked":["Wingbeat","luka_mod:DemonDecapitation"],"picked":"SKIP","floor":21},{"not_picked":["SingingMachine","Variant"],"picked":"GreedKing","floor":27},{"not_picked":["luka_mod:IliasesJudgement"],"picked":"Reverberation","floor":27},{"not_picked":["Harvest","luka_mod:WaterSlash"],"picked":"SKIP","floor":27},{"not_picked":["Freischutz","Mercenary"],"picked":"BlueStar","floor":28},{"not_picked":["luka_mod:ThunderThrust","RapturousDream"],"picked":"SKIP","floor":28}],"player_experience":133133,"relics_obtained":[{"floor":1.0,"key":"LetterFromLob"},{"floor":2.0,"key":"Smiling Mask"},{"floor":7.0,"key":"zeldaRelics:CouragePiece"},{"floor":9.0,"key":"zeldaRelics:CouragePiece"},{"floor":13.0,"key":"zeldaRelics:CouragePiece"},{"floor":20,"key":"zeldaRelics:WisdomPiece"},{"floor":22,"key":"zeldaRelics:WisdomPiece"},{"floor":27,"key":"zeldaRelics:WisdomPiece"}],"event_choices":[{"damage_healed":0.0,"max_hp_gain":5.0,"max_hp_loss":0.0,"gold_gain":0.0,"event_name":"Big Fish","player_choice":"Donut","floor":10.0,"gold_loss":0.0,"damage_taken":0.0},{"damage_healed":0.0,"max_hp_gain":0.0,"max_hp_loss":0.0,"gold_gain":0.0,"event_name":"FaceTrader","player_choice":"Trade","floor":12.0,"gold_loss":0.0,"damage_taken":0.0,"relics_obtained":["CultistMask"]},{"damage_healed":0,"gold_gain":0,"player_choice":"Upgraded","damage_taken":0,"max_hp_gain":0,"max_hp_loss":0,"event_name":"Upgrade Shrine","floor":25,"gold_loss":0,"cards_upgraded":["LifeForTheDareDevil"]}],"is_beta":false,"boss_relics":[{"not_picked":["Replay:Bronze Core","Cursed Key"],"picked":"hubris:GrandSneckoEye"}],"items_purged_floors":[5],"is_endless":false,"potions_floor_spawned":[1],"killed_by":"3 Cultists","ascension_level":0}}