{"host":"wshh0nphwn6jv7vj","time":1609176010,"event":{"mods":["BaseMod","Bestiary","Minty Spire (QoL Compilation)"],"gold_per_floor":[117,117,133,133,133,158,170,201,201,52,62,62,92,108,108,181,181,195,210,54,69,89,115,115,115,115,115,115],"floor_reached":27,"playtime":2085,"items_purged":["Strike_R","Strike_R"],"score":514,"play_id":"40935372-d3f4-4197-92c2-5d21d7d19c65","local_time":"20201228122010","is_ascension_mode":true,"campfire_choices":[{"data":"Flame Barrier","floor":12,"key":"SMITH"},{"data":"Inflame","floor":15,"key":"SMITH"},{"data":"Armaments","floor":25,"key":"SMITH"}],"circlet_count":0,"master_deck":["AscendersBane","Strike_R","Strike_R","Defend_R","Defend_R","Defend_R","Defend_R","Bash","Searing Blow","Burning Pact","Rampage+1","Battle Trance","Flame Barrier+1","Inflame+1","Pommel Strike","Reaper","Corruption","Sword Boomerang+1","Armaments+1","Twin Strike","Berserk","Writhe"],"relics":["Black Blood","NeowsBlessing","Self Forming Clay","Mummified Hand","Kunai","Vajra","Nunchaku","Toxic Egg 2"],"acts_visited":["Exordium","TheCity"],"potions_floor_usage":[8,16,16,16,19,21,23],"damage_taken":[{"damage":0,"enemies":"Small Slimes","floor":1,"turns":1},{"damage":0,"enemies":"Cultist","floor":3,"turns":1},{"damage":0,"enemies":"Gremlin Nob","floor":6,"turns":1},{"damage":8,"enemies":"2 Louse","floor":7,"turns":2},{"damage":22,"enemies":"Lagavulin","floor":8,"turns":6},{"damage":23,"enemies":"Gremlin Gang","floor":11,"turns":6},{"damage":12,"enemies":"3 Sentries","floor":13,"turns":7},{"damage":0,"enemies":"3 Louse","floor":14,"turns":2},{"damage":26,"enemies":"Slime Boss","floor":16,"turns":8},{"damage":18,"enemies":"3 Byrds","floor":18,"turns":5},{"damage":11,"enemies":"Shell Parasite","floor":19,"turns":5},{"damage":32,"enemies":"Snake Plant","floor":21,"turns":4},{"damage":13,"enemies":"Snecko","floor":22,"turns":5},{"damage":63,"enemies":"Slavers","floor":23,"turns":7},{"damage":39,"enemies":"Book of Stabbing","floor":27,"turns":4}],"seed_played":"-234850368577255120","potions_obtained":[{"floor":1,"key":"FearPotion"},{"floor":3,"key":"PowerPotion"},{"floor":11,"key":"Fire Potion"},{"floor":14,"key":"EntropicBrew"},{"floor":18,"key":"BlessingOfTheForge"},{"floor":19,"key":"LiquidMemories"},{"floor":21,"key":"Ancient Potion"}],"is_trial":false,"path_per_floor":["M","?","M","?","?","E","M","E","T","$","M","R","E","M","R","B",null,"M","M","$","M","M","E","?","R","T","E"],"character_chosen":"IRONCLAD","items_purchased":["Inflame","Armaments"],"campfire_rested":0,"item_purchase_floors":[10,20],"current_hp_per_floor":[74,74,75,75,75,75,73,57,57,57,40,40,34,48,48,44,67,69,73,73,53,57,30,30,30,30,0,0],"gold":115,"neow_bonus":"THREE_ENEMY_KILL","is_daily":false,"chose_seed":false,"campfire_upgraded":3,"win_rate":0.0,"timestamp":1609176010,"path_taken":["M","?","?","?","?","E","?","E","T","$","M","R","E","M","R","BOSS","M","M","$","M","M","E","?","R","T","E"],"items_purchased_type":["Card","Card"],"build_version":"2020-12-22","purchased_purges":2,"victory":false,"max_hp_per_floor":[75,75,75,75,75,75,75,75,75,75,75,75,75,75,75,75,75,75,75,75,75,75,75,75,75,75,75,75],"card_choices":[{"not_picked":["Bloodletting","Flex"],"picked":"Searing Blow","floor":1},{"not_picked":["Perfected Strike","True Grit"],"picked":"Rampage","floor":3},{"not_picked":["True Grit","Burning Pact"],"picked":"Battle Trance","floor":6},{"not_picked":["Combust","Perfected Strike","Sword Boomerang"],"picked":"SKIP","floor":7},{"not_picked":["Limit Break","Heavy Blade"],"picked":"Flame Barrier","floor":8},{"not_picked":["Perfected Strike","Rupture"],"picked":"Pommel Strike","floor":11},{"not_picked":["Pommel Strike","Body Slam"],"picked":"Reaper","floor":13},{"not_picked":["Bloodletting","Clash","Flex"],"picked":"SKIP","floor":14},{"not_picked":["Juggernaut","Berserk"],"picked":"Corruption","floor":16},{"not_picked":["Flex","Sword Boomerang","Pummel"],"picked":"SKIP","floor":18},{"not_picked":["Power Through","Second Wind"],"picked":"Sword Boomerang+1","floor":19},{"not_picked":["Pommel Strike","Headbutt","Warcry"],"picked":"SKIP","floor":21},{"not_picked":["Iron Wave","Warcry"],"picked":"Twin Strike","floor":22},{"not_picked":["Headbutt","Heavy Blade"],"picked":"Berserk","floor":23}],"player_experience":1516936,"relics_obtained":[{"floor":6,"key":"Self Forming Clay"},{"floor":8,"key":"Mummified Hand"},{"floor":9,"key":"Kunai"},{"floor":13,"key":"Vajra"},{"floor":23,"key":"Nunchaku"}],"event_choices":[{"damage_healed":0,"gold_gain":0,"cards_transformed":["Strike_R"],"player_choice":"Transformed","damage_taken":0,"max_hp_gain":0,"max_hp_loss":0,"event_name":"Transmorgrifier","floor":2,"gold_loss":0,"cards_obtained":["Burning Pact"]},{"damage_healed":0,"gold_gain":0,"player_choice":"Ignored","damage_taken":0,"max_hp_gain":0,"max_hp_loss":0,"event_name":"Liars Game","floor":4,"gold_loss":0},{"damage_healed":0,"gold_gain":0,"player_choice":"Upgraded","damage_taken":0,"max_hp_gain":0,"max_hp_loss":0,"event_name":"Upgrade Shrine","floor":5,"gold_loss":0,"cards_upgraded":["Rampage"]},{"damage_healed":0,"gold_gain":0,"player_choice":"Opened","damage_taken":0,"relics_obtained":["Toxic Egg 2"],"max_hp_gain":0,"max_hp_loss":0,"event_name":"The Mausoleum","floor":24,"gold_loss":0,"cards_obtained":["Writhe"]}],"is_beta":false,"boss_relics":[{"not_picked":["Ectoplasm","Velvet Choker"],"picked":"Black Blood"}],"items_purged_floors":[10,20],"is_endless":false,"potions_floor_spawned":[1,3,11,13,14,18,19,21],"killed_by":"Book of Stabbing","ascension_level":17}}