{"host":"pynofkhbweftzsaw","time":1609175723,"event":{"mods":["BaseMod","Colored Map","Minty Spire (QoL Compilation)","StSLib"],"gold_per_floor":[110,122,122,137,150,177,177,177,177,215,215,230,251,287,287,408,408,429,32,32,57,71,107,122,155,155,169,194,194,194,194,194,297,297,317,334,334,346,5,40,52,52,52,101,128,145,176,176,176,176],"floor_reached":51,"playtime":2736,"items_purged":["Defend_R","Defend_R"],"score":924,"play_id":"31dcca4c-4623-4e10-b701-b293d4e6b279","local_time":"20201229011523","is_ascension_mode":false,"campfire_choices":[{"data":"Bash","floor":7,"key":"SMITH"},{"data":"Flex","floor":15,"key":"SMITH"},{"data":"Demon Form","floor":29,"key":"SMITH"},{"data":"Pommel Strike","floor":32,"key":"SMITH"},{"floor":42,"key":"RECALL"},{"data":"Limit Break","floor":49,"key":"SMITH"}],"circlet_count":0,"master_deck":["Strike_R","Strike_R","Strike_R","Strike_R","Strike_R","Defend_R","Defend_R","Bash+1","Twin Strike","Pommel Strike","Twin Strike","Warcry","Flex+1","Injury","Demon Form+1","Wild Strike","Twin Strike","Twin Strike","Limit Break+1","Heavy Blade+1","Master of Strategy","Necronomicurse","Pommel Strike+1","Rage","Pummel+1","Rage","Wild Strike","Headbutt","Writhe","Brutality","Heavy Blade+1","Perfected Strike","Limit Break","Twin Strike+1","Wild Strike","Seeing Red+1"],"relics":["Burning Blood","Ornamental Fan","Self Forming Clay","Bloody Idol","InkBottle","Torii","Charon\u0027s Ashes","White Beast Statue","Coffee Dripper","Ancient Tea Set","Necronomicon","Ginger","Anchor","Du-Vu Doll","Boot","Black Star","Smiling Mask","Sling","Potion Belt","Mercury Hourglass","Shovel","Bottled Lightning","Lantern","Mummified Hand","Happy Flower"],"acts_visited":["Exordium","TheCity","TheBeyond"],"potions_floor_usage":[6,16,22,23,23,23,23,25,33,33,46,50],"damage_taken":[{"damage":0,"enemies":"2 Louse","floor":1,"turns":3},{"damage":1,"enemies":"Jaw Worm","floor":2,"turns":3},{"damage":0,"enemies":"Cultist","floor":4,"turns":2},{"damage":12,"enemies":"Blue Slaver","floor":5,"turns":2},{"damage":22,"enemies":"Lagavulin","floor":6,"turns":5},{"damage":19,"enemies":"3 Sentries","floor":10,"turns":8},{"damage":3,"enemies":"3 Louse","floor":12,"turns":4},{"damage":3,"enemies":"Lots of Slimes","floor":13,"turns":3},{"damage":14,"enemies":"Lagavulin","floor":14,"turns":5},{"damage":6,"enemies":"Hexaghost","floor":16,"turns":7},{"damage":11,"enemies":"2 Thieves","floor":18,"turns":4},{"damage":6,"enemies":"Spheric Guardian","floor":21,"turns":3},{"damage":11,"enemies":"Snecko","floor":22,"turns":3},{"damage":10,"enemies":"Slavers","floor":23,"turns":3},{"damage":15,"enemies":"Snake Plant","floor":24,"turns":3},{"damage":19,"enemies":"Gremlin Leader","floor":25,"turns":4},{"damage":1,"enemies":"3 Cultists","floor":27,"turns":3},{"damage":0,"enemies":"Centurion and Healer","floor":28,"turns":3},{"damage":14,"enemies":"Automaton","floor":33,"turns":4},{"damage":12,"enemies":"3 Shapes","floor":35,"turns":3},{"damage":0,"enemies":"Orb Walker","floor":36,"turns":1},{"damage":0,"enemies":"Spire Growth","floor":38,"turns":2},{"damage":0,"enemies":"Giant Head","floor":40,"turns":3},{"damage":0,"enemies":"Sphere and 2 Shapes","floor":41,"turns":2},{"damage":1,"enemies":"2 Orb Walkers","floor":44,"turns":2},{"damage":40,"enemies":"Nemesis","floor":45,"turns":3},{"damage":8,"enemies":"Jaw Worm Horde","floor":46,"turns":3},{"damage":0,"enemies":"Reptomancer","floor":47,"turns":2},{"damage":26,"enemies":"Donu and Deca","floor":50,"turns":5}],"seed_played":"2162075990277580352","potions_obtained":[{"floor":2,"key":"PowerPotion"},{"floor":6,"key":"HeartOfIron"},{"floor":10,"key":"Fire Potion"},{"floor":14,"key":"PowerPotion"},{"floor":16,"key":"SkillPotion"},{"floor":22,"key":"ColorlessPotion"},{"floor":23,"key":"Fruit Juice"},{"floor":24,"key":"Energy Potion"},{"floor":25,"key":"AttackPotion"},{"floor":27,"key":"Ancient Potion"},{"floor":28,"key":"ColorlessPotion"},{"floor":33,"key":"SteroidPotion"},{"floor":35,"key":"BloodPotion"},{"floor":36,"key":"EntropicBrew"},{"floor":38,"key":"DuplicationPotion"},{"floor":40,"key":"Regen Potion"},{"floor":41,"key":"EssenceOfSteel"},{"floor":46,"key":"SkillPotion"}],"is_trial":false,"path_per_floor":["M","M","?","M","M","E","R","?","T","E","T","M","M","E","R","B",null,"M","$","?","M","M","E","M","E","T","M","M","R","?","?","R","B",null,"M","M","?","M","$","E","M","R","T","?","E","M","E","T","R","B",null],"character_chosen":"IRONCLAD","items_purchased":["Ancient Tea Set","Master of Strategy","Sling","Limit Break"],"campfire_rested":0,"item_purchase_floors":[19,19,39,39],"current_hp_per_floor":[80,80,73,79,73,57,57,57,57,44,44,47,50,42,42,42,80,75,75,59,59,54,55,46,33,33,38,44,44,44,44,44,41,85,84,85,85,85,85,85,85,85,85,85,56,76,85,85,85,65],"gold":176,"neow_bonus":"THREE_CARDS","is_daily":false,"chose_seed":false,"campfire_upgraded":5,"win_rate":0.0,"timestamp":1609175723,"path_taken":["M","M","?","M","M","E","R","?","T","E","?","M","M","E","R","BOSS","M","$","?","M","M","E","M","E","T","M","M","R","?","?","R","BOSS","M","M","?","?","$","E","M","R","T","?","E","M","E","?","R","BOSS"],"items_purchased_type":["Relic","Card","Relic","Card"],"build_version":"2020-12-22","purchased_purges":2,"victory":true,"max_hp_per_floor":[80,80,80,80,80,80,80,80,80,80,80,80,80,80,80,80,80,80,80,80,80,80,85,85,85,85,85,85,85,85,85,85,85,85,85,85,85,85,85,85,85,85,85,85,85,85,85,85,85,85],"card_choices":[{"not_picked":["Flex","Pummel"],"picked":"Twin Strike","floor":0},{"not_picked":["Iron Wave","Dual Wield"],"picked":"Pommel Strike","floor":1},{"not_picked":["Flex","Searing Blow"],"picked":"Twin Strike","floor":2},{"not_picked":["True Grit","Armaments","Dual Wield"],"picked":"SKIP","floor":4},{"not_picked":["Body Slam","Reckless Charge"],"picked":"Warcry","floor":5},{"not_picked":["Impervious","Shrug It Off"],"picked":"Flex","floor":6},{"not_picked":["Iron Wave","Warcry"],"picked":"Demon Form","floor":10},{"not_picked":["Clothesline","Shockwave"],"picked":"Wild Strike","floor":12},{"not_picked":["Combust","Wild Strike"],"picked":"Twin Strike","floor":13},{"not_picked":["Warcry","Anger"],"picked":"Twin Strike","floor":14},{"not_picked":["Double Tap","Feed"],"picked":"Limit Break","floor":16},{"not_picked":["Wild Strike","Warcry+1"],"picked":"Heavy Blade+1","floor":18},{"not_picked":["Cleave","Metallicize"],"picked":"Pommel Strike","floor":21},{"not_picked":["Entrench","Evolve","Shrug It Off"],"picked":"SKIP","floor":22},{"not_picked":["Intimidate","Headbutt"],"picked":"Rage","floor":23},{"not_picked":["Warcry","Clothesline"],"picked":"Pummel+1","floor":24},{"not_picked":["Iron Wave","Dark Embrace"],"picked":"Rage","floor":25},{"not_picked":["Body Slam","Disarm"],"picked":"Wild Strike","floor":27},{"not_picked":["Flame Barrier+1","Brutality"],"picked":"Headbutt","floor":28},{"not_picked":["Corruption","Offering"],"picked":"Brutality","floor":33},{"not_picked":["Burning Pact","Anger"],"picked":"Heavy Blade+1","floor":35},{"not_picked":["Armaments","Pummel"],"picked":"Perfected Strike","floor":36},{"not_picked":["Thunderclap","Combust","Armaments"],"picked":"SKIP","floor":38},{"not_picked":["Uppercut","Iron Wave","Fire Breathing"],"picked":"SKIP","floor":40},{"not_picked":["Clothesline+1","Body Slam"],"picked":"Twin Strike+1","floor":41},{"not_picked":["Shrug It Off","Flame Barrier+1"],"picked":"Wild Strike","floor":44},{"not_picked":["Immolate","Body Slam+1","Flame Barrier"],"picked":"SKIP","floor":45},{"not_picked":["Armaments+1","Clash"],"picked":"Seeing Red+1","floor":46},{"not_picked":["Clothesline+1","Shrug It Off+1","Evolve"],"picked":"SKIP","floor":47}],"player_experience":43909,"relics_obtained":[{"floor":6,"key":"Self Forming Clay"},{"floor":9,"key":"InkBottle"},{"floor":10,"key":"Torii"},{"floor":11,"key":"Charon\u0027s Ashes"},{"floor":14,"key":"White Beast Statue"},{"floor":20,"key":"Necronomicon"},{"floor":23,"key":"Ginger"},{"floor":25,"key":"Anchor"},{"floor":26,"key":"Du-Vu Doll"},{"floor":40,"key":"Potion Belt"},{"floor":40,"key":"Mercury Hourglass"},{"floor":44,"key":"Shovel"},{"floor":45,"key":"Bottled Lightning"},{"floor":47,"key":"Lantern"},{"floor":47,"key":"Mummified Hand"},{"floor":48,"key":"Happy Flower"}],"event_choices":[{"damage_healed":0,"gold_gain":0,"player_choice":"Success","damage_taken":7,"relics_obtained":["Ornamental Fan"],"max_hp_gain":0,"max_hp_loss":0,"event_name":"Scrap Ooze","floor":3,"gold_loss":0},{"damage_healed":0,"gold_gain":0,"player_choice":"Take Wound","damage_taken":0,"relics_obtained":["Golden Idol"],"max_hp_gain":0,"max_hp_loss":0,"event_name":"Golden Idol","floor":8,"gold_loss":0,"cards_obtained":["Injury"]},{"damage_healed":0,"gold_gain":0,"player_choice":"Obtained Book","damage_taken":16,"max_hp_gain":0,"max_hp_loss":0,"event_name":"Cursed Tome","floor":20,"gold_loss":0},{"damage_healed":0,"gold_gain":0,"player_choice":"Opened","damage_taken":0,"relics_obtained":["Boot"],"max_hp_gain":0,"max_hp_loss":0,"event_name":"The Mausoleum","floor":30,"gold_loss":0,"cards_obtained":["Writhe"]},{"damage_healed":0,"gold_gain":0,"player_choice":"Gave Idol","damage_taken":0,"relics_obtained":["Bloody Idol"],"max_hp_gain":0,"max_hp_loss":0,"event_name":"Forgotten Altar","floor":31,"relics_lost":["Golden Idol"],"gold_loss":0},{"damage_healed":0,"gold_gain":0,"player_choice":"Gave Potion","damage_taken":0,"relics_obtained":["Smiling Mask"],"max_hp_gain":0,"max_hp_loss":0,"event_name":"WeMeetAgain","floor":37,"gold_loss":0},{"damage_healed":0,"gold_gain":0,"player_choice":"Fight","damage_taken":0,"max_hp_gain":0,"max_hp_loss":0,"event_name":"Mysterious Sphere","floor":44,"gold_loss":0}],"is_beta":false,"boss_relics":[{"not_picked":["Sozu","SacredBark"],"picked":"Coffee Dripper"},{"not_picked":["SlaversCollar","Tiny House"],"picked":"Black Star"}],"items_purged_floors":[19,39],"is_endless":false,"potions_floor_spawned":[2,6,10,14,16,18,21,22,23,24,25,27,28,33,35,36,38,40,41,44,45,46,47],"ascension_level":0}}