{"host":"j1eo1fqrqta44853","time":1609115570,"event":{"mods":["Act Like it!","BaseMod","CatGirl Mod","Custom Start","Downfall","Elementarium","Gensokyo","GungeonMod","HololiveMod","Hubris","Infinite Spire","Lobotomy","LobotomyExtend","Marisa????????","Minty Spire (QoL Compilation)","Pale of the Ancients","Rare Cards Sparkle","Replay The Spire","SIMod","Shedinja","StSLib","The Jungle","The Marked","The Mystic","The Runesmith","The Vixen","TheBandit","Waifu the Spire"],"gold_per_floor":[99,117,135,135,148,174,174,201,201,201,51,51,51,51,51,70,81,183,183,108,121,135,135,151,184,184,184,197,197,214,234,234,60,73,174,174,174,186,186,186,186,186,186,206,217,217,237,249,249,260,279,279],"floor_reached":53,"playtime":5955,"items_purged":[],"score":668,"play_id":"d0eacd9e-2568-4a51-a1fe-abc5e2926e59","local_time":"20201227183250","is_ascension_mode":false,"campfire_choices":[{"floor":1,"key":"RECALL"},{"data":"Slimebound:GrowthPunch","floor":11,"key":"SMITH"},{"data":"1","floor":13,"key":"LIFT"},{"data":"2","floor":20,"key":"LIFT"},{"data":"3","floor":29,"key":"LIFT"},{"data":"Slimebound:SlimeSlap","floor":32,"key":"SMITH"},{"data":"Slimebound:Gluttony","floor":37,"key":"SMITH"},{"data":"Slimebound:OozeBath","floor":42,"key":"SMITH"},{"data":"Slimebound:RainOfGoop","floor":49,"key":"SMITH"}],"circlet_count":0,"master_deck":["Slimebound:Strike_Slimebound","Slimebound:Strike_Slimebound","Slimebound:Tackle","Slimebound:Defend_Slimebound","Slimebound:Defend_Slimebound","Slimebound:Defend_Slimebound","Slimebound:Defend_Slimebound","Slimebound:Split+1","Slimebound:CorrosiveSpit","Slimebound:ForwardTackle","Slimebound:LeechingTouch","Slimebound:LeadByExample+1","Slimebound:GrowthPunch+1","Slimebound:SplitMire","Slimebound:SlimeTap","Slimebound:LeechEnergy","Slimebound:GoopSpray","Slimebound:MinionMaster","Slimebound:SplitMire","Slimebound:SamplingLick","Slimebound:Repurpose","Slimebound:FirmFortitude+1","infinitespire:Collect","Slimebound:GrowthPunch+1","Slimebound:SlimeSlap+1","Slimebound:SamplingLick","Slimebound:Gluttony+1","Slimebound:LivingWall","expansioncontent:ChargeUp","Slimebound:FormOfPuddle+1","Slimebound:OozeBath+1","Slimebound:LeechEnergy+1","Slimebound:LeechEnergy+1","Slimebound:FirmFortitude+1","Slimebound:RainOfGoop+1","Slimebound:MegaLick","Slimebound:WasteNot"],"relics":["Slimebound:AbsorbEndCombat","Omamori","Juzu Bracelet","Girya","Chameleon Ring","downfall:HeartBlessingRed","downfall:HeartBlessingGreen","Calling Bell","infinitespire:Satchel","Slimebound:SlimedTailRelic","hubris:Metronome","downfall:HeartBlessingBlue","hubris:SphereOfDissonance","Gremlin Horn","Runesmith:Nanobots"],"acts_visited":["Exordium","TheCity","TheBeyond"],"potions_floor_usage":[8,21,22,25,35,38,50],"damage_taken":[{"damage":12,"enemies":"Cultist","floor":2,"turns":4},{"damage":11,"enemies":"Jaw Worm","floor":3,"turns":3},{"damage":4,"enemies":"Small Slimes","floor":5,"turns":3},{"damage":21,"enemies":"Gremlin Nob","floor":6,"turns":4},{"damage":20,"enemies":"Lagavulin","floor":8,"turns":7},{"damage":17,"enemies":"Exordium Wildlife","floor":16,"turns":5},{"damage":14,"enemies":"2 Fungi Beasts","floor":17,"turns":3},{"damage":48,"enemies":"downfall:Ironclad","floor":18,"turns":7},{"damage":17,"enemies":"Spheric Guardian","floor":21,"turns":3},{"damage":28,"enemies":"3 Byrds","floor":22,"turns":4},{"damage":49,"enemies":"Shelled Parasite and Fungi","floor":24,"turns":5},{"damage":27,"enemies":"Book of Stabbing","floor":25,"turns":5},{"damage":12,"enemies":"3 Cultists","floor":28,"turns":3},{"damage":20,"enemies":"Snake Plant","floor":30,"turns":3},{"damage":35,"enemies":"Shelled Parasite and Fungi","floor":31,"turns":5},{"damage":3,"enemies":"downfall:FleeingMerchant","floor":33,"turns":4},{"damage":8,"enemies":"Chosen and Byrds","floor":34,"turns":5},{"damage":52,"enemies":"downfall:Silent","floor":35,"turns":8},{"damage":5,"enemies":"3 Darklings","floor":38,"turns":6},{"damage":17,"enemies":"3 Shapes","floor":44,"turns":3},{"damage":34,"enemies":"Writhing Mass","floor":45,"turns":6},{"damage":14,"enemies":"3 Darklings","floor":47,"turns":5},{"damage":8,"enemies":"4 Shapes","floor":48,"turns":7},{"damage":7,"enemies":"Writhing Mass","floor":50,"turns":5},{"damage":17,"enemies":"Maw","floor":51,"turns":6},{"damage":48,"enemies":"downfall:Watcher","floor":52,"turns":9}],"seed_played":"7725275114501614672","potions_obtained":[{"floor":3,"key":"PowerPotion"},{"floor":16,"key":"champ:CounterPotion"},{"floor":21,"key":"Fire Potion"},{"floor":24,"key":"Reflective Coating"},{"floor":30,"key":"Guardian:BlockOnCardUsePotion"},{"floor":34,"key":"SkillPotion"},{"floor":35,"key":"ColorlessPotion"},{"floor":38,"key":"LiquidBronze"},{"floor":44,"key":"Fire Potion"},{"floor":51,"key":"Weak Potion"}],"is_trial":false,"path_per_floor":["R","M","M","T","M","E","T","E","PTL","PTL","R","?","R","?","?","M","M","B",null,"R","M","M","AVR","M","E","T","?","M","R","M","M","R","$","M","B",null,"R","M","?","?","?","R","T","M","M","?","M","M","R","M","M","B",null],"character_chosen":"SLIMEBOUND","items_purchased":["Slimebound:LivingWall","expansioncontent:ChargeUp"],"campfire_rested":0,"item_purchase_floors":[33,33],"current_hp_per_floor":[60,56,60,60,60,58,58,60,60,60,60,60,60,60,60,60,60,44,60,70,70,62,62,49,56,56,42,62,62,64,61,61,70,69,67,70,70,70,70,70,70,70,70,69,69,70,70,70,70,70,70,46],"gold":279,"neow_bonus":"RANDOM_COMMON_RELIC","is_daily":false,"chose_seed":false,"campfire_upgraded":5,"win_rate":0.0,"timestamp":1609115570,"path_taken":["R","?","M","?","M","E","T","E","PTL","PTL","R","?","R","?","?","M","M","BOSS","R","M","M","AVR","M","E","T","?","M","R","M","M","R","$","M","BOSS","R","M","?","?","?","R","T","M","M","?","M","M","R","M","M","BOSS"],"items_purchased_type":["Card","Card"],"build_version":"2020-12-22","purchased_purges":0,"victory":true,"max_hp_per_floor":[60,60,60,60,60,60,60,60,60,60,60,60,60,60,60,60,60,60,60,70,70,70,70,70,70,70,70,70,70,70,70,70,70,70,70,70,70,70,70,70,70,70,70,70,70,70,70,70,70,70,70,70],"card_choices":[{"not_picked":["Slimebound:Grow","Slimebound:SlimeTap"],"picked":"Slimebound:ForwardTackle","floor":2},{"not_picked":["Slimebound:GrowthPunch","Slimebound:SplitAcid"],"picked":"Slimebound:LeechingTouch","floor":3},{"not_picked":["Slimebound:GoopSpray","Slimebound:SlimeSpikes"],"picked":"Slimebound:LeadByExample","floor":5},{"not_picked":["Slimebound:Prepare","Slimebound:LeechingTouch"],"picked":"Slimebound:GrowthPunch","floor":6},{"not_picked":["Slimebound:FormOfPuddle","Slimebound:Equalize"],"picked":"Slimebound:SplitMire","floor":8},{"not_picked":["Slimebound:PrepareCrush","Slimebound:SamplingLick"],"picked":"Slimebound:LeechEnergy","floor":16},{"not_picked":["Slimebound:RainOfGoop","Slimebound:LeechEnergy"],"picked":"Slimebound:GoopSpray","floor":17},{"not_picked":["Slimebound:OneTwoCombo","Slimebound:PrepareCrush"],"picked":"Slimebound:MinionMaster","floor":18},{"not_picked":["Slimebound:GoopTackle","Slimebound:Nibble"],"picked":"Slimebound:SplitMire","floor":21},{"not_picked":["Slimebound:Schlurp","Slimebound:TongueLash"],"picked":"Slimebound:SamplingLick","floor":22},{"not_picked":["Slimebound:SamplingLick","Slimebound:GrowthPunch+1"],"picked":"Slimebound:Repurpose","floor":24},{"not_picked":["Slimebound:SplitMire","Slimebound:Dissolve"],"picked":"Slimebound:FirmFortitude+1","floor":25},{"not_picked":["ReplayTheSpireMod:??????????????????????","infinitespire:SevenWalls"],"picked":"infinitespire:Collect","floor":27},{"not_picked":["Slimebound:ViciousTackle","Slimebound:FinishingTackle"],"picked":"Slimebound:GrowthPunch+1","floor":28},{"not_picked":["Slimebound:GrowthPunch+1","Slimebound:Equalize"],"picked":"Slimebound:SlimeSlap","floor":30},{"not_picked":["Slimebound:FormOfPuddle","Slimebound:Prepare"],"picked":"Slimebound:SamplingLick","floor":31},{"not_picked":["Slimebound:MassRepurpose","Slimebound:ForwardTackle"],"picked":"Slimebound:Gluttony","floor":33},{"not_picked":["Slimebound:PressTheAttack+1","Slimebound:Equalize"],"picked":"Slimebound:FormOfPuddle+1","floor":34},{"not_picked":["Slimebound:RallyTheTroops","Slimebound:SelfFormingGoo"],"picked":"Slimebound:OozeBath","floor":35},{"not_picked":["Slimebound:LeechingTouch+1","Slimebound:ViciousTackle"],"picked":"Slimebound:LeechEnergy+1","floor":38},{"not_picked":["Slimebound:PressTheAttack","Slimebound:RollThrough"],"picked":"Slimebound:FirmFortitude+1","floor":44},{"not_picked":["Slimebound:RollThrough+1","Slimebound:ComboTackle","Slimebound:DouseInSlime"],"picked":"SKIP","floor":45},{"not_picked":["Slimebound:SlimeSpikes","Slimebound:ComboTackle+1"],"picked":"Slimebound:RainOfGoop","floor":47},{"not_picked":["Slimebound:PressTheAttack","Slimebound:LevelUp+1"],"picked":"Slimebound:MegaLick","floor":48},{"not_picked":["Slimebound:RollThrough","Slimebound:SplitAcid+1","Slimebound:SamplingLick"],"picked":"SKIP","floor":50},{"not_picked":["Slimebound:ComboTackle","Slimebound:LeechEnergy"],"picked":"Slimebound:WasteNot","floor":51}],"player_experience":977867,"relics_obtained":[{"floor":6,"key":"Juzu Bracelet"},{"floor":7,"key":"Girya"},{"floor":8,"key":"Chameleon Ring"},{"floor":19,"key":"infinitespire:Satchel"},{"floor":19,"key":"Slimebound:SlimedTailRelic"},{"floor":19,"key":"hubris:Metronome"},{"floor":25,"key":"hubris:SphereOfDissonance"},{"floor":26,"key":"Gremlin Horn"},{"floor":43,"key":"Runesmith:Nanobots"}],"event_choices":[{"damage_healed":0,"gold_gain":0,"cards_transformed":["Slimebound:Strike_Slimebound"],"player_choice":"Transformed","damage_taken":0,"max_hp_gain":0,"max_hp_loss":0,"event_name":"Transmorgrifier","floor":12,"gold_loss":0,"cards_obtained":["Slimebound:SlimeTap"]},{"damage_healed":0,"gold_gain":0,"player_choice":"Grow","damage_taken":0,"max_hp_gain":0,"max_hp_loss":0,"event_name":"Living Wall","floor":15,"gold_loss":0,"cards_upgraded":["Slimebound:LeadByExample"]},{"damage_healed":0,"gold_gain":0,"player_choice":"Copied","damage_taken":0,"max_hp_gain":0,"max_hp_loss":0,"event_name":"Duplicator","floor":41,"gold_loss":0,"cards_obtained":["Slimebound:LeechEnergy"]}],"is_beta":false,"boss_relics":[{"not_picked":["hubris:Stopwatch","ChewingGum"],"picked":"Calling Bell"},{"not_picked":["Velvet Choker","ReplayTheSpireMod:DimensionalGlitch","Slimebound:TarBlob"]}],"items_purged_floors":[],"is_endless":false,"potions_floor_spawned":[3,16,21,24,30,34,35,38,44,48,51],"ascension_level":0}}