{"host":"krz7pvdql77zertr","time":1609190107,"event":{"mods":["Astrologer","BaseMod","Minty Spire (QoL Compilation)","StSLib","Sumireko Usami"],"gold_per_floor":[109,109,126,126,139,139,174,174,174,249,263,263,263,273,273,368,368,378,378,378,378],"floor_reached":20,"playtime":1205,"items_purged":[],"score":222,"play_id":"83a3d18f-b824-4be2-aecd-3b5413bd73fc","local_time":"20201228131507","is_ascension_mode":false,"campfire_choices":[{"data":"sumireko:ExplosionSeal","floor":6,"key":"SMITH"},{"data":"sumireko:PsychokineticBurst","floor":8,"key":"SMITH"},{"floor":13,"key":"REST"},{"data":"sumireko:Dream","floor":15,"key":"SMITH"}],"circlet_count":0,"master_deck":["sumireko:StrikeSeal","sumireko:StrikeSeal","sumireko:StrikeSeal","sumireko:DefenseSeal","sumireko:DefenseSeal","sumireko:DefenseSeal","sumireko:DefenseSeal","sumireko:OccultSeal+1","sumireko:PsychokineticBurst+1","sumireko:Rite","sumireko:EmptySeal","sumireko:RepressionSeal+1","sumireko:ExplosionSeal+1","sumireko:EmptySeal","sumireko:Dowsing","sumireko:Dream+1","sumireko:Clairvoyance","sumireko:Symbolism"],"relics":["sumireko:OccultBall","Bottled Lightning","Frozen Egg 2","InkBottle","Pandora\u0027s Box"],"acts_visited":["Exordium","TheCity"],"potions_floor_usage":[],"damage_taken":[{"damage":1,"enemies":"Jaw Worm","floor":1,"turns":3},{"damage":2,"enemies":"Small Slimes","floor":3,"turns":2},{"damage":0,"enemies":"Cultist","floor":5,"turns":2},{"damage":38,"enemies":"Gremlin Nob","floor":7,"turns":4},{"damage":2,"enemies":"Looter","floor":11,"turns":3},{"damage":0,"enemies":"3 Louse","floor":14,"turns":1},{"damage":0,"enemies":"The Guardian","floor":16,"turns":6},{"damage":0,"enemies":"Spheric Guardian","floor":18,"turns":3},{"damage":0,"enemies":"Shell Parasite","floor":20,"turns":2}],"seed_played":"4340036862910269656","potions_obtained":[{"floor":7,"key":"SkillPotion"},{"floor":14,"key":"Fire Potion"},{"floor":16,"key":"Swift Potion"}],"is_trial":false,"path_per_floor":["M","?","M","?","M","R","E","R","T","?","M","?","R","M","R","B",null,"M","?","M"],"character_chosen":"SUMIREKO","items_purchased":[],"campfire_rested":1,"item_purchase_floors":[],"current_hp_per_floor":[69,69,67,67,67,67,29,29,29,18,16,16,37,37,37,37,70,70,70,70,70],"gold":378,"neow_bonus":"THREE_CARDS","is_daily":false,"chose_seed":false,"campfire_upgraded":3,"win_rate":0.0,"timestamp":1609190107,"path_taken":["M","?","M","?","?","R","E","R","T","?","M","?","R","M","R","BOSS","M","?","?"],"items_purchased_type":[],"build_version":"2020-12-22","purchased_purges":0,"victory":false,"max_hp_per_floor":[70,70,70,70,70,70,70,70,70,70,70,70,70,70,70,70,70,70,70,70,70],"card_choices":[{"not_picked":["sumireko:Possession","sumireko:RuleCancel"],"picked":"sumireko:Rite","floor":0},{"not_picked":["sumireko:IronGirders","sumireko:Dream"],"picked":"sumireko:EmptySeal","floor":1},{"not_picked":["sumireko:Fling","sumireko:RuleCancel"],"picked":"sumireko:RepressionSeal","floor":3},{"not_picked":["sumireko:Gravity","sumireko:Liberator"],"picked":"sumireko:ExplosionSeal","floor":5},{"not_picked":["sumireko:RuleCancel","sumireko:SixthSense"],"picked":"sumireko:EmptySeal","floor":7},{"not_picked":["sumireko:IronGirders","sumireko:TelephonePole"],"picked":"sumireko:Dowsing","floor":11},{"not_picked":["sumireko:EchoSeal","sumireko:NaturalJinx"],"picked":"sumireko:Dream","floor":14},{"not_picked":["sumireko:VisionOfMadness","sumireko:Teleportation"],"picked":"sumireko:Clairvoyance","floor":16},{"not_picked":["sumireko:Psychexplosion","sumireko:Crush"],"picked":"sumireko:Symbolism","floor":18}],"player_experience":374553,"relics_obtained":[{"floor":7,"key":"Bottled Lightning"},{"floor":9,"key":"Frozen Egg 2"}],"event_choices":[{"damage_healed":0,"gold_gain":0,"player_choice":"Grow","damage_taken":0,"max_hp_gain":0,"max_hp_loss":0,"event_name":"Living Wall","floor":2,"gold_loss":0,"cards_upgraded":["sumireko:OccultSeal"]},{"damage_healed":0,"gold_gain":0,"player_choice":"Forge","damage_taken":0,"max_hp_gain":0,"max_hp_loss":0,"event_name":"Accursed Blacksmith","floor":4,"gold_loss":0,"cards_upgraded":["sumireko:RepressionSeal"]},{"damage_healed":0,"gold_gain":75,"player_choice":"Gather Gold","damage_taken":11,"max_hp_gain":0,"max_hp_loss":0,"event_name":"World of Goop","floor":10,"gold_loss":0},{"damage_healed":0,"gold_gain":0,"player_choice":"Gave Potion","damage_taken":0,"relics_obtained":["InkBottle"],"max_hp_gain":0,"max_hp_loss":0,"event_name":"WeMeetAgain","floor":12,"gold_loss":0},{"cards_removed":["sumireko:StrikeSeal"],"damage_healed":0,"gold_gain":0,"player_choice":"Card Removal","damage_taken":0,"max_hp_gain":0,"max_hp_loss":0,"event_name":"Wheel of Change","floor":19,"gold_loss":0}],"is_beta":false,"boss_relics":[{"not_picked":["Empty Cage","Cursed Key"],"picked":"Pandora\u0027s Box"}],"items_purged_floors":[],"is_endless":false,"potions_floor_spawned":[7,14,16],"killed_by":"Shell Parasite","ascension_level":0}}