{"host":"ssbj2e5691x5ub3h","time":1609124129,"event":{"mods":["BaseMod","Duelist Mod","Minty Spire (QoL Compilation)","StSLib"],"gold_per_floor":[143,143,163,183,148,148,162,162,162,162,176,188,188,113,113,189,189,202,218,228,262,272,272,272,285,310,235,235,206,195,180,180,247,247,222,222,217,213,205,215,215,215,215,180,180,159,159,168,168,123],"floor_reached":51,"playtime":3899,"items_purged":["theDuelist:Sparks"],"score":1285,"play_id":"d72658a3-0491-4d21-975a-777fc4947a2e","local_time":"20201228005529","is_ascension_mode":true,"campfire_choices":[{"data":"theDuelist:AbyssSoldier","floor":6,"key":"SMITH"},{"floor":8,"key":"REST"},{"data":"theDuelist:Hyosube","floor":13,"key":"SMITH"},{"floor":15,"key":"REST"},{"floor":23,"key":"REST"},{"data":"theDuelist:Umi","floor":28,"key":"SMITH"},{"floor":32,"key":"REST"},{"floor":41,"key":"REST"},{"floor":49,"key":"REST"}],"circlet_count":0,"master_deck":["theDuelist:SevenColoredFish","theDuelist:SevenColoredFish","theDuelist:AquaSpirit","AscendersBane","theDuelist:CastleWalls","theDuelist:IslandTurtle","theDuelist:IslandTurtle","theDuelist:RevivalJam","theDuelist:IslandTurtle","theDuelist:AbyssSoldier+1","theDuelist:SwampFrog","theDuelist:Hyosube+1","theDuelist:KoakiMeiruIce","theDuelist:MorayGreed","theDuelist:ImperialCustom","theDuelist:DewlorenTigerKing","theDuelist:Umi+1","theDuelist:OhFish","theDuelist:Umi+1","theDuelist:CursedBill","theDuelist:GamecieltheSeaTurtleKaiju","theDuelist:AegisOceanDragon+1","theDuelist:Monokeros","theDuelist:TorrentialReborn","theDuelist:SwampFrog","theDuelist:GishkiReliever","theDuelist:GiantRedSeasnake","theDuelist:SwampFrog","Parasite","theDuelist:RareAttackMetronome","theDuelist:GishkiPsychelone+1","theDuelist:HydraViper","theDuelist:LegendaryOcean"],"relics":["theDuelist:MillenniumPuzzle","theDuelist:CardPoolRelic","theDuelist:CardPoolBasicRelic","theDuelist:BoosterPackPoolRelic","theDuelist:CardPoolAddRelic","theDuelist:CardPoolMinusRelic","theDuelist:CardPoolSaveRelic","theDuelist:CardPoolOptionsRelic","Charon\u0027s Ashes","Philosopher\u0027s Stone","Red Mask","theDuelist:MillenniumArmor","theDuelist:MetronomeRelicB","Fusion Hammer","theDuelist:BoosterExtraAllRaresRelic","Magic Flower"],"acts_visited":["Exordium","TheCity","TheBeyond"],"potions_floor_usage":[16,21,50],"damage_taken":[{"damage":0,"enemies":"2 Louse","floor":1,"turns":4},{"damage":8,"enemies":"Cultist","floor":3,"turns":5},{"damage":0,"enemies":"Small Slimes","floor":4,"turns":3},{"damage":32,"enemies":"Gremlin Gang","floor":7,"turns":8},{"damage":9,"enemies":"Lots of Slimes","floor":11,"turns":5},{"damage":13,"enemies":"Exordium Thugs","floor":12,"turns":5},{"damage":12,"enemies":"The Guardian","floor":16,"turns":15},{"damage":0,"enemies":"Shell Parasite","floor":18,"turns":5},{"damage":0,"enemies":"Chosen","floor":19,"turns":5},{"damage":14,"enemies":"Shelled Parasite and Fungi","floor":20,"turns":7},{"damage":46,"enemies":"Masked Bandits","floor":21,"turns":8},{"damage":0,"enemies":"3 Cultists","floor":22,"turns":6},{"damage":0,"enemies":"Centurion and Healer","floor":25,"turns":7},{"damage":0,"enemies":"Cultist and Chosen","floor":29,"turns":6},{"damage":0,"enemies":"Snecko","floor":30,"turns":6},{"damage":0,"enemies":"Centurion and Healer","floor":31,"turns":7},{"damage":0,"enemies":"Collector","floor":33,"turns":7},{"damage":0,"enemies":"3 Shapes","floor":35,"turns":5},{"damage":0,"enemies":"Orb Walker","floor":36,"turns":3},{"damage":0,"enemies":"Jaw Worm Horde","floor":37,"turns":4},{"damage":3,"enemies":"Spire Growth","floor":38,"turns":7},{"damage":0,"enemies":"Writhing Mass","floor":39,"turns":6},{"damage":0,"enemies":"Giant Head","floor":40,"turns":8},{"damage":0,"enemies":"4 Shapes","floor":44,"turns":4},{"damage":0,"enemies":"3 Darklings","floor":46,"turns":4},{"damage":0,"enemies":"Transient","floor":48,"turns":5},{"damage":0,"enemies":"Awakened One","floor":50,"turns":13}],"seed_played":"3404530026414416067","potions_obtained":[{"floor":1,"key":"theDuelist:TokenPotionB"},{"floor":11,"key":"theDuelist:VoidBottle"},{"floor":12,"key":"SteroidPotion"},{"floor":18,"key":"SkillPotion"},{"floor":21,"key":"theDuelist:StunPotion"},{"floor":35,"key":"Strength Potion"},{"floor":44,"key":"CultistPotion"}],"is_trial":false,"path_per_floor":["M","?","M","M","?","R","M","R","T","?","M","M","R","$","R","B",null,"M","M","M","?","M","R","?","M","T","?","R","M","M","M","R","B",null,"M","M","M","M","M","E","R","?","T","M","?","M","$","M","R","B",null],"character_chosen":"THE_DUELIST","items_purchased":[],"campfire_rested":6,"item_purchase_floors":[],"current_hp_per_floor":[72,72,64,64,80,80,48,72,72,72,63,50,50,50,74,62,76,76,76,62,16,16,40,40,40,40,40,40,40,40,40,64,64,76,76,76,76,73,73,73,80,80,80,80,80,80,80,80,80,80],"gold":123,"neow_bonus":"THREE_CARDS","is_daily":false,"chose_seed":false,"campfire_upgraded":3,"win_rate":0.0,"timestamp":1609124129,"path_taken":["M","?","M","?","?","R","M","R","T","?","?","M","R","?","R","BOSS","M","M","M","?","M","R","?","M","T","?","R","M","M","M","R","BOSS","M","M","M","M","M","E","R","?","T","M","?","M","$","M","R","BOSS"],"items_purchased_type":[],"build_version":"2020-12-22","purchased_purges":1,"victory":true,"max_hp_per_floor":[80,80,80,80,80,80,80,80,80,80,80,80,80,80,80,80,80,80,80,80,80,80,80,80,80,80,80,80,80,80,80,80,80,80,80,80,80,80,80,80,80,80,80,80,80,80,80,80,80,80],"card_choices":[{"not_picked":["theDuelist:FishKicks","theDuelist:GraydleEagle"],"picked":"theDuelist:IslandTurtle","floor":0},{"not_picked":["theDuelist:SplashCapture","theDuelist:AquaactressGuppy","theDuelist:ColdEnchanter"],"picked":"SKIP","floor":1},{"not_picked":["theDuelist:IslandTurtle","theDuelist:AquaSpirit","theDuelist:SevenColoredFish"],"picked":"SKIP","floor":3},{"not_picked":["theDuelist:DeepSweeper","theDuelist:SharkStickers"],"picked":"theDuelist:AbyssSoldier","floor":4},{"not_picked":["theDuelist:LeviairSeaDragon","theDuelist:GraydleDragon"],"picked":"theDuelist:SwampFrog","floor":7},{"not_picked":["theDuelist:EvigishkiMerrowgeist","theDuelist:GoraTurtle"],"picked":"theDuelist:Hyosube","floor":11},{"not_picked":["theDuelist:FishborgLauncher","theDuelist:FuriousSeaKing"],"picked":"theDuelist:KoakiMeiruIce","floor":12},{"not_picked":["theDuelist:FishborgArcher","theDuelist:EvigishkiSoulOgre"],"picked":"theDuelist:MorayGreed","floor":16},{"not_picked":["theDuelist:DepthShark+1","theDuelist:FishRain"],"picked":"theDuelist:ImperialCustom","floor":18},{"not_picked":["theDuelist:GishkiEmilia","theDuelist:EvigishkiSoulOgre"],"picked":"theDuelist:DewlorenTigerKing","floor":19},{"not_picked":["theDuelist:ColdEnchanter+1","theDuelist:CatapultTurtle+1"],"picked":"theDuelist:Umi+1","floor":20},{"not_picked":["theDuelist:ImperialCustom","theDuelist:FishRain"],"picked":"theDuelist:OhFish","floor":21},{"not_picked":["theDuelist:MorayGreed","theDuelist:ImperialCustom"],"picked":"theDuelist:Umi","floor":22},{"not_picked":["theDuelist:GishkiPsychelone","theDuelist:ColdEnchanter"],"picked":"theDuelist:GamecieltheSeaTurtleKaiju","floor":25},{"not_picked":["theDuelist:FishSwaps","theDuelist:CallAtlanteans","theDuelist:FishKicks"],"picked":"SKIP","floor":29},{"not_picked":["theDuelist:CyberShark+1","theDuelist:WaterHazard+1"],"picked":"theDuelist:AegisOceanDragon+1","floor":30},{"not_picked":["theDuelist:EvigishkiLevianima","theDuelist:ColdEnchanter"],"picked":"theDuelist:Monokeros","floor":31},{"not_picked":["theDuelist:FishborgArcher+1","theDuelist:EvigishkiSoulOgre"],"picked":"theDuelist:TorrentialReborn","floor":33},{"not_picked":["theDuelist:GraydleSlime+1","theDuelist:CallAtlanteans"],"picked":"theDuelist:SwampFrog","floor":35},{"not_picked":["theDuelist:LeviairSeaDragon","theDuelist:GraydleCombat+1"],"picked":"theDuelist:GishkiReliever","floor":36},{"not_picked":["theDuelist:TripodFish","theDuelist:AquaactressArowana"],"picked":"theDuelist:GiantRedSeasnake","floor":37},{"not_picked":["theDuelist:HighTideGyojin+1","theDuelist:CatShark"],"picked":"theDuelist:SwampFrog","floor":38},{"not_picked":["theDuelist:OhFish","theDuelist:MegatypeMetronome"],"picked":"theDuelist:RareAttackMetronome","floor":39},{"not_picked":["theDuelist:SplashCapture+1","theDuelist:DewlorenTigerKing"],"picked":"theDuelist:GishkiPsychelone+1","floor":40},{"not_picked":["theDuelist:BoulderTortoise+1","theDuelist:GraydleAlligator"],"picked":"theDuelist:HydraViper","floor":44},{"not_picked":["theDuelist:FishSwaps","theDuelist:CallAtlanteans","theDuelist:WaterHazard"],"picked":"SKIP","floor":46},{"not_picked":["theDuelist:IslandTurtle+1","theDuelist:RevivalJam"],"picked":"theDuelist:LegendaryOcean","floor":48}],"player_experience":263066,"relics_obtained":[{"floor":9,"key":"Charon\u0027s Ashes"},{"floor":21,"key":"Red Mask"},{"floor":26,"key":"theDuelist:MetronomeRelicB"},{"floor":40,"key":"theDuelist:BoosterExtraAllRaresRelic"},{"floor":43,"key":"Magic Flower"}],"event_choices":[{"cards_removed":["theDuelist:CastleWalls"],"damage_healed":0,"gold_gain":0,"player_choice":"Purged","damage_taken":0,"max_hp_gain":0,"max_hp_loss":0,"event_name":"Purifier","floor":2,"gold_loss":0},{"damage_healed":20,"gold_gain":0,"player_choice":"Healed","damage_taken":0,"max_hp_gain":0,"max_hp_loss":0,"event_name":"The Cleric","floor":5,"gold_loss":35},{"damage_healed":0,"gold_gain":0,"player_choice":"Leave","duelist":true,"damage_taken":0,"max_hp_gain":0,"max_hp_loss":0,"event_name":"Battle City","floor":10,"gold_loss":0},{"damage_healed":0,"gold_gain":0,"player_choice":"Fought Bandits","damage_taken":0,"max_hp_gain":0,"max_hp_loss":0,"event_name":"Masked Bandits","floor":21,"gold_loss":0},{"damage_healed":0,"gold_gain":0,"player_choice":"Took item - Received: Millennium Armor","duelist":true,"damage_taken":0,"max_hp_gain":0,"max_hp_loss":0,"event_name":"Millennium Items","floor":24,"gold_loss":0},{"cards_removed":["theDuelist:Sparks"],"damage_healed":0,"gold_gain":0,"player_choice":"Gave Gold","damage_taken":0,"max_hp_gain":0,"max_hp_loss":0,"event_name":"Beggar","floor":27,"gold_loss":75},{"damage_healed":0,"gold_gain":0,"player_choice":"Leave","duelist":true,"damage_taken":0,"max_hp_gain":0,"max_hp_loss":0,"event_name":"Relic Duplicator","floor":42,"gold_loss":0},{"damage_healed":0,"gold_gain":0,"player_choice":"Leave","duelist":true,"damage_taken":0,"max_hp_gain":0,"max_hp_loss":0,"event_name":"Tomb of the Nameless","floor":45,"gold_loss":0}],"is_beta":false,"boss_relics":[{"not_picked":["SacredBark","Runic Cube"],"picked":"Philosopher\u0027s Stone"},{"not_picked":["Empty Cage","Pandora\u0027s Box"],"picked":"Fusion Hammer"}],"items_purged_floors":[14],"is_endless":false,"potions_floor_spawned":[1,11,12,18,21,30,31,35,40,44,46],"ascension_level":13}}