{"host":"u3zhfyeznnb1kiy1","time":1609195114,"event":{"mods":["BaseMod","Colored Map","Colored Powertips","Downfall","GifTheSpireLib","Highlight Path","Minty Spire (QoL Compilation)","StSLib"],"gold_per_floor":[99,109,119,119,119,79,79,98,131,131,147,247,274,274,291,390,390,240,258,275,54,54,54,54,54,154,180,199,227,152,48,61,160,160,160,180,180,65,117,131,131,149,169,185,50,50,61,95,105,105,105,138,7,7,7],"floor_reached":56,"playtime":8516,"items_purged":["Guardian:Aged","Pain"],"score":1377,"play_id":"2eb790dd-ead6-4ba4-99ab-8aacd83e1dbc","local_time":"20201228173834","is_ascension_mode":false,"campfire_choices":[{"floor":1,"key":"RECALL"},{"data":"champ:VampiricStrike","floor":18,"key":"SMITH"},{"data":"champ:Improvising","floor":25,"key":"SMITH"},{"data":"champ:PerfectForm","floor":30,"key":"SMITH"},{"data":"champ:IgnorePain","floor":35,"key":"SMITH"},{"floor":46,"key":"REST"},{"data":"champ:HoldFirm","floor":54,"key":"SMITH"}],"circlet_count":0,"master_deck":["champ:Strike","champ:Execute","champ:Taunt","champ:RisingSlash","champ:RecklessLeap","champ:GutPunch","champ:TornadoPunch","champ:DefensiveShout","champ:ArenaPreparation+1","champ:FanOfKnives","champ:IronFortress+1","champ:AdrenalArmor","champ:BringItOn","champ:Improvising+1","champ:FocusedDefense","champ:VampiricStrike+1","champ:Backstep","champ:SkillfulDodge+1","champ:GladiatorStyle","champ:PreciseThrust","champ:IronFortress","champ:BerserkerStyle","J.A.X.","champ:IgnorePain+1","champ:BladeFlurry","champ:RisingSlash","champ:FocusedDefense+1","champ:PerfectForm+1","champ:SteelEdge","champ:HeartStrike","champ:StanceDance+1","champ:HoldFirm+1","champ:Riposte","champ:RisingSlash+1","champ:ShieldWall+1","champ:Haymaker+1","champ:EndlessRage+1","champ:HeartStrike+1","champ:StrikeOfGenius+1","champ:RecklessLeap+1","champ:Backstep","champ:DefensiveStyle+1","champ:GladiatorsShout","Parasite","champ:AdrenalArmor+1","champ:DancingMaster+1"],"relics":["champ:ChampionCrown","champ:LiftRelic","The Courier","Orichalcum","Calipers","Cursed Key","downfall:HeartBlessingRed","downfall:HeartBlessingGreen","MutagenicStrength","War Paint","Matryoshka","downfall:HeartBlessingBlue","Black Star","Ornamental Fan","Frozen Egg 2","Prayer Wheel","Kunai","PreservedInsect","Dead Branch","Lizard Tail","Letter Opener","Nunchaku"],"acts_visited":["Exordium","TheCity","TheBeyond","TheEnding"],"potions_floor_usage":[13,16,16,31,31,38,44,50,55,55],"damage_taken":[{"damage":5,"enemies":"Cultist","floor":2,"turns":3},{"damage":0,"enemies":"2 Louse","floor":3,"turns":3},{"damage":15,"enemies":"downfall:FleeingMerchant","floor":6,"turns":4},{"damage":10,"enemies":"Small Slimes","floor":8,"turns":3},{"damage":72,"enemies":"Lagavulin","floor":9,"turns":6},{"damage":13,"enemies":"Exordium Wildlife","floor":11,"turns":2},{"damage":39,"enemies":"downfall:Heads","floor":12,"turns":5},{"damage":32,"enemies":"Gremlin Nob","floor":13,"turns":3},{"damage":35,"enemies":"Large Slime","floor":15,"turns":6},{"damage":21,"enemies":"downfall:Defect","floor":16,"turns":4},{"damage":49,"enemies":"Shell Parasite","floor":19,"turns":4},{"damage":25,"enemies":"Spheric Guardian","floor":20,"turns":3},{"damage":61,"enemies":"downfall:FleeingMerchant","floor":21,"turns":4},{"damage":60,"enemies":"downfall:Augmenter","floor":26,"turns":5},{"damage":51,"enemies":"Book of Stabbing","floor":27,"turns":5},{"damage":48,"enemies":"Shelled Parasite and Fungi","floor":28,"turns":5},{"damage":53,"enemies":"Gremlin Leader","floor":29,"turns":5},{"damage":38,"enemies":"downfall:FleeingMerchant","floor":31,"turns":4},{"damage":28,"enemies":"Chosen and Byrds","floor":32,"turns":4},{"damage":57,"enemies":"downfall:Silent","floor":33,"turns":6},{"damage":21,"enemies":"Orb Walker","floor":36,"turns":4},{"damage":21,"enemies":"downfall:FleeingMerchant","floor":38,"turns":3},{"damage":50,"enemies":"2 Orb Walkers","floor":39,"turns":7},{"damage":61,"enemies":"3 Darklings","floor":40,"turns":4},{"damage":52,"enemies":"Spire Growth","floor":42,"turns":5},{"damage":35,"enemies":"Sphere and 2 Shapes","floor":43,"turns":5},{"damage":27,"enemies":"Jaw Worm Horde","floor":44,"turns":6},{"damage":57,"enemies":"Transient","floor":47,"turns":5},{"damage":31,"enemies":"Reptomancer","floor":48,"turns":5},{"damage":23,"enemies":"Writhing Mass","floor":49,"turns":4},{"damage":109,"enemies":"downfall:Watcher","floor":50,"turns":10},{"damage":75,"enemies":"downfall:CharBossMerchant","floor":52,"turns":6},{"damage":147,"enemies":"downfall:NeowBoss","floor":55,"turns":16}],"seed_played":"-7036504384112329914","potions_obtained":[{"floor":3,"key":"SteroidPotion"},{"floor":9,"key":"FearPotion"},{"floor":13,"key":"LiquidMemories"},{"floor":15,"key":"BlessingOfTheForge"},{"floor":19,"key":"PowerPotion"},{"floor":23,"key":"CultistPotion"},{"floor":29,"key":"Swift Potion"},{"floor":32,"key":"SkillPotion"},{"floor":36,"key":"ColorlessPotion"},{"floor":40,"key":"Strength Potion"},{"floor":44,"key":"Energy Potion"}],"is_trial":false,"path_per_floor":["R","M","M","?","?","$","T","M","E","?","M","?","E","?","M","B",null,"R","M","M","$","?","?","T","R","?","E","M","E","R","$","M","B",null,"R","M","?","$","?","M","T","M","M","M","$","R","M","E","M","B",null,"E","$","R","B",null],"character_chosen":"THE_CHAMP","items_purchased":["champ:TornadoPunch","champ:GladiatorStyle","champ:PreciseThrust","champ:IronFortress","champ:BerserkerStyle","champ:HeartStrike","Ornamental Fan","Frozen Egg 2","champ:ShieldWall+1","champ:DefensiveStyle+1","champ:DancingMaster+1"],"campfire_rested":1,"item_purchase_floors":[6,21,21,21,21,31,38,38,38,45,53],"current_hp_per_floor":[99,99,99,99,99,99,99,92,48,48,48,33,25,25,22,22,99,99,99,99,99,99,99,99,99,90,99,88,99,109,100,100,101,109,109,107,107,109,74,79,79,47,51,51,51,83,80,102,109,50,109,108,108,108,76],"gold":7,"neow_bonus":"TEN_PERCENT_HP_BONUS","is_daily":false,"chose_seed":false,"campfire_upgraded":5,"win_rate":0.0,"timestamp":1609195114,"path_taken":["R","M","?","?","?","?","T","?","E","?","M","?","E","?","M","BOSS","R","M","M","$","?","?","T","R","?","E","M","E","R","$","M","BOSS","R","M","?","$","?","?","T","M","M","M","$","R","M","E","M","BOSS","E","$","R","BOSS"],"items_purchased_type":["Card","Card","Card","Card","Card","Card","Relic","Relic","Card","Card","Card"],"build_version":"2020-12-22","purchased_purges":2,"victory":true,"max_hp_per_floor":[99,99,99,99,99,99,99,99,99,99,99,99,99,99,99,99,99,99,99,99,99,99,99,99,99,99,99,99,99,109,109,109,109,109,109,109,109,109,109,109,109,109,109,109,109,109,109,109,109,109,109,109,109,109,109],"card_choices":[{"not_picked":["champ:CrookedStrike","champ:BladeFlurry"],"picked":"champ:RisingSlash","floor":2},{"not_picked":["champ:AdrenalArmor","champ:PerfectedStrike"],"picked":"champ:RecklessLeap","floor":3},{"not_picked":["champ:Haymaker","champ:Shatter"],"picked":"champ:GutPunch","floor":6},{"not_picked":["champ:AdrenalArmor","champ:Encircle"],"picked":"champ:DefensiveShout","floor":8},{"not_picked":["champ:EndlessRage","champ:FocusedGladiator"],"picked":"champ:ArenaPreparation","floor":9},{"not_picked":["champ:Encircle","champ:ShieldSlam"],"picked":"champ:FanOfKnives","floor":11},{"not_picked":["champ:EnGarde","champ:PreciseThrust"],"picked":"champ:IronFortress","floor":12},{"not_picked":["champ:GutPunch","champ:Devastate"],"picked":"champ:BringItOn","floor":13},{"not_picked":["champ:FlashCut","champ:EnGarde"],"picked":"champ:FocusedDefense","floor":15},{"not_picked":["champ:ShieldThrow","champ:Improvising"],"picked":"champ:VampiricStrike","floor":16},{"not_picked":["champ:BladeFlurry","champ:FalseCounter","champ:Haymaker"],"picked":"SKIP","floor":19},{"not_picked":["champ:CalledShot","champ:HeartStrike"],"picked":"champ:Backstep","floor":20},{"not_picked":["champ:CheapShot","champ:FanOfKnives"],"picked":"champ:SkillfulDodge","floor":21},{"not_picked":[],"picked":"J.A.X.","floor":26},{"not_picked":["champ:Lariat","champ:GutPunch"],"picked":"champ:RisingSlash","floor":26},{"not_picked":["champ:TornadoPunch+1","champ:Haymaker+1"],"picked":"champ:FocusedDefense+1","floor":27},{"not_picked":["champ:BringItOn","champ:GutPunch"],"picked":"champ:PerfectForm","floor":28},{"not_picked":["champ:EnragedBash","champ:ArenaPreparation"],"picked":"champ:SteelEdge","floor":29},{"not_picked":["champ:Encircle","champ:Haymaker","champ:BladeFlurry"],"picked":"SKIP","floor":31},{"not_picked":["champ:BladeFlurry","champ:BringItOn"],"picked":"champ:StanceDance+1","floor":32},{"not_picked":["champ:IgnorePain","champ:CheapShot"],"picked":"champ:HoldFirm","floor":33},{"not_picked":["champ:Circumvent+1","champ:DefensiveShout"],"picked":"champ:Riposte","floor":36},{"not_picked":["champ:DefensiveShout","champ:Shatter"],"picked":"champ:RisingSlash+1","floor":38},{"not_picked":["champ:DefensiveShout+1","champ:StanceDance+1"],"picked":"champ:Haymaker+1","floor":39},{"not_picked":["champ:DefensiveShout","champ:FightOn"],"picked":"champ:EndlessRage+1","floor":40},{"not_picked":["champ:AdrenalArmor","champ:SkillfulDodge+1"],"picked":"champ:HeartStrike+1","floor":40},{"not_picked":["champ:DefensiveShout+1","champ:Haymaker"],"picked":"champ:StrikeOfGenius+1","floor":42},{"not_picked":["champ:BerserkersShout","champ:FanOfKnives","champ:TornadoPunch"],"picked":"SKIP","floor":42},{"not_picked":["champ:Backstep+1","champ:DefensiveShout+1"],"picked":"champ:RecklessLeap+1","floor":43},{"not_picked":["champ:ShieldWall+1","champ:EnGarde"],"picked":"champ:Backstep","floor":43},{"not_picked":["champ:FlashCut","champ:CrookedStrike+1","champ:StanceDance+1"],"picked":"SKIP","floor":44},{"not_picked":["champ:ShieldWall+1","champ:EnragedBash+1","champ:Haymaker"],"picked":"SKIP","floor":44},{"not_picked":["champ:StanceDance+1","champ:DefensiveShout+1"],"picked":"champ:GladiatorsShout","floor":47},{"not_picked":["champ:BladeFlurry","champ:ShieldThrow","champ:GutPunch+1"],"picked":"SKIP","floor":47},{"not_picked":["champ:BerserkersShout","champ:FalseCounter","champ:ShieldWall+1"],"picked":"SKIP","floor":48},{"not_picked":["champ:EnGarde+1","champ:StanceDance"],"picked":"champ:AdrenalArmor+1","floor":49},{"not_picked":["champ:StanceDance+1","champ:BladeFlurry","champ:GladiatorsShout"],"picked":"SKIP","floor":49},{"not_picked":["champ:FocusedDefense+1","champ:FightOn","champ:StanceDance"],"picked":"SKIP","floor":52}],"player_experience":1156023,"relics_obtained":[{"floor":7,"key":"The Courier"},{"floor":9,"key":"Orichalcum"},{"floor":13,"key":"Calipers"},{"floor":26,"key":"MutagenicStrength"},{"floor":27,"key":"War Paint"},{"floor":29,"key":"Matryoshka"},{"floor":39,"key":"Prayer Wheel"},{"floor":41,"key":"Kunai"},{"floor":41,"key":"PreservedInsect"},{"floor":48,"key":"Dead Branch"},{"floor":48,"key":"Lizard Tail"},{"floor":52,"key":"Letter Opener"},{"floor":52,"key":"Nunchaku"}],"event_choices":[{"cards_removed":["champ:Strike"],"damage_healed":0,"gold_gain":0,"player_choice":"Card Removal","damage_taken":0,"max_hp_gain":0,"max_hp_loss":0,"event_name":"The Cleric","floor":4,"gold_loss":0},{"damage_healed":0,"gold_gain":0,"cards_transformed":["champ:Strike"],"player_choice":"Transformed","damage_taken":0,"max_hp_gain":0,"max_hp_loss":0,"event_name":"Transmorgrifier","floor":14,"gold_loss":0,"cards_obtained":["champ:Improvising"]},{"damage_healed":0,"gold_gain":0,"player_choice":"Ignored","damage_taken":0,"max_hp_gain":0,"max_hp_loss":0,"event_name":"Vampires","floor":22,"gold_loss":0},{"damage_healed":0,"gold_gain":0,"player_choice":"Fight","damage_taken":0,"max_hp_gain":0,"max_hp_loss":0,"event_name":"Mysterious Sphere","floor":39,"gold_loss":0}],"is_beta":false,"boss_relics":[{"not_picked":["SacredBark","Runic Pyramid"],"picked":"Cursed Key"},{"not_picked":["Philosopher\u0027s Stone","Empty Cage"],"picked":"Black Star"}],"items_purged_floors":[31,45],"is_endless":false,"potions_floor_spawned":[3,9,13,15,19,29,32,36,40,44,49],"ascension_level":0}}