{"host":"Shugu","time":1609170573,"event":{"mods":["BaseMod","Colored Powertips","Minty Spire (QoL Compilation)","Waifu the Spire"],"gold_per_floor":[114,134,59,71,83,83,98,98,98,128,156,156,231,12,12,12,12],"floor_reached":16,"playtime":460,"items_purged":["Strike_R"],"score":131,"play_id":"fb153d20-6282-476a-999b-c6c32a7ae3ec","local_time":"20201228234933","is_ascension_mode":true,"campfire_choices":[{"data":"Infernal Blade","floor":6.0,"key":"SMITH"},{"data":"Feel No Pain","floor":8.0,"key":"SMITH"},{"data":"Strike_R","floor":12.0,"key":"PURGE"},{"data":"Intimidate","floor":15.0,"key":"SMITH"}],"circlet_count":0,"master_deck":["Strike_R","Strike_R","Strike_R","Defend_R","Defend_R","Defend_R","Defend_R","Bash","Shrug It Off","Headbutt","Feel No Pain+1","Infernal Blade+1","Intimidate+1"],"relics":["Burning Blood","Bag of Marbles","Peace Pipe","Odd Mushroom","Medical Kit"],"acts_visited":["Exordium"],"potions_floor_usage":[16],"damage_taken":[{"damage":0.0,"enemies":"Small Slimes","floor":1.0,"turns":3.0},{"damage":2.0,"enemies":"2 Louse","floor":2.0,"turns":2.0},{"damage":7.0,"enemies":"Jaw Worm","floor":4.0,"turns":3.0},{"damage":13.0,"enemies":"Blue Slaver","floor":5.0,"turns":3.0},{"damage":9.0,"enemies":"Looter","floor":7.0,"turns":3.0},{"damage":25.0,"enemies":"The Mushroom Lair","floor":11.0,"turns":4.0},{"damage":32,"enemies":"Slime Boss","floor":16,"turns":9}],"seed_played":"2172130475010416163","potions_obtained":[{"floor":4.0,"key":"SteroidPotion"},{"floor":11.0,"key":"Fruit Juice"}],"is_trial":false,"path_per_floor":["M","M","$","M","M","R","M","R","T","?","?","R","?","$","R","B"],"character_chosen":"IRONCLAD","items_purchased":["Medical Kit","Intimidate"],"campfire_rested":0,"item_purchase_floors":[14,14],"current_hp_per_floor":[78,80,80,79,72,72,69,69,69,69,55,55,44,44,44,12,12],"gold":12,"neow_bonus":"RANDOM_COMMON_RELIC","is_daily":false,"chose_seed":false,"campfire_upgraded":3,"win_rate":0.0,"timestamp":1609170573,"path_taken":["M","M","$","M","M","R","M","R","T","?","?","R","?","?","R","BOSS"],"items_purchased_type":["Relic","Card"],"build_version":"2020-12-18","purchased_purges":1,"victory":false,"max_hp_per_floor":[80,80,80,80,80,80,80,80,80,80,85,85,85,85,85,85,85],"card_choices":[{"not_picked":["Wild Strike","Dual Wield"],"picked":"Shrug It Off","floor":1.0},{"not_picked":["Anger","Warcry"],"picked":"Headbutt","floor":2.0},{"not_picked":["Iron Wave","Power Through"],"picked":"Feel No Pain","floor":4.0},{"not_picked":["Havoc","Perfected Strike"],"picked":"Infernal Blade","floor":5.0},{"not_picked":["Sword Boomerang","Anger","Cleave"],"picked":"SKIP","floor":7.0}],"player_experience":373214,"relics_obtained":[{"floor":9.0,"key":"Peace Pipe"},{"floor":11.0,"key":"Odd Mushroom"}],"event_choices":[{"damage_healed":0.0,"max_hp_gain":0.0,"max_hp_loss":0.0,"gold_gain":30.0,"event_name":"Dead Adventurer","player_choice":"Searched \u00272\u0027 times","floor":10.0,"gold_loss":0.0,"damage_taken":0.0},{"damage_healed":0.0,"max_hp_gain":0.0,"max_hp_loss":0.0,"gold_gain":0.0,"event_name":"Mushrooms","player_choice":"Fought Mushrooms","floor":11.0,"gold_loss":0.0,"damage_taken":0.0},{"damage_healed":0.0,"max_hp_gain":0.0,"max_hp_loss":0.0,"gold_gain":75.0,"event_name":"World of Goop","player_choice":"Gather Gold","floor":13.0,"gold_loss":0.0,"damage_taken":11.0}],"is_beta":true,"boss_relics":[],"items_purged_floors":[3],"is_endless":false,"potions_floor_spawned":[4,11],"killed_by":"Slime Boss","ascension_level":9}}