{"host":"r6jigiblrojhp6xe","time":1609161375,"event":{"mods":["AchievementEnabler","BaseMod","DeckTracker","Minty Spire (QoL Compilation)","Quick Restart","Rare Cards Sparkle","Relic Stats","StSLib","SuperFastMode","The Cursed","everything is the same but u backflip on backflip"],"gold_per_floor":[116,116,134,149,149,176,176,210,510,510,41,56,56,68,68,140,140,150,150,72,72,72,101,101,127,127,127,139,39,39,49,49,123,123,143,18,29,47,58,58,88,88,113,130,130,185,185,214,214,214,214,214,214,46,75,75],"floor_reached":57,"playtime":1691,"items_purged":["Strike_R","Strike_R","Demon Form+1"],"score":3212,"play_id":"1e6f2a4c-cebf-4f52-ad5a-1f3edd8c3d5b","local_time":"20201228221615","is_ascension_mode":true,"campfire_choices":[{"data":"Clash","floor":7.0,"key":"SMITH"},{"floor":10.0,"key":"REST"},{"data":"Corruption","floor":15.0,"key":"SMITH"},{"data":"Battle Trance","floor":24.0,"key":"SMITH"},{"data":"Evolve","floor":27,"key":"SMITH"},{"data":"Disarm","floor":30,"key":"SMITH"},{"data":"Armaments","floor":32,"key":"SMITH"},{"data":"Dark Embrace","floor":40,"key":"SMITH"},{"data":"Impervious","floor":42,"key":"SMITH"},{"floor":45,"key":"RECALL"},{"data":"1","floor":47,"key":"LIFT"},{"data":"2","floor":49,"key":"LIFT"},{"data":"3","floor":53,"key":"LIFT"}],"circlet_count":0,"master_deck":["AscendersBane","Defend_R","Defend_R","Defend_R","Bash+1","Corruption+1","Disarm+1","Pummel","Battle Trance+1","Evolve+1","Armaments+1","Impervious+1","Juggernaut+1","Battle Trance+1","Body Slam+1","Entrench+1","Seeing Red+1","Dark Embrace+1","Body Slam+1","Decay","Entrench"],"relics":["Burning Blood","NeowsBlessing","Dead Branch","Gambling Chip","Self Forming Clay","Old Coin","Charon\u0027s Ashes","Cursed Key","Magic Flower","StoneCalendar","Astrolabe","Juzu Bracelet","Girya","Lantern","Medical Kit","FossilizedHelix"],"acts_visited":["Exordium","TheCity","TheBeyond","TheEnding"],"potions_floor_usage":[56],"damage_taken":[{"damage":0.0,"enemies":"Cultist","floor":1.0,"turns":1.0},{"damage":0.0,"enemies":"Jaw Worm","floor":3.0,"turns":1.0},{"damage":0.0,"enemies":"2 Louse","floor":4.0,"turns":1.0},{"damage":25.0,"enemies":"3 Sentries","floor":6.0,"turns":7.0},{"damage":45.0,"enemies":"Lagavulin","floor":8.0,"turns":6.0},{"damage":5.0,"enemies":"Gremlin Gang","floor":12.0,"turns":2.0},{"damage":1.0,"enemies":"Blue Slaver","floor":14.0,"turns":4.0},{"damage":4.0,"enemies":"Slime Boss","floor":16.0,"turns":3.0},{"damage":12.0,"enemies":"2 Thieves","floor":18.0,"turns":3.0},{"damage":3.0,"enemies":"Gremlin Leader","floor":23.0,"turns":3.0},{"damage":3.0,"enemies":"Book of Stabbing","floor":25.0,"turns":4.0},{"damage":6,"enemies":"Shell Parasite","floor":28,"turns":4},{"damage":1,"enemies":"3 Cultists","floor":31,"turns":2},{"damage":1,"enemies":"Collector","floor":33,"turns":3},{"damage":10,"enemies":"3 Darklings","floor":35,"turns":2},{"damage":3,"enemies":"Orb Walker","floor":37,"turns":2},{"damage":0,"enemies":"Spire Growth","floor":38,"turns":2},{"damage":0,"enemies":"Maw","floor":39,"turns":5},{"damage":6,"enemies":"Reptomancer","floor":41,"turns":4},{"damage":21,"enemies":"3 Darklings","floor":44,"turns":4},{"damage":10,"enemies":"2 Orb Walkers","floor":46,"turns":2},{"damage":0,"enemies":"Nemesis","floor":48,"turns":3},{"damage":24,"enemies":"Time Eater","floor":50,"turns":3},{"damage":11,"enemies":"Awakened One","floor":51,"turns":4},{"damage":0,"enemies":"Shield and Spear","floor":55,"turns":2},{"damage":55,"enemies":"The Heart","floor":56,"turns":7}],"seed_played":"570989907282847333","potions_obtained":[{"floor":1.0,"key":"Fire Potion"},{"floor":12.0,"key":"Energy Potion"},{"floor":14.0,"key":"DuplicationPotion"},{"floor":16.0,"key":"BloodPotion"}],"is_trial":false,"path_per_floor":["M","?","M","M","T","E","R","E","T","R","$","M","?","M","R","B",null,"M","?","$","?","?","E","R","E","T","R","M","$","R","M","R","B",null,"M","$","M","M","M","R","E","R","T","M","R","?","R","E","R","B","B",null,"R","$","E","B",null],"character_chosen":"IRONCLAD","items_purchased":["Charon\u0027s Ashes","Disarm","Battle Trance","Medical Kit"],"campfire_rested":1,"item_purchase_floors":[11,11,20,54],"current_hp_per_floor":[74,74,75,75,75,56,56,17,17,39,39,40,40,45,45,47,68,62,62,62,62,62,65,65,71,71,71,74,74,74,75,75,75,75,74,74,75,75,75,75,75,75,75,63,63,62,62,71,71,56,54,70,70,70,75,52],"gold":75,"neow_bonus":"THREE_ENEMY_KILL","is_daily":false,"chose_seed":false,"campfire_upgraded":8,"win_rate":0.0,"timestamp":1609161375,"path_taken":["M","?","M","?","?","E","R","E","T","R","$","M","?","M","R","BOSS","M","?","$","?","?","E","R","E","T","R","M","$","R","M","R","BOSS","M","$","M","M","M","R","E","R","T","M","R","?","R","E","R","BOSS","BOSS","R","$","E","BOSS"],"items_purchased_type":["Relic","Card","Card","Relic"],"build_version":"2020-12-22","purchased_purges":3,"victory":true,"max_hp_per_floor":[75,75,75,75,75,75,75,75,75,75,75,75,75,75,75,75,75,75,75,75,75,75,75,75,75,75,75,75,75,75,75,75,75,75,75,75,75,75,75,75,75,75,75,75,75,75,75,75,75,75,75,75,75,75,75,75],"relic_stats":{"counters":[26,84],"Self Forming Clay":[93],"Dead Branch":[364],"Astrolabe":["Demon Form","Juggernaut","Battle Trance"],"Magic Flower":[35],"StoneCalendar":[0],"Charon\u0027s Ashes":[1514],"Juzu Bracelet":1,"Cursed Key":1,"Medical Kit":[2],"Burning Blood":148,"Gambling Chip":[69],"obtain_stats":[{"Girya":46,"Lantern":48,"NeowsBlessing":0,"Self Forming Clay":8,"Dead Branch":5,"Astrolabe":34,"Magic Flower":23,"StoneCalendar":25,"Charon\u0027s Ashes":11,"Juzu Bracelet":41,"Cursed Key":17,"Medical Kit":54,"Burning Blood":0,"Old Coin":9,"Gambling Chip":6,"FossilizedHelix":55},{"Girya":21,"Lantern":22,"NeowsBlessing":0,"Self Forming Clay":5,"Dead Branch":3,"Astrolabe":14,"Magic Flower":10,"StoneCalendar":11,"Charon\u0027s Ashes":5,"Juzu Bracelet":19,"Cursed Key":8,"Medical Kit":24,"Burning Blood":0,"Old Coin":5,"Gambling Chip":4,"FossilizedHelix":25},{"Girya":65,"Lantern":68,"NeowsBlessing":0,"Self Forming Clay":16,"Dead Branch":3,"Astrolabe":44,"Magic Flower":31,"StoneCalendar":35,"Charon\u0027s Ashes":16,"Juzu Bracelet":59,"Cursed Key":25,"Medical Kit":75,"Burning Blood":0,"Old Coin":16,"Gambling Chip":10,"FossilizedHelix":77}]},"card_choices":[{"not_picked":["Havoc","Clothesline"],"picked":"Clash","floor":1.0},{"not_picked":["True Grit","Body Slam","Rage"],"picked":"SKIP","floor":3.0},{"not_picked":["Headbutt","Cleave","Havoc"],"picked":"SKIP","floor":4.0},{"not_picked":["Combust","Headbutt","Warcry"],"picked":"SKIP","floor":6.0},{"not_picked":["Heavy Blade","Dark Embrace"],"picked":"Corruption","floor":8.0},{"not_picked":["Clash","Thunderclap","Pommel Strike"],"picked":"SKIP","floor":12.0},{"not_picked":["Rupture","Thunderclap"],"picked":"Pummel","floor":14.0},{"not_picked":["Disarm","Flex+1","Wild Strike"],"picked":"SKIP","floor":18.0},{"not_picked":["Twin Strike","Cleave","Blood for Blood"],"picked":"SKIP","floor":23.0},{"not_picked":["Sword Boomerang","True Grit"],"picked":"Evolve","floor":25.0},{"not_picked":["Anger","Heavy Blade","Iron Wave"],"picked":"SKIP","floor":28},{"not_picked":["Clothesline","Sword Boomerang"],"picked":"Armaments","floor":31},{"not_picked":["Double Tap","Corruption"],"picked":"Impervious","floor":33},{"not_picked":["Perfected Strike","Clothesline"],"picked":"Body Slam+1","floor":35},{"not_picked":["Wild Strike","Heavy Blade+1"],"picked":"Entrench+1","floor":37},{"not_picked":["Twin Strike","Armaments"],"picked":"Seeing Red+1","floor":38},{"not_picked":["Fiend Fire","True Grit+1"],"picked":"Dark Embrace","floor":39},{"not_picked":["Corruption","Combust+1"],"picked":"Body Slam+1","floor":41},{"not_picked":["Power Through","Iron Wave","Cleave+1"],"picked":"SKIP","floor":44},{"not_picked":["Headbutt","Uppercut","Flex"],"picked":"SKIP","floor":48},{"not_picked":["Havoc","Evolve+1"],"picked":"Entrench","floor":55}],"player_experience":546734,"relics_obtained":[{"floor":5.0,"key":"Dead Branch"},{"floor":6.0,"key":"Gambling Chip"},{"floor":8.0,"key":"Self Forming Clay"},{"floor":9.0,"key":"Old Coin"},{"floor":23.0,"key":"Magic Flower"},{"floor":25.0,"key":"StoneCalendar"},{"floor":41,"key":"Juzu Bracelet"},{"floor":46,"key":"Girya"},{"floor":48,"key":"Lantern"},{"floor":55,"key":"FossilizedHelix"}],"event_choices":[{"damage_healed":0.0,"max_hp_gain":0.0,"max_hp_loss":0.0,"gold_gain":0.0,"event_name":"Accursed Blacksmith","player_choice":"Forge","floor":2.0,"gold_loss":0.0,"damage_taken":0.0,"cards_upgraded":["Bash"]},{"damage_healed":0.0,"max_hp_gain":0.0,"max_hp_loss":0.0,"gold_gain":0.0,"cards_transformed":["Strike_R"],"event_name":"Transmorgrifier","player_choice":"Transformed","floor":13.0,"gold_loss":0.0,"damage_taken":0.0,"cards_obtained":["Armaments"]},{"cards_removed":["Strike_R"],"damage_healed":0.0,"max_hp_gain":0.0,"max_hp_loss":0.0,"gold_gain":0.0,"event_name":"Back to Basics","player_choice":"Elegance","floor":19.0,"gold_loss":0.0,"damage_taken":0.0},{"damage_healed":0.0,"max_hp_gain":0.0,"max_hp_loss":0.0,"gold_gain":0.0,"event_name":"Vampires","player_choice":"Ignored","floor":21.0,"gold_loss":0.0,"damage_taken":0.0},{"cards_removed":["Strike_R"],"damage_healed":0.0,"max_hp_gain":0.0,"max_hp_loss":0.0,"gold_gain":0.0,"event_name":"Purifier","player_choice":"Purged","floor":22.0,"gold_loss":0.0,"damage_taken":0.0},{"damage_healed":0,"gold_gain":0,"player_choice":"Fight","damage_taken":0,"max_hp_gain":0,"max_hp_loss":0,"event_name":"Mysterious Sphere","floor":46,"gold_loss":0}],"is_beta":false,"boss_relics":[{"not_picked":["Black Blood","Tiny House"],"picked":"Cursed Key"},{"not_picked":["Mark of Pain","Runic Cube"],"picked":"Astrolabe"}],"items_purged_floors":[11,29,36],"is_endless":false,"potions_floor_spawned":[1,12,14,16,25,28,35,41,46],"ascension_level":20}}