{"host":"y89x8uui45kcjy42","time":1609150143,"event":{"mods":["2.2 Compatiblity","BaseMod","CapriCore","Colored Map","Colored Powertips","Custom Start","Friendly Minions","Highlight Path","Keyboard Shortcuts","Minty Spire (QoL Compilation)","Relic Stats","Slay the Relics Exporter","StSLib","SuperFastMode","Waifu the Spire"],"gold_per_floor":[215,234,46,121,121,121,149,199,199,199,230,240,240,257,257,332,332,346,184,201,126,143,143,143],"floor_reached":23,"playtime":641,"items_purged":["Dualcast","Zap+1"],"score":398,"play_id":"5b5e6923-16e8-4f39-89f9-9f15ada7ac96","local_time":"20201228190903","is_ascension_mode":true,"campfire_choices":[{"data":"Reprogram","floor":6,"key":"SMITH"},{"data":"Go for the Eyes","floor":10,"key":"SMITH"},{"data":"Reprogram","floor":13,"key":"SMITH"},{"data":"Sweeping Beam","floor":15,"key":"SMITH"}],"circlet_count":0,"master_deck":["Strike_B","Strike_B","Defend_B","Defend_B+1","Reprogram+1","Go for the Eyes+1","Sweeping Beam+1","Reprogram+1","Double Energy+1","Sunder+1","Leap+1","Seek","Gash","Conserve Battery","Conserve Battery+1"],"relics":["Runic Pyramid","Strawberry","War Paint","Ornamental Fan","Kunai","Frozen Egg 2","Ice Cream","Astrolabe","Membership Card"],"acts_visited":["Exordium","TheCity"],"potions_floor_usage":[23],"damage_taken":[{"damage":23,"enemies":"Small Slimes","floor":1,"turns":4},{"damage":4,"enemies":"Jaw Worm","floor":2,"turns":4},{"damage":68,"enemies":"3 Sentries","floor":7,"turns":17},{"damage":55,"enemies":"Gremlin Nob","floor":11,"turns":5},{"damage":6,"enemies":"2 Louse","floor":12,"turns":2},{"damage":12,"enemies":"Red Slaver","floor":14,"turns":5},{"damage":42,"enemies":"Slime Boss","floor":16,"turns":15},{"damage":11,"enemies":"Spheric Guardian","floor":18,"turns":3},{"damage":25,"enemies":"2 Thieves","floor":20,"turns":4},{"damage":2,"enemies":"Snake Plant","floor":22,"turns":4},{"damage":38,"enemies":"Slavers","floor":23,"turns":7}],"seed_played":"-1191108792809126053","potions_obtained":[{"floor":2,"key":"PotionOfCapacity"},{"floor":7,"key":"FairyPotion"},{"floor":11,"key":"GamblersBrew"},{"floor":20,"key":"SkillPotion"}],"is_trial":false,"path_per_floor":["M","M","$","?","?","R","E","?","T","R","E","M","R","M","R","B",null,"M","$","M","?","M","E"],"character_chosen":"DEFECT","items_purchased":["Strawberry","War Paint","Defragment","Seek","Gash"],"campfire_rested":0,"item_purchase_floors":[3,3,3,19,19],"current_hp_per_floor":[41,37,44,33,28,28,30,30,30,30,51,45,45,33,33,23,64,53,53,28,28,26,0,0],"gold":143,"neow_bonus":"BOSS_RELIC","is_daily":false,"chose_seed":false,"campfire_upgraded":4,"win_rate":0.0,"timestamp":1609150143,"path_taken":["M","M","$","?","?","R","E","?","T","R","E","M","R","M","R","BOSS","M","$","M","?","M","E"],"items_purchased_type":["Relic","Relic","Card","Card","Card"],"build_version":"2020-12-22","purchased_purges":2,"victory":false,"max_hp_per_floor":[71,71,78,78,78,78,78,78,78,78,78,78,78,78,78,78,78,78,78,78,78,78,78,78],"relic_stats":{"counters":[11,70],"Ornamental Fan":[36],"Astrolabe":["Double Energy","Sunder","Leap"],"Kunai":[8],"War Paint":["Zap","Defend_B"],"obtain_stats":[{"Ice Cream":11,"Ornamental Fan":5,"Strawberry":3,"Astrolabe":17,"Kunai":7,"Membership Card":18,"War Paint":3,"Frozen Egg 2":9,"Cracked Core":0,"Runic Pyramid":0},{"Ice Cream":4,"Ornamental Fan":2,"Strawberry":2,"Astrolabe":7,"Kunai":3,"Membership Card":8,"War Paint":2,"Frozen Egg 2":3,"Cracked Core":0,"Runic Pyramid":0},{"Ice Cream":30,"Ornamental Fan":8,"Strawberry":8,"Astrolabe":52,"Kunai":25,"Membership Card":53,"War Paint":8,"Frozen Egg 2":25,"Cracked Core":0,"Runic Pyramid":0}]},"card_choices":[{"not_picked":["Gash","Turbo","Beam Cell"],"picked":"SKIP","floor":1},{"not_picked":["Hologram","Genetic Algorithm"],"picked":"Reprogram","floor":2},{"not_picked":["Undo","Defragment"],"picked":"Go for the Eyes","floor":7},{"not_picked":["Static Discharge+1","Reinforced Body"],"picked":"Sweeping Beam","floor":11},{"not_picked":["Turbo","Coolheaded"],"picked":"Reprogram","floor":12},{"not_picked":["Hologram","Doom and Gloom","Compile Driver"],"picked":"SKIP","floor":14},{"not_picked":["Stack","Gash","Rip and Tear"],"picked":"SKIP","floor":18},{"not_picked":["Rebound","Ball Lightning"],"picked":"Conserve Battery","floor":20},{"not_picked":["Redo","Hologram+1"],"picked":"Conserve Battery+1","floor":22}],"player_experience":517456,"relics_obtained":[{"floor":7,"key":"Kunai"},{"floor":9,"key":"Frozen Egg 2"},{"floor":11,"key":"Ice Cream"}],"event_choices":[{"damage_healed":0,"gold_gain":75,"player_choice":"Gather Gold","damage_taken":11,"max_hp_gain":0,"max_hp_loss":0,"event_name":"World of Goop","floor":4,"gold_loss":0},{"damage_healed":0,"gold_gain":0,"player_choice":"Success","damage_taken":5,"relics_obtained":["Ornamental Fan"],"max_hp_gain":0,"max_hp_loss":0,"event_name":"Scrap Ooze","floor":5,"gold_loss":0},{"damage_healed":0,"gold_gain":50,"player_choice":"Pray","damage_taken":0,"max_hp_gain":0,"max_hp_loss":0,"event_name":"Golden Shrine","floor":8,"gold_loss":0},{"cards_removed":["Defragment"],"damage_healed":0,"gold_gain":0,"player_choice":"Gave Gold","damage_taken":0,"max_hp_gain":0,"max_hp_loss":0,"event_name":"Beggar","floor":21,"gold_loss":75}],"is_beta":false,"boss_relics":[{"not_picked":["Ectoplasm","Snecko Eye"],"picked":"Astrolabe"}],"items_purged_floors":[3,19],"is_endless":false,"potions_floor_spawned":[2,7,11,20],"killed_by":"Slavers","ascension_level":20}}