{"host":"kokp9cirgkksa174","time":1609138229,"event":{"mods":["AchievementEnabler","BaseMod","Best Route Mod","Bestiary","Better Third Choice","Block Reminder","Colored Map","Colored Powertips","DeckTracker","Exacting","Jorbs\u0027s Wanderer Trilogy","Key Reminder","Minty Spire (QoL Compilation)","Permanent Neow","Random Character Button","Rare Cards Sparkle","Relic Stats","Slay the Relics Exporter","StSLib","Unceasing Turn Reminder"],"gold_per_floor":[119,71,90,102,147,179,197,16,16,31,31,31],"floor_reached":11,"playtime":2552,"items_purged":["Strike_P"],"score":77,"play_id":"60e7dd14-03e8-43b3-a685-f54c2e1714b4","local_time":"20201228015029","is_ascension_mode":false,"campfire_choices":[],"circlet_count":0,"master_deck":["Strike_P","Strike_P","Strike_P","Defend_P","Defend_P","Defend_P","Defend_P","Eruption","Vigilance","WaveOfTheHand","Collect","ThirdEye","CrushJoints","Evaluate","Scrawl","Protect","Nirvana","Evaluate"],"relics":["Sozu","betterThird:SlimedRelic","PreservedInsect","keyreminder:keyreminder"],"acts_visited":["Exordium"],"potions_floor_usage":[],"damage_taken":[{"damage":0,"enemies":"Jaw Worm","floor":1,"turns":6},{"damage":6,"enemies":"Small Slimes","floor":3,"turns":7},{"damage":0,"enemies":"Cultist","floor":4,"turns":6},{"damage":0,"enemies":"3 Louse","floor":5,"turns":7},{"damage":32,"enemies":"Lagavulin","floor":6,"turns":14},{"damage":9,"enemies":"Exordium Thugs","floor":7,"turns":13},{"damage":0,"enemies":"Red Slaver","floor":10,"turns":7},{"damage":25,"enemies":"3 Sentries","floor":11,"turns":6}],"seed_played":"2884128151264423393","potions_obtained":[],"is_trial":false,"path_per_floor":["M","?","M","M","M","E","M","$","T","M","E"],"character_chosen":"WATCHER","items_purchased":["Protect","Nirvana"],"campfire_rested":0,"item_purchase_floors":[8,8],"current_hp_per_floor":[72,61,55,55,55,23,14,14,14,14,0,0],"gold":31,"neow_bonus":"BOSS_RELIC","is_daily":false,"chose_seed":false,"campfire_upgraded":0,"win_rate":0.0,"timestamp":1609138229,"path_taken":["M","?","M","M","M","E","M","$","T","M","E"],"items_purchased_type":["Card","Card"],"build_version":"2020-12-22","purchased_purges":1,"victory":false,"max_hp_per_floor":[72,72,72,72,72,72,72,72,72,72,72,72],"relic_stats":{"Sozu":4,"counters":[8,66],"PreservedInsect":32,"obtain_stats":[{"Sozu":0,"keyreminder:keyreminder":9,"betterThird:SlimedRelic":2,"PreservedInsect":6,"PureWater":0},{"Sozu":0,"keyreminder:keyreminder":6,"betterThird:SlimedRelic":1,"PreservedInsect":5,"PureWater":0},{"Sozu":0,"keyreminder:keyreminder":53,"betterThird:SlimedRelic":6,"PreservedInsect":40,"PureWater":0}]},"card_choices":[{"not_picked":["BowlingBash","Collect"],"picked":"WaveOfTheHand","floor":1},{"not_picked":["EmptyBody","CrushJoints"],"picked":"Collect","floor":3},{"not_picked":["Vengeance","DeceiveReality"],"picked":"ThirdEye","floor":4},{"not_picked":["ClearTheMind","Tantrum"],"picked":"CrushJoints","floor":5},{"not_picked":["EmptyFist","BowlingBash"],"picked":"Evaluate","floor":6},{"not_picked":["TalkToTheHand","Study"],"picked":"Scrawl","floor":7},{"not_picked":["Crescendo","FlyingSleeves"],"picked":"Evaluate","floor":10}],"player_experience":155641,"relics_obtained":[{"floor":6,"key":"PreservedInsect"}],"event_choices":[{"damage_healed":0,"gold_gain":0,"player_choice":"Slimed","damage_taken":11,"max_hp_gain":0,"max_hp_loss":0,"event_name":"betterThird:BetterGoop","floor":2,"gold_loss":48}],"is_beta":false,"boss_relics":[],"items_purged_floors":[8],"is_endless":false,"potions_floor_spawned":[3,4,7,10],"killed_by":"3 Sentries","ascension_level":0}}