{"host":"mi0eibewekhugwl1","time":1609178064,"event":{"mods":["AchievementEnabler","BaseMod","Colored Map","Colored Powertips","DeckTracker","Keyboard Shortcuts","Minty Spire (QoL Compilation)","Quick Restart","Rare Cards Sparkle","Relic Stats","StSLib","SuperFastMode","everything is the same but u backflip on backflip"],"gold_per_floor":[116,116,116,131,131,159,172,12,63,63,23,40,57,68,68,141,141,157,157,177,177,47,47,76,76,76,76,76,88,88,88],"floor_reached":30,"playtime":530,"items_purged":["Strike_B"],"score":646,"play_id":"000d0707-fc9f-4b32-8cac-e678ee48a5e5","local_time":"20201229025424","is_ascension_mode":true,"campfire_choices":[{"data":"Zap","floor":15.0,"key":"SMITH"},{"floor":23.0,"key":"REST"},{"data":"Buffer","floor":25.0,"key":"SMITH"},{"floor":27.0,"key":"REST"}],"circlet_count":0,"master_deck":["AscendersBane","Strike_B","Strike_B","Defend_B","Defend_B","Defend_B","Defend_B","Zap+1","Dualcast","FTL","Cold Snap","White Noise","Thunder Strike","Ball Lightning","Redo","Buffer+1","Genetic Algorithm","Turbo","Ball Lightning","Coolheaded","Aggregate","Blizzard"],"relics":["Cracked Core","NeowsBlessing","Centennial Puzzle","Anchor","Potion Belt","Tiny Chest","Pear"],"acts_visited":["Exordium","TheCity"],"potions_floor_usage":[30],"damage_taken":[{"damage":0.0,"enemies":"Jaw Worm","floor":1.0,"turns":1.0},{"damage":0.0,"enemies":"Cultist","floor":4.0,"turns":1.0},{"damage":0.0,"enemies":"3 Sentries","floor":6.0,"turns":1.0},{"damage":0.0,"enemies":"2 Louse","floor":7.0,"turns":2.0},{"damage":0.0,"enemies":"Exordium Wildlife","floor":12.0,"turns":3.0},{"damage":0.0,"enemies":"2 Fungi Beasts","floor":13.0,"turns":3.0},{"damage":4.0,"enemies":"Looter","floor":14.0,"turns":3.0},{"damage":0.0,"enemies":"Slime Boss","floor":16.0,"turns":6.0},{"damage":0.0,"enemies":"Chosen","floor":18.0,"turns":5.0},{"damage":30.0,"enemies":"Shell Parasite","floor":20.0,"turns":6.0},{"damage":28.0,"enemies":"Gremlin Leader","floor":24.0,"turns":9.0},{"damage":14,"enemies":"Centurion and Healer","floor":29,"turns":4},{"damage":64,"enemies":"Slavers","floor":30,"turns":3}],"seed_played":"2924375476233471663","potions_obtained":[{"floor":4.0,"key":"LiquidMemories"},{"floor":11.0,"key":"SmokeBomb"},{"floor":11.0,"key":"LiquidMemories"},{"floor":11.0,"key":"SpeedPotion"},{"floor":12.0,"key":"Strength Potion"},{"floor":14.0,"key":"EntropicBrew"},{"floor":29,"key":"EssenceOfSteel"}],"is_trial":false,"path_per_floor":["M","?","?","M","?","E","M","$","T","?","?","M","M","M","R","B",null,"M","?","M","?","$","R","E","R","T","R","?","M","E"],"character_chosen":"DEFECT","items_purchased":["Thunder Strike","Coolheaded"],"campfire_rested":2,"item_purchase_floors":[8,22],"current_hp_per_floor":[64,46,46,46,46,46,46,46,46,46,46,46,46,42,42,42,64,64,64,34,34,34,55,27,27,37,61,61,47,0,0],"gold":88,"neow_bonus":"THREE_ENEMY_KILL","is_daily":false,"chose_seed":false,"campfire_upgraded":2,"win_rate":0.0,"timestamp":1609178064,"path_taken":["M","?","?","?","?","E","M","?","T","?","?","M","?","M","R","BOSS","M","?","M","?","$","R","E","R","T","R","?","?","E"],"items_purchased_type":["Card","Card"],"build_version":"2020-12-22","purchased_purges":1,"victory":false,"max_hp_per_floor":[71,71,71,71,71,71,71,71,71,71,71,71,71,71,71,71,71,71,71,71,71,71,71,71,71,81,81,81,81,81,81],"relic_stats":{"Centennial Puzzle":[15],"counters":[13,47],"Tiny Chest":0,"obtain_stats":[{"Potion Belt":9,"Centennial Puzzle":2,"Anchor":6,"Pear":26,"NeowsBlessing":0,"Tiny Chest":24,"Cracked Core":0},{"Potion Belt":4,"Centennial Puzzle":1,"Anchor":3,"Pear":11,"NeowsBlessing":0,"Tiny Chest":11,"Cracked Core":0},{"Potion Belt":5,"Centennial Puzzle":1,"Anchor":3,"Pear":40,"NeowsBlessing":0,"Tiny Chest":40,"Cracked Core":0}]},"card_choices":[{"not_picked":["Redo","Steam","Coolheaded"],"picked":"SKIP","floor":1.0},{"not_picked":["Chaos","Chill"],"picked":"FTL","floor":4.0},{"not_picked":["Reinforced Body","Auto Shields"],"picked":"Cold Snap","floor":6.0},{"not_picked":["Scrape","Hologram"],"picked":"White Noise","floor":7.0},{"not_picked":["FTL","Gash"],"picked":"Ball Lightning","floor":12.0},{"not_picked":["Hello World","Stack","Rebound"],"picked":"SKIP","floor":13.0},{"not_picked":["Streamline","Doom and Gloom"],"picked":"Redo","floor":14.0},{"not_picked":["Echo Form","Multi-Cast"],"picked":"Buffer","floor":16.0},{"not_picked":["Stack","Steam Power"],"picked":"Genetic Algorithm","floor":18.0},{"not_picked":["Darkness","Skim"],"picked":"Ball Lightning","floor":20.0},{"not_picked":["Fusion","Steam"],"picked":"Aggregate","floor":24.0},{"not_picked":["Turbo","Reprogram"],"picked":"Blizzard","floor":29}],"player_experience":1716500,"relics_obtained":[{"floor":6.0,"key":"Anchor"},{"floor":9.0,"key":"Potion Belt"},{"floor":24.0,"key":"Tiny Chest"},{"floor":26.0,"key":"Pear"}],"event_choices":[{"damage_healed":0.0,"max_hp_gain":0.0,"max_hp_loss":0.0,"gold_gain":0.0,"event_name":"Scrap Ooze","player_choice":"Success","floor":2.0,"gold_loss":0.0,"damage_taken":18.0,"relics_obtained":["Centennial Puzzle"]},{"cards_removed":["Strike_B"],"damage_healed":0.0,"max_hp_gain":0.0,"max_hp_loss":0.0,"gold_gain":0.0,"event_name":"Wheel of Change","player_choice":"Card Removal","floor":3.0,"gold_loss":0.0,"damage_taken":0.0},{"damage_healed":0.0,"max_hp_gain":0.0,"max_hp_loss":0.0,"gold_gain":0.0,"event_name":"Shining Light","player_choice":"Ignored","floor":5.0,"gold_loss":0.0,"damage_taken":0.0},{"damage_healed":0.0,"max_hp_gain":0.0,"max_hp_loss":0.0,"gold_gain":0.0,"event_name":"Liars Game","player_choice":"Ignored","floor":10.0,"gold_loss":0.0,"damage_taken":0.0},{"damage_healed":0.0,"max_hp_gain":0.0,"max_hp_loss":0.0,"gold_gain":0.0,"event_name":"The Woman in Blue","player_choice":"Bought 3 Potions","floor":11.0,"gold_loss":0.0,"damage_taken":0.0},{"damage_healed":0.0,"max_hp_gain":0.0,"max_hp_loss":0.0,"gold_gain":0.0,"event_name":"The Library","player_choice":"Read","floor":19.0,"gold_loss":0.0,"damage_taken":0.0,"cards_obtained":["Turbo"]},{"damage_healed":0.0,"max_hp_gain":0.0,"max_hp_loss":0.0,"gold_gain":0.0,"event_name":"Vampires","player_choice":"Ignored","floor":21.0,"gold_loss":0.0,"damage_taken":0.0},{"damage_healed":0,"gold_gain":0,"player_choice":"Leave","damage_taken":0,"max_hp_gain":0,"max_hp_loss":0,"event_name":"FaceTrader","floor":28,"gold_loss":0}],"is_beta":false,"boss_relics":[{"not_picked":["Fusion Hammer","Velvet Choker","Ectoplasm"]}],"items_purged_floors":[22],"is_endless":false,"potions_floor_spawned":[4,12,14,20,29],"killed_by":"Slavers","ascension_level":20}}