{"host":"y98rs9c3ubr5er25","time":1609127077,"event":{"mods":["AchievementEnabler","Aspiration","Bartender","BaseMod","Better Altar","Better Match","Better Note","Better Sensory Stone","Better Skull","Better Third Choice","Downfall","GifTheSpireLib","HololiveMod","Hubris","Minty Spire (QoL Compilation)","Relic Stats","Replay The Spire","StSLib","The Construct","The Poker Player"],"gold_per_floor":[115,115,126,59,59,90,101,132,157,190,201,217,242,252,252,357,357,375,390,390,350,368,368,368,368,368,395,410,442,442,458,458,557,557,575,575,265,265,82,82,112,132,132,148,179,191,191,206,206,206,206,206,39,65,65],"floor_reached":56,"playtime":10166,"items_purged":[],"score":1302,"play_id":"eb40a126-d431-4c30-8a62-371aeed16673","local_time":"20201228034437","is_ascension_mode":false,"campfire_choices":[{"data":"Well_Drinks","floor":15.0,"key":"SMITH"},{"data":"Fight_Dirty","floor":23.0,"key":"SMITH"},{"data":"Butterfly_Float","floor":25.0,"key":"SMITH"},{"data":"Storage","floor":30.0,"key":"SMITH"},{"floor":32.0,"key":"RECALL"},{"data":"Raptor_Form","floor":40.0,"key":"SMITH"},{"data":"Form_Shift","floor":47.0,"key":"SMITH"},{"data":"Combo_Master","floor":49.0,"key":"SMITH"},{"data":"Butterfly_Float","floor":52.0,"key":"SMITH"}],"circlet_count":0,"master_deck":["Strike_Bartender","Strike_Bartender","Strike_Bartender","Strike_Bartender","Defend_Bartender+1","Defend_Bartender+1","Defend_Bartender","Defend_Bartender","Somersault","Coeurl_Form","Coeurl_Form","Fight_Dirty+1","Well_Drinks+1","ThreeSidedStar","Butterfly_Float+1","Fight_Dirty+1","Hook","Scoop","Training_Dummy","Elbow_Slash+1","Combo_Master+1","Well_Drinks+1","Dragonkick","Scoop+1","Sucker_Punch","Ball_Of_Ice","Storage+1","Perfect_Balance+1","Cold_Blooded+1","CurseOfTheBell","Ripple","Form_Shift+1","Madness+1","Madness+1","Raptor_Form+1","Snap_Punch+1","Elbow_Slash","Butterfly_Float+1","Rising_Crane+1","Alacrity","Apotheosis","Greased_Lightning+1"],"relics":["Sneakers","Bird Faced Urn","War Paint","Smiling Mask","Happy Flower","aspiration:FrozenJewel","hubris:BottledRain","Honey Jar","aspiration:RitualStick","MealTicket","ReplayTheSpireMod:Lightbulb","Calling Bell","Orichalcum","Incense Burner","aspiration:SeaSaltIceCream","aspiration:FrozenJewel","Blue Doll","Pear","Omamori","Replay:Bottled Eggs","ReplayFunnel"],"acts_visited":["Exordium","TheCity","TheBeyond","TheEnding"],"potions_floor_usage":[55,55,55,55],"damage_taken":[{"damage":1.0,"enemies":"Jaw Worm","floor":1.0,"turns":4.0},{"damage":1.0,"enemies":"Cultist","floor":3.0,"turns":4.0},{"damage":29.0,"enemies":"Lagavulin","floor":6.0,"turns":8.0},{"damage":0.0,"enemies":"Small Slimes","floor":7.0,"turns":5.0},{"damage":10.0,"enemies":"3 Sentries","floor":8.0,"turns":4.0},{"damage":15.0,"enemies":"Lagavulin","floor":10.0,"turns":8.0},{"damage":14.0,"enemies":"Gremlin Gang","floor":11.0,"turns":4.0},{"damage":3.0,"enemies":"2 Fungi Beasts","floor":12.0,"turns":4.0},{"damage":0.0,"enemies":"3 Sentries","floor":13.0,"turns":7.0},{"damage":0.0,"enemies":"Lots of Slimes","floor":14.0,"turns":4.0},{"damage":0.0,"enemies":"Fading Forest","floor":16.0,"turns":11.0},{"damage":1.0,"enemies":"3 Byrds","floor":18.0,"turns":4.0},{"damage":0.0,"enemies":"Shell Parasite","floor":19.0,"turns":4.0},{"damage":16.0,"enemies":"3 Cultists","floor":22.0,"turns":6.0},{"damage":34.0,"enemies":"Gremlin Leader","floor":27.0,"turns":6.0},{"damage":2.0,"enemies":"Chosen and Byrds","floor":28.0,"turns":4.0},{"damage":8.0,"enemies":"Replay:Snechameleon","floor":29.0,"turns":4.0},{"damage":10.0,"enemies":"Centurion and Healer","floor":31.0,"turns":6.0},{"damage":18.0,"enemies":"hubris:MusketHawk","floor":33.0,"turns":7.0},{"damage":7.0,"enemies":"3 Shapes","floor":35.0,"turns":5.0},{"damage":11.0,"enemies":"Nemesis","floor":41.0,"turns":9.0},{"damage":2.0,"enemies":"3 Darklings","floor":42.0,"turns":5.0},{"damage":30.0,"enemies":"Spire Growth","floor":44.0,"turns":5.0},{"damage":46.0,"enemies":"Reptomancer","floor":45.0,"turns":5.0},{"damage":0.0,"enemies":"Maw","floor":46.0,"turns":6.0},{"damage":4.0,"enemies":"Writhing Mass","floor":48.0,"turns":5.0},{"damage":67.0,"enemies":"hubris:GrandSnecko","floor":50.0,"turns":8.0},{"damage":39.0,"enemies":"Shield and Spear","floor":54.0,"turns":5.0},{"damage":60,"enemies":"The Heart","floor":55,"turns":8}],"seed_played":"-1325290726050268377","potions_obtained":[{"floor":1.0,"key":"Swift Potion"},{"floor":7.0,"key":"ColorlessPotion"},{"floor":8.0,"key":"Elixir"},{"floor":10.0,"key":"Venom Potion"},{"floor":12.0,"key":"SpeedPotion"},{"floor":14.0,"key":"Fire Potion"},{"floor":22.0,"key":"ColorlessPotion"},{"floor":28.0,"key":"Flashbang"},{"floor":29.0,"key":"GamblersBrew"},{"floor":31.0,"key":"Venom Potion"},{"floor":42.0,"key":"hexamod:EctoCoolerPotion"},{"floor":44.0,"key":"Strength Potion"},{"floor":54.0,"key":"FearPotion"}],"is_trial":false,"path_per_floor":["M","?","M","$","?","E","M","E","T","E","M","M","E","M","R","B",null,"M","M","?","?","M","R","?","R","T","E","M","E","R","M","R","B",null,"M","?","$","?","$","R","E","M","T","M","E","M","R","M","R","B",null,"R","$","E","B",null],"character_chosen":"BARTENDER","items_purchased":["Fight_Dirty","Blue Doll","Form_Shift","Raptor_Form","Fruit Juice","Apotheosis"],"campfire_rested":0,"item_purchase_floors":[4,37,37,39,39,53],"current_hp_per_floor":[62,62,62,62,62,34,40,36,36,27,21,26,34,42,42,60,63,63,63,63,63,53,53,40,40,40,16,24,26,26,28,28,22,63,58,58,63,55,63,63,71,78,78,58,28,44,44,58,58,7,78,78,78,53,9],"gold":65,"neow_bonus":"ONE_RARE_RELIC","is_daily":false,"chose_seed":false,"campfire_upgraded":8,"win_rate":0.0,"timestamp":1609127077,"path_taken":["M","?","M","$","?","E","?","E","T","E","M","M","E","M","R","BOSS","M","M","?","?","?","R","?","R","T","E","M","E","R","M","R","BOSS","M","?","$","?","?","R","E","M","T","M","E","M","R","M","R","BOSS","R","$","E","BOSS"],"items_purchased_type":["Card","Relic","Card","Card","Potion","Card"],"build_version":"2020-12-22","purchased_purges":0,"victory":true,"max_hp_per_floor":[63,63,63,63,63,63,63,63,63,63,63,63,63,63,63,63,63,63,63,63,63,63,63,63,63,63,63,63,63,63,63,63,63,63,63,63,63,63,63,63,78,78,78,78,78,78,78,78,78,78,78,78,78,78,78],"relic_stats":{"Happy Flower":[46],"counters":[29,151],"Bird Faced Urn":[242],"MealTicket":13,"War Paint":["Defend_Bartender","Defend_Bartender"],"Orichalcum":[198],"Smiling Mask":0,"obtain_stats":[{"ReplayFunnel":54,"Sneakers":0,"Pear":41,"Happy Flower":9,"Blue Doll":37,"Incense Burner":34,"Omamori":43,"aspiration:SeaSaltIceCream":34,"War Paint":6,"Orichalcum":34,"Smiling Mask":8,"aspiration:FrozenJewel":10,"aspiration:RitualStick":24,"Calling Bell":34,"Bird Faced Urn":0,"Honey Jar":17,"MealTicket":27,"Replay:Bottled Eggs":45,"ReplayTheSpireMod:Lightbulb":29,"hubris:BottledRain":13},{"ReplayFunnel":28,"Sneakers":0,"Pear":21,"Happy Flower":5,"Blue Doll":20,"Incense Burner":19,"Omamori":22,"aspiration:SeaSaltIceCream":19,"War Paint":3,"Orichalcum":19,"Smiling Mask":5,"aspiration:FrozenJewel":6,"aspiration:RitualStick":14,"Calling Bell":19,"Bird Faced Urn":0,"Honey Jar":11,"MealTicket":15,"Replay:Bottled Eggs":24,"ReplayTheSpireMod:Lightbulb":17,"hubris:BottledRain":9},{"ReplayFunnel":144,"Sneakers":0,"Pear":108,"Happy Flower":23,"Blue Doll":99,"Incense Burner":94,"Omamori":112,"aspiration:SeaSaltIceCream":94,"War Paint":15,"Orichalcum":94,"Smiling Mask":23,"aspiration:FrozenJewel":31,"aspiration:RitualStick":70,"Calling Bell":94,"Bird Faced Urn":0,"Honey Jar":59,"MealTicket":75,"Replay:Bottled Eggs":122,"ReplayTheSpireMod:Lightbulb":83,"hubris:BottledRain":44}],"aspiration:RitualStick":[9]},"card_choices":[{"not_picked":["Torment","Free_Pour"],"picked":"Coeurl_Form","floor":1.0},{"not_picked":["Sucker_Punch","Stick_and_Move"],"picked":"Coeurl_Form","floor":3.0},{"not_picked":["Phantom_Blow","Step_Of_The_Wind"],"picked":"Well_Drinks","floor":6.0},{"not_picked":["Ripple","Press_Forward"],"picked":"ThreeSidedStar","floor":7.0},{"not_picked":["Step_Of_The_Wind","With_A_Twist"],"picked":"Butterfly_Float","floor":8.0},{"not_picked":["Sucker_Punch","Wall_of_Ice"],"picked":"Fight_Dirty","floor":10.0},{"not_picked":["Pony_Shot","Greased_Lightning"],"picked":"Hook","floor":11.0},{"not_picked":["Pony_Shot","Tornado_Kick"],"picked":"Scoop","floor":12.0},{"not_picked":["Sucker_Punch","Bloodbath_Bartender"],"picked":"Training_Dummy","floor":13.0},{"not_picked":["Pony_Shot","Bitters"],"picked":"Elbow_Slash","floor":14.0},{"not_picked":["Patience","Dolphin_Blow"],"picked":"Combo_Master","floor":16.0},{"not_picked":["Rising_Crane","Scoop","Elbow_Slash"],"picked":"Well_Drinks+1","floor":18.0},{"not_picked":["Step_Of_The_Wind+1","Foot_Thrust","Bitters+1"],"picked":"Dragonkick","floor":19.0},{"not_picked":["Step_Of_The_Wind","Free_Pour","Torment"],"picked":"Scoop+1","floor":22.0},{"not_picked":["Foot_Thrust","Center_Self","Glare"],"picked":"Sucker_Punch","floor":27.0},{"not_picked":["Step_Of_The_Wind","Combo_Master","Press_Forward"],"picked":"Ball_Of_Ice","floor":28.0},{"not_picked":["Power_Up_Punch","Hook","Scowl"],"picked":"Storage","floor":29.0},{"not_picked":["Meditate+1","Dancing_Jab","Pony_Shot"],"picked":"Perfect_Balance+1","floor":31.0},{"not_picked":["Top_Shelf","Combo_Master","Storage"],"picked":"Cold_Blooded","floor":33.0},{"not_picked":["Sucker_Punch+1","On_The_Rocks","Dragonkick"],"picked":"Ripple","floor":35.0},{"not_picked":["Feint","Wall_of_Ice","On_The_House+1"],"picked":"Snap_Punch+1","floor":41.0},{"not_picked":["Stick_and_Move+1","Scowl","Feint+1"],"picked":"Elbow_Slash","floor":42.0},{"not_picked":["ThreeSidedStar","Cross","Surge"],"picked":"Butterfly_Float","floor":44.0},{"not_picked":["Scowl","Tornado_Kick","Free_Pour","Bitters"],"picked":"SKIP","floor":45.0},{"not_picked":["Stick_and_Move+1","ThreeSidedStar+1","Feint+1"],"picked":"Rising_Crane+1","floor":46.0},{"not_picked":["Feint+1","Pony_Shot+1","Ball_Of_Ice+1"],"picked":"Alacrity","floor":48.0},{"not_picked":["Training_Dummy+1","Press_Forward+1","Step_Of_The_Wind"],"picked":"Greased_Lightning+1","floor":54.0}],"player_experience":498503,"relics_obtained":[{"floor":6.0,"key":"War Paint"},{"floor":8.0,"key":"Smiling Mask"},{"floor":9.0,"key":"Happy Flower"},{"floor":10.0,"key":"aspiration:FrozenJewel"},{"floor":13.0,"key":"hubris:BottledRain"},{"floor":27.0,"key":"MealTicket"},{"floor":29.0,"key":"ReplayTheSpireMod:Lightbulb"},{"floor":34.0,"key":"Orichalcum"},{"floor":34.0,"key":"Incense Burner"},{"floor":34.0,"key":"aspiration:SeaSaltIceCream"},{"floor":41.0,"key":"Pear"},{"floor":43.0,"key":"Omamori"},{"floor":45.0,"key":"Replay:Bottled Eggs"},{"floor":54.0,"key":"ReplayFunnel"}],"event_choices":[{"damage_healed":0.0,"max_hp_gain":0.0,"max_hp_loss":0.0,"gold_gain":0.0,"event_name":"The Woman in Blue","player_choice":"Bought 0 Potions","floor":5.0,"gold_loss":0.0,"damage_taken":0.0},{"damage_healed":0.0,"max_hp_gain":0.0,"max_hp_loss":0.0,"gold_gain":0.0,"event_name":"betterNote:BetterNote","player_choice":"Ignored","floor":20.0,"gold_loss":0.0,"damage_taken":0.0,"cards_obtained":["Iron Wave"]},{"damage_healed":0.0,"max_hp_gain":0.0,"max_hp_loss":0.0,"gold_gain":0.0,"event_name":"Designer","player_choice":"Upgraded Two","floor":21.0,"gold_loss":40.0,"damage_taken":0.0,"cards_upgraded":["Fight_Dirty","Elbow_Slash"]},{"damage_healed":0.0,"max_hp_gain":0.0,"max_hp_loss":0.0,"gold_gain":0.0,"event_name":"Winding Halls","player_choice":"Embrace Madness","floor":38.0,"gold_loss":0.0,"damage_taken":8.0,"cards_obtained":["Madness","Madness"]}],"is_beta":false,"boss_relics":[{"not_picked":["SacredBark","Fusion Hammer"],"picked":"Honey Jar"},{"not_picked":["Tiny House","Hololive_TopUpMoneyS"],"picked":"Calling Bell"}],"items_purged_floors":[],"is_endless":false,"potions_floor_spawned":[1,7,8,10,12,14,22,28,29,31,42,44,54],"ascension_level":0}}