{"host":"2se5dq1do2gp0x9k","time":1609136484,"event":{"mods":["AchievementEnabler","BaseMod","Block Reminder","Colored Map","Colored Powertips","Minty Spire (QoL Compilation)","Relic Stats","StSLib","SuperFastMode"],"gold_per_floor":[114,184,334,22,33,33,61,61,61,88,99,133,150,175,175,175,175],"floor_reached":16,"playtime":444,"items_purged":["Doubt"],"score":306,"play_id":"53747f45-138f-4f66-8ec4-36edb7c56cd4","local_time":"20201227222124","is_ascension_mode":true,"campfire_choices":[{"data":"Uppercut","floor":6,"key":"SMITH"},{"data":"Offering","floor":8,"key":"SMITH"},{"data":"Limit Break","floor":15,"key":"SMITH"}],"circlet_count":0,"master_deck":["AscendersBane","Strike_R+1","Strike_R","Strike_R","Strike_R","Strike_R+1","Defend_R","Defend_R","Defend_R","Defend_R","Bash","Clothesline","Uppercut+1","Offering+1","Shrug It Off","Limit Break+1","Spot Weakness"],"relics":["Burning Blood","NeowsBlessing","Bottled Flame","Sling","Blue Candle","Matryoshka","Oddly Smooth Stone","Unceasing Top","Whetstone"],"acts_visited":["Exordium"],"potions_floor_usage":[14,16],"damage_taken":[{"damage":0,"enemies":"Cultist","floor":1,"turns":1},{"damage":0,"enemies":"Small Slimes","floor":5,"turns":1},{"damage":0,"enemies":"3 Sentries","floor":7,"turns":1},{"damage":12,"enemies":"Gremlin Nob","floor":10,"turns":3},{"damage":15,"enemies":"Jaw Worm","floor":11,"turns":2},{"damage":25,"enemies":"3 Sentries","floor":12,"turns":6},{"damage":24,"enemies":"Large Slime","floor":13,"turns":8},{"damage":16,"enemies":"Gremlin Nob","floor":14,"turns":3},{"damage":19,"enemies":"Hexaghost","floor":16,"turns":7}],"seed_played":"-499240934023020055","potions_obtained":[{"floor":5,"key":"GamblersBrew"},{"floor":7,"key":"Dexterity Potion"},{"floor":10,"key":"Fruit Juice"}],"is_trial":false,"path_per_floor":["M","T","?","$","M","R","E","R","T","E","M","E","M","E","R","B"],"character_chosen":"IRONCLAD","items_purchased":["Sling","Uppercut"],"campfire_rested":0,"item_purchase_floors":[4,4],"current_hp_per_floor":[74,74,74,74,75,75,75,75,75,69,60,41,23,18,18,0,0],"gold":175,"neow_bonus":"THREE_ENEMY_KILL","is_daily":false,"chose_seed":false,"campfire_upgraded":3,"win_rate":0.0,"timestamp":1609136484,"path_taken":["M","?","?","$","M","R","E","R","T","E","M","E","M","E","R","BOSS"],"items_purchased_type":["Relic","Card"],"build_version":"2020-12-22","purchased_purges":1,"victory":false,"max_hp_per_floor":[75,75,75,75,75,75,75,75,75,75,75,75,75,80,80,80,80],"relic_stats":{"counters":[9,32],"Blue Candle":[0],"Whetstone":["Strike_R","Strike_R"],"obtain_stats":[{"Bottled Flame":2,"Matryoshka":9,"NeowsBlessing":0,"Blue Candle":7,"Oddly Smooth Stone":10,"Whetstone":14,"Sling":4,"Burning Blood":0,"Unceasing Top":12},{"Bottled Flame":1,"Matryoshka":3,"NeowsBlessing":0,"Blue Candle":3,"Oddly Smooth Stone":4,"Whetstone":8,"Sling":1,"Burning Blood":0,"Unceasing Top":6},{"Bottled Flame":1,"Matryoshka":3,"NeowsBlessing":0,"Blue Candle":3,"Oddly Smooth Stone":6,"Whetstone":25,"Sling":1,"Burning Blood":0,"Unceasing Top":14}],"Burning Blood":37,"Unceasing Top":[0]},"card_choices":[{"not_picked":["Clash","Rampage"],"picked":"Clothesline","floor":1},{"not_picked":["Perfected Strike","Wild Strike","Warcry"],"picked":"SKIP","floor":5},{"not_picked":["Twin Strike","Searing Blow"],"picked":"Offering","floor":7},{"not_picked":["Rupture","Rampage","Pummel"],"picked":"SKIP","floor":10},{"not_picked":["Anger","Flame Barrier"],"picked":"Shrug It Off","floor":11},{"not_picked":["Body Slam","Metallicize"],"picked":"Limit Break","floor":12},{"not_picked":["Carnage","Blood for Blood"],"picked":"Spot Weakness","floor":13},{"not_picked":["Flex","Spot Weakness","Hemokinesis"],"picked":"SKIP","floor":14},{"not_picked":["Flex","Spot Weakness","Hemokinesis"],"picked":"SKIP","floor":14}],"player_experience":3625421,"relics_obtained":[{"floor":2,"key":"Bottled Flame"},{"floor":7,"key":"Blue Candle"},{"floor":9,"key":"Matryoshka"},{"floor":10,"key":"Oddly Smooth Stone"},{"floor":12,"key":"Unceasing Top"},{"floor":14,"key":"Whetstone"}],"event_choices":[{"damage_healed":0,"gold_gain":150,"player_choice":"AGREE","damage_taken":0,"max_hp_gain":0,"max_hp_loss":0,"event_name":"Liars Game","floor":3,"gold_loss":0,"cards_obtained":["Doubt"]}],"is_beta":false,"boss_relics":[],"items_purged_floors":[4],"is_endless":false,"potions_floor_spawned":[5,7,10,12],"killed_by":"Hexaghost","ascension_level":20}}