{"host":"fxgsgr3e13htip8z","time":1609175915,"event":{"mods":["Aspiration","BaseMod","ChefMod","Dota2Spire","Ekko","Hubris","Hyrulean Relics","Minty Spire (QoL Compilation)","Relic Stats","Replay The Spire","Robot Space Explorer","StSLib","Trackpad","Wandering Minibosses","vexMod"],"gold_per_floor":[114,114,114,5,20,50,65,95,95,95,120,20,50,65,65,165,165,180,195,210,9,9,39,54,84,84,99,129,129,159,174,231,331,331,346,361,125,125,175,175,175,175,200,230,245,275,107,122,122,142],"floor_reached":51,"playtime":6549,"items_purged":["Injury","Strike_G","Strike_G","vexMod:StairwayStrike+1"],"score":778,"play_id":"9768e9bb-5f73-46ee-96a2-d9c4f5f752c3","local_time":"20201228111835","daily_mods":["Allstar","Colorless Cards","Night Terrors"],"is_ascension_mode":false,"campfire_choices":[{"floor":15,"key":"DIG"},{"data":"The Bomb","floor":29,"key":"SMITH"},{"data":"Sadistic Nature","floor":40,"key":"SMITH"},{"data":"ReplayTheSpireMod:Scrap Shanks","floor":42,"key":"SMITH"},{"data":"Flying Knee","floor":49,"key":"PURGE"}],"circlet_count":0,"master_deck":["Defend_G","Defend_G","Defend_G","Defend_G","Defend_G","Survivor","Neutralize","The Bomb+1","Bandage Up","Thinking Ahead","Violence","hubris:Insight","Acrobatics+1","Acrobatics+1","Deflect+1","hubris:SlightOfHand+1","Doppelganger+1","Finesse+1","Deflect+1","Malaise+1","Well Laid Plans","ReplayTheSpireMod:Scrap Shanks+1","Madness+1","Backflip+1","Deflect+1","Backflip+1","Concentrate+1","Sadistic Nature+1","ReplayTheSpireMod:Speed Training+1","Madness+1","Prepared+1","Metamorphosis+1","Doppelganger+1","Panacea+1","Sadistic Nature","Blade Dance+1"],"relics":["Ring of the Snake","hubris:Towel","Toxic Egg 2","Boot","trackpad:RapidFire","Matryoshka","aspiration:Lifesprig","Ancient Tea Set","hubris:AncientText","vexMod:BarristanHead","aspiration:Stabinomicon","Garlic","Ninja Scroll","Paper Crane","Centennial Puzzle","ReplayTheSpireMod:Lightbulb","hubris:GlazedTorus","Replay:Drink Me","hubris:Icosahedron","Dota2Spire:MantaStyle","Bottled Tornado","Dota2Spire:DrumOfEndurance"],"acts_visited":["Exordium","TheCity","TheBeyond"],"potions_floor_usage":[23,23,27],"damage_taken":[{"damage":5,"enemies":"Small Slimes","floor":1,"turns":4},{"damage":6,"enemies":"2 Louse","floor":5,"turns":4},{"damage":0,"enemies":"Replay:BlueRogue","floor":6,"turns":6},{"damage":0,"enemies":"Jaw Worm","floor":7,"turns":4},{"damage":7,"enemies":"3 Sentries","floor":8,"turns":4},{"damage":22,"enemies":"Gremlin Nob","floor":13,"turns":4},{"damage":0,"enemies":"Exordium Wildlife","floor":14,"turns":4},{"damage":10,"enemies":"The Guardian","floor":16,"turns":10},{"damage":0,"enemies":"Chosen","floor":18,"turns":7},{"damage":11,"enemies":"2 Thieves","floor":19,"turns":3},{"damage":25,"enemies":"Snake Plant","floor":20,"turns":5},{"damage":21,"enemies":"Slavers","floor":23,"turns":4},{"damage":0,"enemies":"Shelled Parasite and Fungi","floor":24,"turns":4},{"damage":0,"enemies":"Replay:Snechameleon","floor":25,"turns":6},{"damage":4,"enemies":"Centurion and Healer","floor":27,"turns":5},{"damage":3,"enemies":"Gremlin Leader","floor":28,"turns":4},{"damage":0,"enemies":"Book of Stabbing","floor":30,"turns":4},{"damage":0,"enemies":"Snecko","floor":31,"turns":4},{"damage":6,"enemies":"Automaton","floor":33,"turns":7},{"damage":0,"enemies":"3 Shapes","floor":35,"turns":4},{"damage":0,"enemies":"3 Darklings","floor":36,"turns":4},{"damage":0,"enemies":"Mind Bloom Boss Battle","floor":39,"turns":2},{"damage":0,"enemies":"Giant Head","floor":44,"turns":5},{"damage":0,"enemies":"Jaw Worm Horde","floor":45,"turns":2},{"damage":0,"enemies":"Nemesis","floor":46,"turns":3},{"damage":0,"enemies":"4 Shapes","floor":48,"turns":3},{"damage":0,"enemies":"Replay:Hell Engine","floor":50,"turns":3}],"seed_played":"3313543068594885719","potions_obtained":[{"floor":6,"key":"LiquidBronze"},{"floor":7,"key":"Strength Potion"},{"floor":13,"key":"Energy Potion"},{"floor":18,"key":"BlessingOfTheForge"},{"floor":20,"key":"Dota2Spire:HealingSalve"},{"floor":24,"key":"BlessingOfTheForge"},{"floor":25,"key":"Fruit Juice"},{"floor":31,"key":"Block Potion"}],"is_trial":false,"path_per_floor":["M","?","?","$","M","E","M","E","T","?","T","$","E","M","R","B",null,"M","M","M","$","?","E","M","E","T","M","E","R","E","M","R","B",null,"M","M","$","?","?","R","T","R","T","E","M","E","$","M","R","B",null],"character_chosen":"THE_SILENT","items_purchased":["Acrobatics+1","ReplayTheSpireMod:Scrap Shanks","Madness+1","Sadistic Nature"],"campfire_rested":0,"item_purchase_floors":[4,21,37,47],"current_hp_per_floor":[69,69,69,69,64,68,70,63,63,63,63,63,45,49,49,43,70,70,61,40,40,24,19,23,27,27,32,33,33,37,37,37,35,57,57,57,57,57,57,57,57,57,57,57,57,57,57,57,57,57],"gold":142,"neow_bonus":"","is_daily":true,"chose_seed":false,"campfire_upgraded":3,"win_rate":0.0,"timestamp":1609175915,"path_taken":["M","?","?","$","?","E","M","E","T","?","?","$","E","M","R","BOSS","M","M","M","$","?","E","M","E","T","M","E","R","E","M","R","BOSS","M","M","$","?","?","R","?","R","T","E","M","E","?","M","R","BOSS"],"items_purchased_type":["Card","Card","Card","Card"],"build_version":"2020-12-22","purchased_purges":4,"victory":true,"max_hp_per_floor":[70,70,70,70,70,70,70,70,70,70,70,70,70,70,70,70,70,70,70,70,70,70,70,70,70,70,75,75,75,75,75,75,75,57,57,57,57,57,57,57,57,57,57,57,57,57,57,57,57,57],"relic_stats":{"Centennial Puzzle":[9],"counters":[27,119],"Boot":[98],"obtain_stats":[{"aspiration:Lifesprig":11,"Dota2Spire:MantaStyle":41,"Dota2Spire:DrumOfEndurance":46,"aspiration:Stabinomicon":22,"hubris:Towel":2,"Paper Crane":26,"Bottled Tornado":44,"Boot":6,"Ancient Tea Set":11,"Centennial Puzzle":26,"Matryoshka":9,"vexMod:BarristanHead":15,"hubris:Icosahedron":38,"trackpad:RapidFire":8,"Ninja Scroll":25,"Garlic":23,"Toxic Egg 2":3,"ReplayTheSpireMod:Lightbulb":28,"Replay:Drink Me":34,"hubris:AncientText":13,"Ring of the Snake":0,"hubris:GlazedTorus":30},{"aspiration:Lifesprig":5,"Dota2Spire:MantaStyle":22,"Dota2Spire:DrumOfEndurance":25,"aspiration:Stabinomicon":11,"hubris:Towel":1,"Paper Crane":14,"Bottled Tornado":23,"Boot":3,"Ancient Tea Set":5,"Centennial Puzzle":14,"Matryoshka":5,"vexMod:BarristanHead":7,"hubris:Icosahedron":21,"trackpad:RapidFire":5,"Ninja Scroll":14,"Garlic":12,"Toxic Egg 2":1,"ReplayTheSpireMod:Lightbulb":16,"Replay:Drink Me":19,"hubris:AncientText":6,"Ring of the Snake":0,"hubris:GlazedTorus":17},{"aspiration:Lifesprig":22,"Dota2Spire:MantaStyle":103,"Dota2Spire:DrumOfEndurance":113,"aspiration:Stabinomicon":55,"hubris:Towel":4,"Paper Crane":69,"Bottled Tornado":108,"Boot":14,"Ancient Tea Set":22,"Centennial Puzzle":69,"Matryoshka":22,"vexMod:BarristanHead":30,"hubris:Icosahedron":101,"trackpad:RapidFire":22,"Ninja Scroll":69,"Garlic":59,"Toxic Egg 2":4,"ReplayTheSpireMod:Lightbulb":78,"Replay:Drink Me":93,"hubris:AncientText":26,"Ring of the Snake":0,"hubris:GlazedTorus":82}],"Ring of the Snake":[38]},"card_choices":[{"not_picked":["Skewer","Outmaneuver"],"picked":"Flying Knee","floor":1},{"not_picked":["Replay:Bootleg Shield Generator+1","Eviscerate"],"picked":"Deflect+1","floor":5},{"not_picked":["PiercingWail+1","hubris:EnhanceAbility"],"picked":"hubris:SlightOfHand+1","floor":6},{"not_picked":["PiercingWail+1","Prepared+1"],"picked":"Deep Breath+1","floor":7},{"not_picked":["Prepared+1","PiercingWail+1"],"picked":"Doppelganger+1","floor":8},{"not_picked":["Deflect+1","Cloak And Dagger+1"],"picked":"Finesse+1","floor":13},{"not_picked":["ReplayTheSpireMod:Speed Training+1","Cloak And Dagger+1"],"picked":"Deflect+1","floor":14},{"not_picked":["Sadistic Nature","Crow Ritual"],"picked":"Malaise+1","floor":16},{"not_picked":["Outmaneuver+1","hubris:SlightOfHand+1"],"picked":"Well Laid Plans","floor":18},{"not_picked":["Deadly Poison+1","Eviscerate","Dagger Throw"],"picked":"SKIP","floor":19},{"not_picked":["Poisoned Stab","Choke","ReplayTheSpireMod:Exploit Weakness+1"],"picked":"SKIP","floor":20},{"not_picked":["Flying Knee","Acrobatics+1"],"picked":"Madness+1","floor":23},{"not_picked":["Quick Slash","Flying Knee"],"picked":"Backflip+1","floor":24},{"not_picked":["hubris:EnhanceAbility","Transmutation+1","Replay:Poison Smokescreen+1"],"picked":"SKIP","floor":25},{"not_picked":["Flying Knee","Dagger Throw+1"],"picked":"Deflect+1","floor":27},{"not_picked":["Well Laid Plans","Deflect+1"],"picked":"Backflip+1","floor":28},{"not_picked":["Acrobatics+1","Backflip+1"],"picked":"Concentrate+1","floor":30},{"not_picked":["ReplayTheSpireMod:Exploit Weakness+1","Dagger Spray+1","vexMod:EmailVexCard+1"],"picked":"SKIP","floor":31},{"not_picked":["Glass Knife","ReplayTheSpireMod:Necrogeddon"],"picked":"Sadistic Nature","floor":33},{"not_picked":["Quick Slash","Dodge and Roll+1"],"picked":"ReplayTheSpireMod:Speed Training+1","floor":35},{"not_picked":["Deflect+1","Catalyst+1","PiercingWail+1"],"picked":"SKIP","floor":36},{"not_picked":["Specialist+1","Cloak And Dagger+1"],"picked":"Prepared+1","floor":39},{"not_picked":["Dodge and Roll+1","Magnetism"],"picked":"Metamorphosis+1","floor":44},{"not_picked":["Slice","Deadly Poison+1"],"picked":"Doppelganger+1","floor":45},{"not_picked":["Sneak Up+1","Acrobatics+1"],"picked":"Panacea+1","floor":46},{"not_picked":["Prepared+1","Replay:Parry+1"],"picked":"Blade Dance+1","floor":48}],"player_experience":1492161,"relics_obtained":[{"floor":6,"key":"Boot"},{"floor":8,"key":"trackpad:RapidFire"},{"floor":9,"key":"Matryoshka"},{"floor":11,"key":"aspiration:Lifesprig"},{"floor":11,"key":"Ancient Tea Set"},{"floor":13,"key":"hubris:AncientText"},{"floor":15,"key":"vexMod:BarristanHead"},{"floor":22,"key":"aspiration:Stabinomicon"},{"floor":23,"key":"Garlic"},{"floor":25,"key":"Ninja Scroll"},{"floor":26,"key":"Paper Crane"},{"floor":26,"key":"Centennial Puzzle"},{"floor":28,"key":"ReplayTheSpireMod:Lightbulb"},{"floor":30,"key":"hubris:GlazedTorus"},{"floor":41,"key":"Dota2Spire:MantaStyle"},{"floor":44,"key":"Bottled Tornado"},{"floor":46,"key":"Dota2Spire:DrumOfEndurance"}],"event_choices":[{"damage_healed":0,"gold_gain":0,"player_choice":"Obtained Book","damage_taken":16,"max_hp_gain":0,"max_hp_loss":0,"event_name":"Cursed Tome","floor":22,"gold_loss":0},{"damage_healed":0,"gold_gain":0,"player_choice":"Fight","damage_taken":0,"max_hp_gain":0,"max_hp_loss":0,"event_name":"MindBloom","floor":39,"gold_loss":0}],"is_beta":false,"boss_relics":[{"not_picked":["Calling Bell","Honey Jar","hubris:Stopwatch"]},{"not_picked":["Ring of Chaos","trackpad:Trackpad"],"picked":"Replay:Drink Me"}],"items_purged_floors":[4,12,21,37],"is_endless":false,"potions_floor_spawned":[6,7,13,16,18,20,24,25,31,39,44,45,46],"ascension_level":0}}