{"host":"cjhtzh7tp54jdfyv","time":1609190625,"event":{"mods":["AchievementEnabler","BaseMod","Colored Map","Colored Powertips","Curses Come First","DeckTracker","Filter the Spire","Hermit","Minty Spire (QoL Compilation)","RNG Fix","Relic Sorter","Relic Stats","StSLib","The Cursed","The Disciple","The Marked","UnlockEverythingMod","Waifu the Spire","ojb\u0027s Better Paths Mod","ojb\u0027s Info Mod"],"gold_per_floor":[109,129,129,154,179,179,179],"floor_reached":6,"playtime":357,"items_purged":[],"score":76,"play_id":"6f8ff195-9dda-4275-ab21-30496273b1ca","local_time":"20201228162345","is_ascension_mode":true,"campfire_choices":[],"circlet_count":0,"master_deck":["AscendersBane","TheCursedMod:Strike_TheCursed","TheCursedMod:Strike_TheCursed","TheCursedMod:Strike_TheCursed","TheCursedMod:Strike_TheCursed","TheCursedMod:Defend_TheCursed","TheCursedMod:Defend_TheCursed","TheCursedMod:Defend_TheCursed","TheCursedMod:Defend_TheCursed","TheCursedMod:CursedWand","TheCursedMod:CleanUpWorkshop","TheCursedMod:Dregs","TheCursedMod:HellfireBreathing","TheCursedMod:CircleOfFlame","TheCursedMod:CursedMace"],"relics":["TheCursedMod:FourLeafCloverCharm","CeramicFish"],"acts_visited":["Exordium"],"potions_floor_usage":[5,5],"damage_taken":[{"damage":16,"enemies":"Jaw Worm","floor":1,"turns":8},{"damage":7,"enemies":"Cultist","floor":2,"turns":5},{"damage":6,"enemies":"2 Louse","floor":4,"turns":3},{"damage":2,"enemies":"Large Slime","floor":5,"turns":5},{"damage":50,"enemies":"Gremlin Nob","floor":6,"turns":4}],"seed_played":"-8258378021056138567","potions_obtained":[{"floor":1,"key":"Ancient Potion"},{"floor":2,"key":"Fire Potion"}],"is_trial":false,"path_per_floor":["M","M","?","M","M","E"],"character_chosen":"THE_CURSED","items_purchased":[],"campfire_rested":0,"item_purchase_floors":[],"current_hp_per_floor":[48,41,41,35,33,0,0],"gold":179,"neow_bonus":"BOSS_RELIC","is_daily":false,"chose_seed":false,"campfire_upgraded":0,"win_rate":0.0,"timestamp":1609190625,"path_taken":["M","M","?","M","M","E"],"items_purchased_type":[],"build_version":"2020-12-22","purchased_purges":0,"victory":false,"max_hp_per_floor":[71,71,71,71,71,71,71],"relic_stats":{"counters":[5,25],"CeramicFish":18,"obtain_stats":[{"TheCursedMod:BlackMagic101":0,"TheCursedMod:FourLeafCloverCharm":0,"CeramicFish":3},{"TheCursedMod:BlackMagic101":0,"TheCursedMod:FourLeafCloverCharm":0,"CeramicFish":2},{"TheCursedMod:BlackMagic101":0,"TheCursedMod:FourLeafCloverCharm":0,"CeramicFish":13}]},"card_choices":[{"not_picked":["TheCursedMod:VitalStrike","TheCursedMod:Torture"],"picked":"TheCursedMod:HellfireBreathing","floor":1},{"not_picked":["TheCursedMod:EmpowerCircles","TheCursedMod:FleshFromBone"],"picked":"TheCursedMod:CursedAmulet","floor":2},{"not_picked":["TheCursedMod:Obscuration","TheCursedMod:FleshFromBone"],"picked":"TheCursedMod:CircleOfFlame","floor":4},{"not_picked":["TheCursedMod:Neurasthenia","TheCursedMod:CursedBoomerang"],"picked":"TheCursedMod:CursedMace","floor":5}],"player_experience":4483023,"relics_obtained":[],"event_choices":[{"cards_removed":["TheCursedMod:CursedAmulet"],"damage_healed":0,"gold_gain":0,"player_choice":"Gave Card","damage_taken":0,"relics_obtained":["CeramicFish"],"max_hp_gain":0,"max_hp_loss":0,"event_name":"WeMeetAgain","floor":3,"gold_loss":0}],"is_beta":false,"boss_relics":[],"items_purged_floors":[],"is_endless":false,"potions_floor_spawned":[1,2],"killed_by":"Gremlin Nob","ascension_level":20}}