{"host":"jkgg7n5hn1slsm35","time":1609145803,"event":{"mods":["Aspiration","BaseMod","BetterRewards","Conspire","Googly Eyes","Gremlin Skip","Halation","Highlight Path","Hubris","Infinite Spire","Minty Spire (QoL Compilation)","Permanent Neow","StSLib","SuperFastMode","vexMod"],"gold_per_floor":[219,92,92,92,112,12,12,31,31,31,31,65,78,89,89,89,89],"floor_reached":16,"playtime":495,"items_purged":["Strike_G","Strike_G"],"score":185,"play_id":"bd90a0d7-a017-4edb-8934-7e50e25950af","local_time":"20201228095643","is_ascension_mode":true,"campfire_choices":[{"data":"Endless Agony","floor":7,"key":"SMITH"},{"data":"Blade Dance","floor":10,"key":"SMITH"},{"data":"Backstab","floor":15,"key":"SMITH"}],"circlet_count":0,"master_deck":["AscendersBane","Strike_G","Strike_G","Strike_G","Defend_G","Defend_G","Defend_G","Defend_G","Defend_G","Survivor","Neutralize","Deflect","Quick Slash","Endless Agony+1","Blade Dance+1","Backstab+1","Slice"],"relics":["Ring of the Snake","aspiration:FrozenJewel","Vajra"],"acts_visited":["Exordium"],"potions_floor_usage":[12,16],"damage_taken":[{"damage":0,"enemies":"2 Louse","floor":1,"turns":5},{"damage":2,"enemies":"Small Slimes","floor":5,"turns":5},{"damage":0,"enemies":"infinitespire:Voidling","floor":8,"turns":4},{"damage":23,"enemies":"Gremlin Nob","floor":12,"turns":5},{"damage":0,"enemies":"conspire:2 RoseBushes","floor":13,"turns":7},{"damage":2,"enemies":"Exordium Thugs","floor":14,"turns":4},{"damage":47,"enemies":"The Guardian","floor":16,"turns":8}],"seed_played":"2914342622274866319","potions_obtained":[{"floor":8,"key":"Regen Potion"},{"floor":14,"key":"PowerPotion"}],"is_trial":false,"path_per_floor":["M","$","?","?","M","$","R","M","T","R","$","E","M","M","R","B"],"character_chosen":"THE_SILENT","items_purchased":["Quick Slash"],"campfire_rested":0,"item_purchase_floors":[2],"current_hp_per_floor":[59,59,59,59,57,57,57,57,57,57,57,48,48,46,46,0,0],"gold":89,"neow_bonus":"HUNDRED_GOLD","is_daily":false,"chose_seed":false,"campfire_upgraded":3,"win_rate":0.0,"timestamp":1609145803,"path_taken":["M","$","?","?","?","$","R","M","T","R","$","E","M","M","R","BOSS"],"items_purchased_type":["Card"],"build_version":"2020-12-22","purchased_purges":2,"victory":false,"max_hp_per_floor":[66,66,66,66,66,66,66,66,66,66,66,66,66,66,66,66,66],"card_choices":[{"not_picked":["Prepared","All Out Attack"],"picked":"Deflect","floor":1},{"not_picked":["hubris:SlightOfHand","Distraction"],"picked":"Endless Agony","floor":5},{"not_picked":["PiercingWail","Caltrops"],"picked":"Blade Dance","floor":8},{"not_picked":["hubris:SlightOfHand","Wraith Form v2"],"picked":"Backstab","floor":12},{"not_picked":["Flying Knee","hubris:Sniper"],"picked":"Slice","floor":13},{"not_picked":["Reflex","PiercingWail","Sucker Punch"],"picked":"SKIP","floor":14}],"player_experience":1792674,"relics_obtained":[{"floor":9,"key":"aspiration:FrozenJewel"},{"floor":12,"key":"Vajra"}],"event_choices":[{"damage_healed":0,"gold_gain":0,"player_choice":"Disagree","damage_taken":0,"max_hp_gain":0,"max_hp_loss":0,"event_name":"conspire:LoneGhost","floor":3,"gold_loss":0}],"is_beta":false,"boss_relics":[],"items_purged_floors":[2,6],"is_endless":false,"potions_floor_spawned":[8,14],"killed_by":"The Guardian","ascension_level":17}}