{"host":"ssbj2e5691x5ub3h","time":1609116832,"event":{"mods":["BaseMod","Duelist Mod","Minty Spire (QoL Compilation)","StSLib"],"gold_per_floor":[144,156,168,186,200,200,232,248,248,248,273,283,283,294,294,393,393,406,418,48,65,85,117,117,117,163,174,186,186,186,211,211,313,313,333,348,368,79,98,127,141,141,166,179,179,190,190,206,206,206],"floor_reached":51,"playtime":2537,"items_purged":["theDuelist:Sparks"],"score":1234,"play_id":"564632be-d5bb-4406-a22d-b3a4a44aab22","local_time":"20201227225352","is_ascension_mode":true,"campfire_choices":[{"data":"theDuelist:DragonMastery","floor":6,"key":"SMITH"},{"floor":10,"key":"REST"},{"data":"theDuelist:DragonShield","floor":13,"key":"SMITH"},{"data":"theDuelist:SnowDragon","floor":15,"key":"SMITH"},{"floor":29,"key":"REST"},{"floor":32,"key":"REST"},{"data":"1","floor":42,"key":"LIFT"},{"data":"2","floor":45,"key":"LIFT"},{"floor":47,"key":"REST"},{"floor":49,"key":"REST"}],"circlet_count":0,"master_deck":["AscendersBane","theDuelist:BabyDragon","theDuelist:CastleWalls","theDuelist:CaveDragon","theDuelist:CaveDragon","theDuelist:LesserDragon","theDuelist:LesserDragon","theDuelist:YamataDragon","theDuelist:ChimeratechOverdragon","theDuelist:DragonShield+1","theDuelist:ChimeratechOverdragon","theDuelist:TwinHeadedFire","theDuelist:Lancephorhynchus","theDuelist:DragonMastery+1","theDuelist:CyberTwinDragon","theDuelist:SnowdustDragon","theDuelist:Freezadon","theDuelist:SnowDragon+1","theDuelist:ArmageddonDragonEmp","theDuelist:Freezadon","theDuelist:BerserkScales+1","theDuelist:BackgroundDragon","theDuelist:CyberLaserDragon+1","theDuelist:MirageDragon","theDuelist:WaterDragon+1","theDuelist:BusterDrake","theDuelist:BusterBlader","theDuelist:MetalDragon","theDuelist:ThunderDragon+1","theDuelist:WingedDragonRa+1","theDuelist:TwinBarrelDragon","theDuelist:CyberDragonDrei","theDuelist:TwinBarrelDragon+1","theDuelist:Duoterion"],"relics":["theDuelist:MillenniumPuzzle","theDuelist:CardPoolRelic","theDuelist:CardPoolBasicRelic","theDuelist:BoosterPackPoolRelic","theDuelist:CardPoolAddRelic","theDuelist:CardPoolMinusRelic","theDuelist:CardPoolSaveRelic","theDuelist:CardPoolOptionsRelic","Toy Ornithopter","Gremlin Horn","Frozen Egg 2","theDuelist:MillenniumKey","theDuelist:ResummonBranch","Blood Vial","theDuelist:MillenniumArmor","theDuelist:BoosterExtraAllRaresRelic","theDuelist:ArmorPlateC","Philosopher\u0027s Stone","Girya","Pen Nib","Dream Catcher"],"acts_visited":["Exordium","TheCity","TheBeyond"],"potions_floor_usage":[7,22,27,33,41,46],"damage_taken":[{"damage":0,"enemies":"Cultist","floor":1,"turns":2},{"damage":0,"enemies":"Small Slimes","floor":2,"turns":5},{"damage":0,"enemies":"Jaw Worm","floor":3,"turns":2},{"damage":0,"enemies":"Exordium Wildlife","floor":4,"turns":3},{"damage":4,"enemies":"Red Slaver","floor":5,"turns":3},{"damage":10,"enemies":"Lagavulin","floor":7,"turns":4},{"damage":17,"enemies":"Looter","floor":8,"turns":3},{"damage":8,"enemies":"3 Sentries","floor":11,"turns":4},{"damage":0,"enemies":"3 Louse","floor":12,"turns":2},{"damage":9,"enemies":"Blue Slaver","floor":14,"turns":2},{"damage":5,"enemies":"Hexaghost","floor":16,"turns":7},{"damage":1,"enemies":"3 Byrds","floor":18,"turns":4},{"damage":15,"enemies":"Chosen","floor":19,"turns":6},{"damage":9,"enemies":"Snecko","floor":21,"turns":5},{"damage":0,"enemies":"Snake Plant","floor":22,"turns":2},{"damage":46,"enemies":"Slavers","floor":23,"turns":6},{"damage":4,"enemies":"Cultist and Chosen","floor":27,"turns":2},{"damage":8,"enemies":"Centurion and Healer","floor":28,"turns":6},{"damage":6,"enemies":"theDuelist:KaibaA2","floor":31,"turns":5},{"damage":0,"enemies":"Automaton","floor":33,"turns":6},{"damage":20,"enemies":"3 Shapes","floor":35,"turns":3},{"damage":0,"enemies":"Orb Walker","floor":36,"turns":4},{"damage":3,"enemies":"4 Shapes","floor":37,"turns":3},{"damage":13,"enemies":"3 Darklings","floor":39,"turns":4},{"damage":21,"enemies":"Reptomancer","floor":40,"turns":5},{"damage":0,"enemies":"Transient","floor":41,"turns":5},{"damage":0,"enemies":"Jaw Worm Horde","floor":44,"turns":4},{"damage":16,"enemies":"4 Shapes","floor":46,"turns":5},{"damage":16,"enemies":"Writhing Mass","floor":48,"turns":4},{"damage":66,"enemies":"Time Eater","floor":50,"turns":6}],"seed_played":"-191978995351495218","potions_obtained":[{"floor":2,"key":"theDuelist:FusionPotion"},{"floor":3,"key":"theDuelist:ReducerPotion"},{"floor":5,"key":"Ancient Potion"},{"floor":8,"key":"SpeedPotion"},{"floor":23,"key":"theDuelist:FusionPotion"},{"floor":28,"key":"BlessingOfTheForge"},{"floor":36,"key":"theDuelist:BurningPotion"},{"floor":40,"key":"AttackPotion"},{"floor":44,"key":"theDuelist:FireBottle"}],"is_trial":false,"path_per_floor":["M","M","M","M","M","R","E","M","T","R","E","M","R","M","R","B",null,"M","M","$","M","M","E","?","?","T","M","M","R","?","E","R","B",null,"M","M","M","$","M","E","M","R","T","M","R","M","R","M","R","B",null],"character_chosen":"THE_DUELIST","items_purchased":["theDuelist:ResummonBranch","Girya"],"campfire_rested":5,"item_purchase_floors":[20,38],"current_hp_per_floor":[72,72,72,72,68,68,58,41,41,65,57,57,57,48,48,43,71,70,55,55,46,51,5,5,31,31,34,28,52,46,42,66,73,78,60,62,61,61,50,31,38,38,38,40,40,31,55,41,65,1],"gold":206,"neow_bonus":"ONE_RANDOM_RARE_CARD","is_daily":false,"chose_seed":false,"campfire_upgraded":3,"win_rate":0.0,"timestamp":1609116832,"path_taken":["M","?","M","M","?","R","E","M","T","R","E","?","R","M","R","BOSS","M","M","$","M","M","E","?","?","T","M","M","R","?","E","R","BOSS","M","M","M","$","M","E","M","R","T","M","R","M","R","M","R","BOSS"],"items_purchased_type":["Relic","Relic"],"build_version":"2020-12-22","purchased_purges":1,"victory":true,"max_hp_per_floor":[80,80,80,80,80,80,80,80,80,80,80,80,80,80,80,80,80,80,80,80,80,80,80,80,80,80,80,80,80,80,80,80,80,80,80,80,80,80,80,80,80,80,80,80,80,80,80,80,80,80],"card_choices":[{"not_picked":["theDuelist:RedEyesZombie","theDuelist:MoltenDestruction","theDuelist:JurassicImpact","theDuelist:AncientPixieDragon"],"picked":"theDuelist:DragonShield","floor":1},{"not_picked":["theDuelist:SurvivalFittest","theDuelist:SeismicShockwave","theDuelist:Lancephorhynchus","theDuelist:ArmedProtectorDragon"],"picked":"theDuelist:ChimeratechOverdragon","floor":2},{"not_picked":["theDuelist:YamataDragon","theDuelist:CurseDragon","theDuelist:BlackStego","theDuelist:FireDarts"],"picked":"theDuelist:TwinHeadedFire","floor":3},{"not_picked":["theDuelist:SauropodBrachion","theDuelist:Sabersaurus","theDuelist:Duoterion"],"picked":"theDuelist:Lancephorhynchus","floor":4},{"not_picked":["theDuelist:WingedDragonRa","theDuelist:LostWorld","theDuelist:FiveHeaded","theDuelist:ArmedProtectorDragon"],"picked":"theDuelist:DragonMastery","floor":5},{"not_picked":["theDuelist:Kabazauls","theDuelist:BarrelDragon","theDuelist:BlackPtera","theDuelist:BlackBrachios"],"picked":"theDuelist:CyberTwinDragon","floor":7},{"not_picked":["theDuelist:SpiralSpearStrike","theDuelist:Earthquake","theDuelist:FangCritias","theDuelist:AncientRules","theDuelist:ArtifactIgnition"],"picked":"SKIP","floor":8},{"not_picked":["theDuelist:SilverDragon","theDuelist:MadFlameKaiju","theDuelist:DragonShield","theDuelist:Destroyersaurus"],"picked":"theDuelist:SnowdustDragon","floor":11},{"not_picked":["theDuelist:BlackStego","theDuelist:StarlightRoad","theDuelist:TwinBarrelDragon","theDuelist:HorusServant"],"picked":"theDuelist:Freezadon","floor":12},{"not_picked":["theDuelist:ViceDragon","theDuelist:AxeDespair","theDuelist:Dracocension","theDuelist:Berserking+1"],"picked":"theDuelist:SnowDragon","floor":14},{"not_picked":["theDuelist:StardustDragon","theDuelist:OceanDragonLord","theDuelist:LostWorld+1","theDuelist:BlueDuston"],"picked":"theDuelist:ArmageddonDragonEmp","floor":16},{"not_picked":["theDuelist:GalaxySoldier+1","theDuelist:DragonTreasure+1","theDuelist:Berserking+1","theDuelist:ArtifactSanctum+1"],"picked":"SKIP","floor":18},{"not_picked":["theDuelist:BlackBrutdrago","theDuelist:ArtifactIgnition","theDuelist:Carboneddon+1","theDuelist:BlackBrachios","theDuelist:WhiteNightDragon"],"picked":"SKIP","floor":19},{"not_picked":["theDuelist:MadSwordBeast","theDuelist:Hydrogeddon","theDuelist:GiantRex","theDuelist:Lancephorhynchus"],"picked":"theDuelist:Freezadon","floor":21},{"not_picked":["theDuelist:TailSwipe","theDuelist:SliferSky+1","theDuelist:ChimeratechOverdragon","theDuelist:BlueDuston"],"picked":"theDuelist:BerserkScales+1","floor":22},{"not_picked":["theDuelist:YamataDragon","theDuelist:Earthquake","theDuelist:HazyFlameHydra","theDuelist:CloudianGhost","theDuelist:CyberEltanin"],"picked":"SKIP","floor":23},{"not_picked":["theDuelist:GaiaDragonChamp","theDuelist:FiveHeaded","theDuelist:SauropodBrachion","theDuelist:BlasterDragonInfernos","theDuelist:ArmedProtectorDragon+1"],"picked":"SKIP","floor":27},{"not_picked":["theDuelist:CyberDragonVier+1","theDuelist:AquaDolphin","theDuelist:Earthquake","theDuelist:BusterDrake"],"picked":"theDuelist:MirageDragon","floor":28},{"not_picked":["Chrysalis","Flash of Steel+1","HandOfGreed","Panache+1"],"picked":"SKIP","floor":31},{"not_picked":["theDuelist:LostWorld+1","theDuelist:FiveHeaded","theDuelist:BusterBladerDDS","theDuelist:ArmageddonDragonEmp"],"picked":"theDuelist:WaterDragon+1","floor":33},{"not_picked":["theDuelist:YamataDragon+1","theDuelist:AutorokketDragon+1","theDuelist:ArmedProtectorDragon+1","theDuelist:Lancephorhynchus"],"picked":"theDuelist:BusterDrake","floor":35},{"not_picked":["theDuelist:DefenseDraw","theDuelist:Anthrosaurus+1","theDuelist:MoltenDestruction","theDuelist:DefenseZone+1"],"picked":"theDuelist:BusterBlader","floor":36},{"not_picked":["theDuelist:CyberDinosaur","theDuelist:CyberDragonNachster","theDuelist:BlackBrutdrago+1","theDuelist:SafeZone"],"picked":"theDuelist:MetalDragon","floor":37},{"not_picked":["theDuelist:VoidOgreDragon+1","theDuelist:FiveHeaded","theDuelist:CyberTwinDragon+1","theDuelist:DoomkaiserDragon"],"picked":"theDuelist:ThunderDragon+1","floor":39},{"not_picked":["theDuelist:Lancephorhynchus","theDuelist:AmuletDragon+1","theDuelist:FiveHeaded+1","theDuelist:HymnOfLight"],"picked":"theDuelist:WingedDragonRa+1","floor":40},{"not_picked":["theDuelist:Earthquake","theDuelist:Anthrosaurus","theDuelist:CyberDragonNachster","theDuelist:BlacklandFireDragon"],"picked":"theDuelist:TwinBarrelDragon","floor":41},{"not_picked":["theDuelist:TwinHeadedFire","theDuelist:CloudianGhost","theDuelist:BlackPtera+1","theDuelist:SuperStridentBlaze+1"],"picked":"theDuelist:CyberDragonDrei","floor":44},{"not_picked":["theDuelist:TwinHeadedFire","theDuelist:CurseDragon+1","theDuelist:Kabazauls","theDuelist:AncientGearGadjiltron+1"],"picked":"theDuelist:TwinBarrelDragon+1","floor":46},{"not_picked":["theDuelist:MadSwordBeast+1","theDuelist:GiantRex","theDuelist:BlackStego+1","theDuelist:TrihornedDragon","theDuelist:MadFlameKaiju+1"],"picked":"SKIP","floor":48},{"not_picked":["theDuelist:CyberneticRevolution+1","theDuelist:MoltenDestruction"],"picked":"theDuelist:Duoterion","floor":49}],"player_experience":257259,"relics_obtained":[{"floor":7,"key":"Toy Ornithopter"},{"floor":9,"key":"Gremlin Horn"},{"floor":11,"key":"Frozen Egg 2"},{"floor":23,"key":"Blood Vial"},{"floor":26,"key":"theDuelist:MillenniumArmor"},{"floor":31,"key":"theDuelist:ArmorPlateC"},{"floor":40,"key":"Pen Nib"},{"floor":43,"key":"Dream Catcher"}],"event_choices":[{"damage_healed":0,"gold_gain":0,"cards_transformed":["theDuelist:Sparks","theDuelist:CastleWalls"],"player_choice":"Became Test Subject","damage_taken":0,"max_hp_gain":0,"max_hp_loss":0,"event_name":"Drug Dealer","floor":24,"gold_loss":0,"cards_obtained":["theDuelist:BackgroundDragon","theDuelist:CyberLaserDragon"]},{"damage_healed":26,"gold_gain":0,"player_choice":"Heal","damage_taken":0,"max_hp_gain":0,"max_hp_loss":0,"event_name":"The Library","floor":25,"gold_loss":0},{"damage_healed":0,"gold_gain":0,"player_choice":"Dig - random Duelist relic","duelist":true,"damage_taken":0,"max_hp_gain":0,"max_hp_loss":0,"event_name":"Aknamkanon\u0027s Tomb","floor":30,"gold_loss":0}],"is_beta":false,"boss_relics":[{"not_picked":["Mark of Pain","Busted Crown"],"picked":"theDuelist:MillenniumKey"},{"not_picked":["Cursed Key","theDuelist:HauntedRelic"],"picked":"Philosopher\u0027s Stone"}],"items_purged_floors":[20],"is_endless":false,"potions_floor_spawned":[2,3,5,8,14,18,19,23,28,36,37,40,44],"ascension_level":11}}