{"host":"zjc1tzo4ovig5lll","time":1609172275,"event":{"mods":["AchievementEnabler","Aspiration","BaseMod","Beaked The Cultist","Better Altar","Better Match","Better Note","Better Sensory Stone","Colored Map","Colored Powertips","Conspire","Energized Spire","Friendly Minions","GifTheSpireLib","Halation","Hermit","Hubris","Minty Spire (QoL Compilation)","Rare Cards Sparkle","Replay The Spire","StSLib","The Blue Laboratory","The Bug Knight","The Construct","The Jungle","The Servant 0.9.4","everything is the same but u backflip on backflip","vexMod"],"gold_per_floor":[16,16,16,16,16,16,34,34,60,60,60,77,93,138,138,138,138],"floor_reached":16,"playtime":508,"items_purged":[],"score":94,"play_id":"3b81a2f6-0307-4a21-84ca-3f5633d7c9f5","local_time":"20201228181755","is_ascension_mode":true,"campfire_choices":[{"data":"Eruption","floor":6.0,"key":"SMITH"},{"data":"Wish","floor":8.0,"key":"SMITH"},{"data":"Replay:ManipulateFuture","floor":15,"key":"SMITH"}],"circlet_count":0,"master_deck":["Strike_P","Strike_P","Strike_P","Strike_P","Defend_P","Defend_P+1","Defend_P","Defend_P","Eruption+1","Wish+1","ClearTheMind","Bash","Replay:ManipulateFuture+1"],"relics":["WarpedTongs","Replay:M_SmolderingBlood","Spirit Poop"],"acts_visited":["Exordium"],"potions_floor_usage":[],"damage_taken":[{"damage":0.0,"enemies":"2 Louse","floor":1.0,"turns":2.0},{"damage":5.0,"enemies":"Jaw Worm","floor":7.0,"turns":4.0},{"damage":2,"enemies":"Small Slimes","floor":12,"turns":4},{"damage":2,"enemies":"conspire:2 RoseBushes","floor":13,"turns":4},{"damage":17,"enemies":"Large Slime","floor":14,"turns":4},{"damage":50,"enemies":"The Guardian","floor":16,"turns":6}],"seed_played":"2757753721972539786","potions_obtained":[{"floor":13,"key":"blueLaboratory:PyrophylliteBrew"},{"floor":14,"key":"blueLaboratory:Moonshine"}],"is_trial":false,"path_per_floor":["M","?","$","$","?","R","M","R","T","?","?","M","M","M","R","B"],"character_chosen":"WATCHER","items_purchased":[],"campfire_rested":0,"item_purchase_floors":[],"current_hp_per_floor":[72,72,72,72,72,72,67,67,67,67,67,65,63,46,46,0,0],"gold":138,"neow_bonus":"THREE_RARE_CARDS","is_daily":false,"chose_seed":false,"campfire_upgraded":3,"win_rate":0.0,"timestamp":1609172275,"path_taken":["M","?","?","$","?","R","M","R","T","?","?","M","M","?","R","BOSS"],"items_purchased_type":[],"build_version":"2020-12-22","purchased_purges":0,"victory":false,"max_hp_per_floor":[72,72,72,72,72,72,72,72,72,72,72,72,72,72,72,72,72],"card_choices":[{"not_picked":["MasterReality","Replay:LoomingThreat"],"picked":"Wish","floor":0.0},{"not_picked":["EmptyBody","ForeignInfluence"],"picked":"ClearTheMind","floor":1.0},{"not_picked":["FollowUp","SignatureMove","CutThroughFate"],"picked":"SKIP","floor":7.0},{"not_picked":["ForeignInfluence","Clash","FollowUp"],"picked":"SKIP","floor":12},{"not_picked":["MentalFortress","EmptyBody","Vengeance"],"picked":"SKIP","floor":13},{"not_picked":["Replay:AtTheReady","BowlingBash"],"picked":"Replay:ManipulateFuture","floor":14}],"player_experience":595426,"relics_obtained":[],"event_choices":[{"damage_healed":0.0,"max_hp_gain":0.0,"max_hp_loss":0.0,"gold_gain":0.0,"event_name":"Accursed Blacksmith","player_choice":"Rummage","floor":2.0,"gold_loss":0.0,"damage_taken":0.0,"relics_obtained":["WarpedTongs"],"cards_obtained":["Pain"]},{"cards_removed":["Pain"],"damage_healed":0.0,"max_hp_gain":0.0,"max_hp_loss":0.0,"gold_gain":0.0,"event_name":"Bonfire Elementals","player_choice":"Offered Curse","floor":11.0,"gold_loss":0.0,"damage_taken":0.0,"relics_obtained":["Spirit Poop"]}],"is_beta":false,"boss_relics":[],"items_purged_floors":[],"is_endless":false,"potions_floor_spawned":[13,14],"killed_by":"The Guardian","ascension_level":1}}