{"host":"Shugu","time":1609143837,"event":{"mods":["BaseMod","Colored Powertips","Minty Spire (QoL Compilation)","Waifu the Spire"],"gold_per_floor":[19,35,51,70,89,108,108,108,159,171,196,196,132,12,12,12,12],"floor_reached":16,"playtime":760,"items_purged":["Strike_R"],"score":140,"play_id":"978f4a88-6f1e-4a58-b15a-bb9f15b9af96","local_time":"20201228162357","is_ascension_mode":true,"campfire_choices":[{"floor":7.0,"key":"REST"},{"floor":12,"key":"REST"},{"data":"Intimidate","floor":15,"key":"SMITH"}],"circlet_count":0,"master_deck":["Strike_R","Strike_R","Strike_R","Strike_R","Defend_R","Defend_R","Defend_R","Defend_R","Bash","Brutality","Thunderclap","Intimidate+1","Armaments+1"],"relics":["Burning Blood","Art of War","Vajra","Toxic Egg 2"],"acts_visited":["Exordium"],"potions_floor_usage":[16,16,16],"damage_taken":[{"damage":6.0,"enemies":"Small Slimes","floor":1.0,"turns":5.0},{"damage":1.0,"enemies":"Cultist","floor":2.0,"turns":4.0},{"damage":9.0,"enemies":"2 Louse","floor":3.0,"turns":3.0},{"damage":36.0,"enemies":"Gremlin Gang","floor":4.0,"turns":6.0},{"damage":18.0,"enemies":"Red Slaver","floor":5.0,"turns":7.0},{"damage":22.0,"enemies":"Blue Slaver","floor":6.0,"turns":5.0},{"damage":12.0,"enemies":"Looter","floor":10.0,"turns":3.0},{"damage":52,"enemies":"Gremlin Nob","floor":11,"turns":5},{"damage":54,"enemies":"Hexaghost","floor":16,"turns":9}],"seed_played":"197578618636264331","potions_obtained":[{"floor":2.0,"key":"Swift Potion"},{"floor":3.0,"key":"BloodPotion"},{"floor":8.0,"key":"EntropicBrew"},{"floor":8.0,"key":"FairyPotion"}],"is_trial":false,"path_per_floor":["M","M","M","M","M","M","R","?","T","M","E","R","?","$","R","B"],"character_chosen":"IRONCLAD","items_purchased":["Armaments+1"],"campfire_rested":2,"item_purchase_floors":[14],"current_hp_per_floor":[72,77,74,60,48,32,56,56,56,50,30,54,54,54,54,0,0],"gold":12,"neow_bonus":"THREE_RARE_CARDS","is_daily":false,"chose_seed":false,"campfire_upgraded":1,"win_rate":0.0,"timestamp":1609143837,"path_taken":["M","M","M","M","M","M","R","?","T","?","E","R","?","$","R","BOSS"],"items_purchased_type":["Card"],"build_version":"2020-12-18","purchased_purges":1,"victory":false,"max_hp_per_floor":[80,80,80,80,80,80,80,80,80,80,80,80,80,80,80,80,80],"card_choices":[{"not_picked":["Bludgeon","Feed"],"picked":"Brutality","floor":0.0},{"not_picked":["Body Slam","Flame Barrier","Infernal Blade"],"picked":"SKIP","floor":1.0},{"not_picked":["Clothesline","Havoc","Perfected Strike"],"picked":"SKIP","floor":2.0},{"not_picked":["Thunderclap","Iron Wave","Rage"],"picked":"SKIP","floor":3.0},{"not_picked":["Clothesline","Spot Weakness"],"picked":"Thunderclap","floor":4.0},{"not_picked":["Uppercut","Perfected Strike","Cleave"],"picked":"SKIP","floor":5.0},{"not_picked":["Cleave","Thunderclap","True Grit"],"picked":"SKIP","floor":6.0},{"not_picked":["Headbutt","Clothesline"],"picked":"Intimidate","floor":10.0},{"not_picked":["Clothesline","Thunderclap","Metallicize"],"picked":"SKIP","floor":11}],"player_experience":354524,"relics_obtained":[{"floor":9.0,"key":"Art of War"},{"floor":11,"key":"Vajra"}],"event_choices":[{"damage_healed":0.0,"max_hp_gain":0.0,"max_hp_loss":0.0,"gold_gain":0.0,"event_name":"Lab","player_choice":"Got Potions","floor":8.0,"gold_loss":0.0,"damage_taken":0.0},{"damage_healed":0,"gold_gain":0,"player_choice":"Paid Gold","damage_taken":0,"relics_obtained":["Toxic Egg 2"],"max_hp_gain":0,"max_hp_loss":0,"event_name":"WeMeetAgain","floor":13,"gold_loss":64}],"is_beta":true,"boss_relics":[],"items_purged_floors":[14],"is_endless":false,"potions_floor_spawned":[2,3],"killed_by":"Hexaghost","ascension_level":7}}