{"host":"nak33n7iw6yqkk3u","time":1609155485,"event":{"mods":["AchievementEnabler","Act Like it!","BaseMod","BetterRewards","Colored Map","Colored Powertips","DeckTracker","Downfall","Friendly Minions","Gensokyo","Kiyohime（清姬）","Koishi","Marisa（F雨　魔理沙）","Minty Spire (QoL Compilation)","Quick Restart","Rare Cards Sparkle","Reimu（博丽灵梦）","Remilia（蕾米莉亚）","RumiaBox-露米娅的神秘盒子","Shop Mod","StSLib","The Bug Knight","Waifu the Spire","Youmu（魂魄妖梦）","Yuyuko","[IsaacMod]以撒尖塔","everything is the same but u backflip on backflip"],"gold_per_floor":[99,99,99,99,99,24,24,22,22,26,0,12,16,19,13,103,103,103,96,89,89,93,93,93,93,92,29,29,29],"floor_reached":27,"playtime":3315,"items_purged":[],"score":213,"play_id":"0ef5e025-26f4-4660-adec-05f20ec9592f","local_time":"20201228193805","is_ascension_mode":false,"campfire_choices":[{"floor":1.0,"key":"RECALL"},{"data":"EpicFetus","floor":6.0,"key":"SMITH"},{"data":"hexamod:PhantomCloak","floor":9.0,"key":"SMITH"},{"data":"hexamod:GhostShield","floor":18.0,"key":"SMITH"},{"floor":25,"key":"REST"}],"circlet_count":0,"master_deck":["hexamod:Strike","hexamod:Strike","hexamod:Strike","hexamod:Strike","hexamod:Defend","hexamod:Defend","hexamod:Defend","hexamod:Defend","hexamod:Sear","hexamod:Float","EpicFetus+1","hexamod:NightmareStrike","Poor:ReiMu","hexamod:PhantomCloak+1","hexamod:GhostShield+1","hexamod:NightmareGuise","hexamod:StepThrough+1","hexamod:SwordOfDarkness+1","hexamod:GhostShield+1","hexamod:SixthSeal","hexamod:SixthSeal","hexamod:HeatShield","hexamod:SecondSeal","hexamod:FirstSeal","hexamod:FirstSeal","hexamod:ThirdSeal"],"relics":["hexamod:SpiritBrand","HushsDoor","PokeGo","downfall:HeartsMalice","YidongShenshe:ReiMu","downfall:HeartBlessingRed","D6","Black Star","downfall:RedIOU","HollowMod:LifeEnderRelic"],"acts_visited":["Exordium","TheCity"],"potions_floor_usage":[],"damage_taken":[{"damage":0.0,"enemies":"Jaw Worm","floor":2.0,"turns":1.0},{"damage":0.0,"enemies":"2 Louse","floor":3.0,"turns":1.0},{"damage":0.0,"enemies":"Cultist","floor":5.0,"turns":1.0},{"damage":4.0,"enemies":"Lots of Slimes","floor":8.0,"turns":3.0},{"damage":37.0,"enemies":"Gremlin Nob","floor":10.0,"turns":5.0},{"damage":0.0,"enemies":"downfall:FleeingMerchant","floor":11.0,"turns":4.0},{"damage":0.0,"enemies":"Exordium Wildlife","floor":12.0,"turns":3.0},{"damage":0.0,"enemies":"3 Louse","floor":13.0,"turns":3.0},{"damage":0.0,"enemies":"Lots of Slimes","floor":14.0,"turns":4.0},{"damage":5.0,"enemies":"Large Slime","floor":15.0,"turns":6.0},{"damage":23.0,"enemies":"downfall:Ironclad","floor":16.0,"turns":7.0},{"damage":11.0,"enemies":"Shell Parasite","floor":19.0,"turns":7.0},{"damage":22.0,"enemies":"Spheric Guardian","floor":20.0,"turns":10.0},{"damage":6,"enemies":"Centurion and Healer","floor":22,"turns":7},{"damage":36,"enemies":"Snake Plant","floor":26,"turns":8},{"damage":24,"enemies":"Hiden Room Battle","floor":27,"turns":1}],"seed_played":"-5207924725251303884","potions_obtained":[{"floor":10.0,"key":"ZuzhouPotion:ReiMu"},{"floor":12.0,"key":"hexamod:EctoCoolerPotion"},{"floor":14.0,"key":"SkillPotion"},{"floor":16.0,"key":"hexamod:EctoCoolerPotion"}],"is_trial":false,"path_per_floor":["R","M","M","?","M","R","T","M","R","E","$","M","M","M","M","B",null,"R","M","M","?","M","?","T","R","M","?"],"character_chosen":"THE_SPIRIT","items_purchased":["hexamod:SixthSeal"],"campfire_rested":1,"item_purchase_floors":[17],"current_hp_per_floor":[70,70,70,70,70,70,70,66,66,29,29,29,29,29,24,1,66,66,55,33,26,27,27,27,46,24,0,0,0],"gold":29,"neow_bonus":"THREE_ENEMY_KILL","is_daily":false,"chose_seed":false,"campfire_upgraded":3,"win_rate":0.0,"timestamp":1609155485,"path_taken":["R","M","M","?","?","R","T","?","R","E","$","M","M","M","M","BOSS","R","M","M","?","M","?","T","R","M","?"],"items_purchased_type":["Card"],"build_version":"2020-12-22","purchased_purges":0,"victory":false,"max_hp_per_floor":[70,70,70,70,70,70,70,70,70,70,70,70,70,70,70,70,66,66,66,66,66,66,66,66,66,66,66,66,66],"card_choices":[{"not_picked":[],"picked":"EpicFetus","floor":0.0},{"not_picked":["hexamod:Again","hexamod:Firestarter"],"picked":"Bomb","floor":2.0},{"not_picked":["hexamod:ThermalTransfer","hexamod:SoulSteal"],"picked":"hexamod:NightmareStrike","floor":3.0},{"not_picked":["hexamod:Firestarter","hexamod:UnleashSpirits"],"picked":"hexamod:PhantomCloak","floor":5.0},{"not_picked":["hexamod:RetreatToShadows","hexamod:GhostflameBarrier","hexamod:ThermalTransfer"],"picked":"SKIP","floor":8.0},{"not_picked":["hexamod:ThermalTransfer","hexamod:ExtraCrispy"],"picked":"hexamod:GhostShield","floor":10.0},{"not_picked":["hexamod:HauntingEcho","hexamod:GhostOfSpireFuture"],"picked":"hexamod:NightmareGuise","floor":11.0},{"not_picked":["hexamod:GhostOfSpireFuture","hexamod:HauntingEcho"],"picked":"hexamod:StepThrough","floor":12.0},{"not_picked":["hexamod:HeatMetal","hexamod:AdvancingGuard"],"picked":"hexamod:SwordOfDarkness","floor":13.0},{"not_picked":["hexamod:SkipABeat","hexamod:InspiringFlames"],"picked":"hexamod:GhostShield","floor":14.0},{"not_picked":["hexamod:SwordOfDarkness","hexamod:Firestarter"],"picked":"Bomb","floor":15.0},{"not_picked":["hexamod:TimeOfNeed","hexamod:VolcanoVisage"],"picked":"hexamod:SixthSeal","floor":16.0},{"not_picked":["hexamod:RainOfEmbers","hexamod:SwordOfDarkness"],"picked":"hexamod:HeatShield","floor":19.0},{"not_picked":["hexamod:InspiringFlames","hexamod:SoulSteal"],"picked":"hexamod:SecondSeal","floor":20.0},{"not_picked":["hexamod:NightmareGuise","hexamod:Hexaguard+1"],"picked":"hexamod:FirstSeal","floor":22},{"not_picked":["hexamod:FastForward","hexamod:RainOfEmbers"],"picked":"hexamod:ThirdSeal","floor":26}],"player_experience":426208,"relics_obtained":[{"floor":7.0,"key":"Centennial Puzzle"},{"floor":10.0,"key":"D6"},{"floor":24,"key":"HollowMod:LifeEnderRelic"}],"event_choices":[{"damage_healed":0.0,"max_hp_gain":0.0,"max_hp_loss":0.0,"gold_gain":0.0,"event_name":"yidonshenshe","player_choice":"带走神社","floor":4.0,"gold_loss":0.0,"damage_taken":0.0,"relics_obtained":["YidongShenshe:ReiMu"],"cards_obtained":["Poor:ReiMu"]},{"damage_healed":0,"gold_gain":0,"player_choice":"Fight","damage_taken":0,"max_hp_gain":0,"max_hp_loss":0,"event_name":"HidenRoomEvent","floor":27,"gold_loss":0}],"is_beta":false,"boss_relics":[{"not_picked":["RedLine:ReiMu","ChampionBelt"],"picked":"Black Star"},{"not_picked":[]}],"items_purged_floors":[],"is_endless":false,"potions_floor_spawned":[10,12,14,16,19,22],"killed_by":"Hiden Room Battle","ascension_level":0}}