{"host":"l84l8xigz5v5foa2","time":1609172641,"event":{"mods":["2.2 Compatiblity","AchievementEnabler","BaseMod","Better Note","Better Vampires","Card Filter","Colored Map","DeckTracker","Downfall","Gremlin Skip","Highlight Path","Keyboard Shortcuts","Minty Spire (QoL Compilation)","Permanent Neow","Quick Restart","Relic Filter","Relic Stats","StSLib","SuperFastMode","Transform Curses","Unknown Chances"],"gold_per_floor":[99,111,111,131,151,166,190,190,190,22,22,42,58,87,101,196,196,196,211,231,246,131,131,182,182,42,66,66,166,91,117,129,225,225,225,239,257,274,291,1290,1316,1144,1199,1049,1049,1049,1068,590,607,607,607,632,233,233,233],"floor_reached":56,"playtime":3870,"items_purged":["champ:Strike","champ:Execute","champ:Defend","champ:Strike","champ:Strike","champ:Defend"],"score":1959,"play_id":"64707646-b713-48ca-bd6b-6a08780c4788","local_time":"20201229012401","is_ascension_mode":true,"campfire_choices":[{"data":"champ:Taunt","floor":1.0,"key":"SMITH"},{"data":"champ:BerserkerStyle","floor":9.0,"key":"SMITH"},{"data":"champ:FocusedGladiator","floor":11.0,"key":"SMITH"},{"data":"champ:HoldFirm","floor":18,"key":"SMITH"},{"data":"champ:EnchantShield","floor":25,"key":"SMITH"},{"floor":28,"key":"RECALL"},{"data":"champ:RisingSlash","floor":30,"key":"SMITH"},{"data":"champ:Defend","floor":35,"key":"SMITH"},{"data":"champ:PreciseThrust","floor":44,"key":"SMITH"},{"data":"champ:GladiatorStyle","floor":46,"key":"SMITH"},{"floor":54,"key":"REST"}],"circlet_count":0,"master_deck":["champ:Defend+1","champ:Taunt+1","champ:RageSigil+1","champ:RisingSlash+1","champ:EnchantShield+1","champ:FocusedGladiator+1","champ:HoldFirm+1","champ:GladiatorStyle+1","champ:GladiatorStyle","champ:PreciseThrust+1"],"relics":["champ:ChampionCrown","Omamori","sneckomod:SneckoTalon","Pen Nib","champ:FightingForDummies","downfall:HeartBlessingGreen","Meat on the Bone","SlaversCollar","Boot","champ:BerserkersGuideToSlaughter","Bag of Preparation","Torii","downfall:HeartBlessingRed","downfall:HeartBlessingBlue","HandDrill","hexamod:BolsterEngine","Guardian:GemstoneGun","Orichalcum"],"acts_visited":["Exordium","TheCity","TheBeyond","TheEnding"],"potions_floor_usage":[29,38,43,55],"damage_taken":[{"damage":6.0,"enemies":"2 Louse","floor":2.0,"turns":3.0},{"damage":5.0,"enemies":"Cultist","floor":4.0,"turns":2.0},{"damage":18.0,"enemies":"Small Slimes","floor":5.0,"turns":3.0},{"damage":28.0,"enemies":"Gremlin Gang","floor":6.0,"turns":7.0},{"damage":28.0,"enemies":"downfall:FleeingMerchant","floor":10.0,"turns":4.0},{"damage":11.0,"enemies":"Large Slime","floor":12.0,"turns":5.0},{"damage":8.0,"enemies":"Exordium Wildlife","floor":13.0,"turns":5.0},{"damage":3.0,"enemies":"Lagavulin","floor":14.0,"turns":7.0},{"damage":0.0,"enemies":"Blue Slaver","floor":15.0,"turns":5.0},{"damage":2,"enemies":"downfall:Watcher","floor":16,"turns":8},{"damage":0,"enemies":"Chosen","floor":19,"turns":5},{"damage":0,"enemies":"3 Byrds","floor":20,"turns":5},{"damage":5,"enemies":"Snecko","floor":21,"turns":7},{"damage":5,"enemies":"downfall:FleeingMerchant","floor":22,"turns":4},{"damage":0,"enemies":"downfall:FleeingMerchant","floor":26,"turns":4},{"damage":15,"enemies":"downfall:Augmenter","floor":29,"turns":6},{"damage":0,"enemies":"Book of Stabbing","floor":31,"turns":4},{"damage":0,"enemies":"Cultist and Chosen","floor":32,"turns":5},{"damage":0,"enemies":"downfall:Defect","floor":33,"turns":6},{"damage":0,"enemies":"Orb Walker","floor":36,"turns":3},{"damage":0,"enemies":"3 Shapes","floor":37,"turns":5},{"damage":11,"enemies":"Transient","floor":38,"turns":5},{"damage":0,"enemies":"4 Shapes","floor":39,"turns":6},{"damage":0,"enemies":"downfall:FleeingMerchant","floor":42,"turns":3},{"damage":1,"enemies":"2 Orb Walkers","floor":43,"turns":4},{"damage":0,"enemies":"3 Darklings","floor":47,"turns":6},{"damage":0,"enemies":"Transient","floor":49,"turns":5},{"damage":0,"enemies":"downfall:Silent","floor":50,"turns":4},{"damage":0,"enemies":"downfall:CharBossMerchant","floor":52,"turns":5},{"damage":0,"enemies":"downfall:NeowBoss","floor":55,"turns":13}],"seed_played":"-7230609432577558104","potions_obtained":[{"floor":3.0,"key":"Swift Potion"},{"floor":3.0,"key":"sneckomod:MuddlingPotion"},{"floor":3.0,"key":"Energy Potion"},{"floor":4.0,"key":"SkillPotion"},{"floor":12.0,"key":"champ:CounterPotion"},{"floor":15.0,"key":"champ:TechniquePotion"},{"floor":31,"key":"FearPotion"},{"floor":43,"key":"CultistPotion"},{"floor":47,"key":"Guardian:BlockOnCardUsePotion"},{"floor":49,"key":"Slimebound:ThreeZeroPotion"}],"is_trial":false,"path_per_floor":["R","M","?","M","M","M","T","?","R","$","R","M","M","E","M","B",null,"R","M","M","M","$","?","T","R","$","T","R","?","R","E","M","B",null,"R","M","M","M","M","?","T","$","?","R","?","R","M","$","M","B",null,"E","$","R","B",null],"character_chosen":"THE_CHAMP","items_purchased":["champ:HoldFirm","champ:BerserkersGuideToSlaughter","Bag of Preparation","champ:PreciseThrust","HandDrill","hexamod:BolsterEngine","AttackPotion","Orichalcum"],"campfire_rested":1,"item_purchase_floors":[10,42,42,42,48,48,53,53],"current_hp_per_floor":[57,56,56,56,56,43,43,43,43,43,43,43,43,43,43,43,78,78,78,78,78,78,78,78,78,78,78,78,78,78,78,78,78,87,87,87,87,76,76,76,76,76,75,85,85,85,85,85,85,85,96,96,96,100,100],"gold":233,"neow_bonus":"TRANSFORM_TWO_CARDS","is_daily":false,"chose_seed":false,"campfire_upgraded":9,"win_rate":0.0,"timestamp":1609172641,"path_taken":["R","M","?","?","M","M","T","?","R","$","R","M","M","E","M","BOSS","R","M","M","?","$","?","T","R","?","?","R","?","R","E","M","BOSS","R","M","M","M","M","?","T","$","?","R","?","R","M","$","M","BOSS","E","$","R","BOSS"],"items_purchased_type":["Card","Relic","Relic","Card","Relic","Relic","Potion","Relic"],"build_version":"2020-12-22","purchased_purges":6,"victory":true,"max_hp_per_floor":[90,90,90,90,90,90,90,90,90,90,90,90,90,90,90,90,90,90,90,90,90,90,90,90,90,90,90,90,90,90,90,90,90,90,90,90,90,90,90,90,90,90,90,100,100,100,100,100,100,100,100,100,100,100,100],"relic_stats":{"Torii":0,"counters":[30,154],"Pen Nib":[22],"Bag of Preparation":[12],"HandDrill":[16],"Orichalcum":[6],"Boot":[5],"obtain_stats":[{"Torii":43,"downfall:HeartBlessingRed":44,"Guardian:GemstoneGun":52,"champ:ChampionCrown":0,"downfall:HeartBlessingGreen":30,"Pen Nib":24,"Omamori":14,"Bag of Preparation":42,"Orichalcum":53,"sneckomod:SneckoTalon":17,"Boot":41,"SlaversCollar":34,"downfall:HeartBlessingBlue":44,"HandDrill":48,"champ:BerserkersGuideToSlaughter":42,"champ:FightingForDummies":27,"hexamod:BolsterEngine":48,"Meat on the Bone":31},{"Torii":25,"downfall:HeartBlessingRed":25,"Guardian:GemstoneGun":29,"champ:ChampionCrown":0,"downfall:HeartBlessingGreen":16,"Pen Nib":14,"Omamori":8,"Bag of Preparation":24,"Orichalcum":29,"sneckomod:SneckoTalon":10,"Boot":23,"SlaversCollar":19,"downfall:HeartBlessingBlue":25,"HandDrill":26,"champ:BerserkersGuideToSlaughter":24,"champ:FightingForDummies":15,"hexamod:BolsterEngine":26,"Meat on the Bone":17},{"Torii":121,"downfall:HeartBlessingRed":121,"Guardian:GemstoneGun":141,"champ:ChampionCrown":0,"downfall:HeartBlessingGreen":80,"Pen Nib":70,"Omamori":36,"Bag of Preparation":117,"Orichalcum":141,"sneckomod:SneckoTalon":49,"Boot":114,"SlaversCollar":95,"downfall:HeartBlessingBlue":121,"HandDrill":127,"champ:BerserkersGuideToSlaughter":117,"champ:FightingForDummies":74,"hexamod:BolsterEngine":127,"Meat on the Bone":84}],"Meat on the Bone":0},"card_choices":[{"not_picked":["champ:FanOfKnives","champ:ShieldWall","champ:Aggression"],"picked":"SKIP","floor":2.0},{"not_picked":["champ:TornadoPunch","champ:RageSigil"],"picked":"champ:EnchantShield","floor":4.0},{"not_picked":["champ:ShieldWall","champ:TornadoPunch","champ:BringItOn"],"picked":"SKIP","floor":5.0},{"not_picked":["champ:ShieldWall","champ:TornadoPunch","champ:BringItOn"],"picked":"SKIP","floor":5.0},{"not_picked":["champ:BringItOn","champ:FocusedBerserking"],"picked":"champ:BerserkerStyle","floor":6.0},{"not_picked":["champ:SteelEdge","champ:RapidStrikes"],"picked":"champ:FocusedGladiator","floor":10.0},{"not_picked":["champ:CrookedStrike","champ:SkillfulDodge","champ:GladiatorStyle"],"picked":"SKIP","floor":12.0},{"not_picked":["champ:CrookedStrike","champ:SkillfulDodge"],"picked":"champ:GladiatorStyle","floor":12.0},{"not_picked":["champ:DefensiveShout","champ:FanOfKnives"],"picked":"champ:GladiatorStyle","floor":13.0},{"not_picked":["champ:Backstep","champ:BerserkersShout","champ:SkillfulDodge"],"picked":"SKIP","floor":14.0},{"not_picked":["champ:BerserkerStyle","champ:BladeFlurry","champ:DefensiveShout"],"picked":"SKIP","floor":15.0},{"not_picked":["champ:IronFortress","champ:GladiatorStyle+1","champ:CalledShot+1"],"picked":"SKIP","floor":19},{"not_picked":["champ:BladeFlurry","champ:GutPunch","champ:DeathBlow+1"],"picked":"SKIP","floor":20},{"not_picked":["champ:TornadoPunch","champ:BerserkersShout","champ:PerfectedStrike+1"],"picked":"SKIP","floor":21},{"not_picked":["champ:GladiatorsShout+1","champ:BladeFlurry","champ:FanOfKnives+1"],"picked":"SKIP","floor":22},{"not_picked":["champ:DeathBlow","champ:Circumvent","champ:FightOn"],"picked":"SKIP","floor":26},{"not_picked":["champ:LastStand","champ:CrookedStrike","champ:RageSigil"],"picked":"SKIP","floor":31},{"not_picked":["champ:LastStand","champ:CrookedStrike","champ:RageSigil"],"picked":"SKIP","floor":31},{"not_picked":["champ:IronFortress","champ:ShieldSigil","champ:Riposte"],"picked":"SKIP","floor":32},{"not_picked":["champ:GladiatorsShout","champ:SkillfulDodge+1","champ:Riposte"],"picked":"SKIP","floor":36},{"not_picked":["champ:StanceDance","champ:Shatter","champ:BerserkersShout+1"],"picked":"SKIP","floor":37},{"not_picked":["champ:PreciseThrust","champ:IronFortress+1","champ:DefensiveShout"],"picked":"SKIP","floor":38},{"not_picked":["champ:DefensiveShout","champ:RecklessLeap","champ:Backstep"],"picked":"SKIP","floor":39},{"not_picked":["champ:DefensiveShout","champ:RecklessLeap","champ:Backstep"],"picked":"SKIP","floor":39},{"not_picked":["champ:GladiatorsShout+1","champ:TornadoPunch+1","champ:FocusedDefense"],"picked":"SKIP","floor":42},{"not_picked":["champ:BladeFlurry+1","champ:ShieldWall","champ:Devastate"],"picked":"SKIP","floor":47},{"not_picked":["champ:Encircle","champ:GutPunch+1","champ:SwordSigil+1"],"picked":"SKIP","floor":49},{"not_picked":["champ:PerfectedStrike+1","champ:StanceDance","champ:ShieldSigil"],"picked":"SKIP","floor":52}],"player_experience":2757341,"relics_obtained":[{"floor":14.0,"key":"Omamori"},{"floor":24,"key":"Pen Nib"},{"floor":27,"key":"champ:FightingForDummies"},{"floor":31,"key":"Meat on the Bone"},{"floor":41,"key":"Boot"},{"floor":43,"key":"Torii"},{"floor":52,"key":"Guardian:GemstoneGun"}],"event_choices":[{"damage_healed":0.0,"max_hp_gain":0.0,"max_hp_loss":0.0,"gold_gain":0.0,"event_name":"Lab","player_choice":"Got Potions","floor":3.0,"gold_loss":0.0,"damage_taken":0.0},{"damage_healed":0.0,"max_hp_gain":0.0,"max_hp_loss":0.0,"gold_gain":0.0,"event_name":"Upgrade Shrine","player_choice":"Upgraded","floor":8.0,"gold_loss":0.0,"damage_taken":0.0,"cards_upgraded":["champ:RageSigil"]},{"damage_healed":0,"gold_gain":0,"player_choice":"Ignored","damage_taken":0,"max_hp_gain":0,"max_hp_loss":0,"event_name":"Ghosts","floor":23,"gold_loss":0},{"damage_healed":0,"gold_gain":0,"player_choice":"Fight","damage_taken":0,"max_hp_gain":0,"max_hp_loss":0,"event_name":"Mysterious Sphere","floor":43,"gold_loss":0},{"cards_removed":["champ:SkillfulDodge"],"damage_healed":0,"gold_gain":0,"player_choice":"Removed Skill","damage_taken":0,"max_hp_gain":0,"max_hp_loss":0,"event_name":"Falling","floor":45,"gold_loss":0}],"is_beta":false,"boss_relics":[{"not_picked":["Calling Bell","champ:PowerArmor"],"picked":"sneckomod:SneckoTalon"},{"not_picked":["Sozu","Busted Crown"],"picked":"SlaversCollar"}],"items_purged_floors":[10,22,26,42,48,53],"is_endless":false,"potions_floor_spawned":[4,12,15,21,31,32,36,43,47,49,52],"ascension_level":9}}