{"host":"e4jlzdgap3yn3qj8","time":1609186038,"event":{"mods":["AchievementEnabler","BaseMod","Bestiary","Block Reminder","Colored Powertips","Curses Come First","Downfall","Highlight Path","Minty Spire (QoL Compilation)","Quick Restart","Random Character Button","Rare Cards Sparkle","StSLib"],"gold_per_floor":[99,110,128,128,139,64,119,119,138,138,156,170,181,211,230,334,334,334,346,364,364,564,69,95,123,48,73,100,100,10,110,125,229,229,229,242,342,359,41,58,85,105,105,124,142,142,142,155,170,170],"floor_reached":51,"playtime":3745,"items_purged":["hexamod:Strike"],"score":734,"play_id":"76fdf477-c110-46f8-86db-bcf0bb52a986","local_time":"20201228150718","is_ascension_mode":false,"campfire_choices":[{"floor":1,"key":"RECALL"},{"data":"hexamod:FlamesFromBeyond","floor":6,"key":"SMITH"},{"data":"hexamod:EmpoweredFlame","floor":8,"key":"SMITH"},{"data":"hexamod:SpectersWail","floor":18,"key":"SMITH"},{"floor":26,"key":"REST"},{"data":"hexamod:UnleashSpirits","floor":29,"key":"SMITH"},{"data":"hexamod:TimeWarp","floor":35,"key":"SMITH"},{"data":"Blind","floor":43,"key":"SMITH"},{"data":"hexamod:ExtraCrispy","floor":46,"key":"SMITH"}],"circlet_count":0,"master_deck":["hexamod:Strike+1","hexamod:Strike","hexamod:Defend","hexamod:Defend","hexamod:Defend","hexamod:Defend","hexamod:Sear+1","hexamod:Float","hexamod:FlamesFromBeyond+1","hexamod:EmpoweredFlame+1","hexamod:SpectersWail+1","hexamod:FlamesFromBeyond","hexamod:UnleashSpirits+1","hexamod:GhostLash","hexamod:BurningTouch+1","hexamod:AdvancingGuard","hexamod:ExtraCrispy+1","hexamod:DynamicBlow","hexamod:GhostflameBarrier","hexamod:GhostShield","hexamod:TimeWarp+1","hexamod:Hexaguard+1","hexamod:Haunt","hexamod:StepThrough","hexamod:SkipABeat+1","Bandage Up","hexamod:NightmareStrike","hexamod:GhostShield","hexamod:NightmareGuise","hexamod:EmpoweringStance","hexamod:FirstSeal","hexamod:ShieldOfDarkness","hexamod:AdvancingGuard+1","hexamod:SixthSeal","Blind+1","hexamod:SoulSteal+1","hexamod:RetreatToShadows"],"relics":["hexamod:SpiritBrand","downfall:HeartBlessingRed","Regal Pillow","Bag of Preparation","Runic Pyramid","hexamod:InflammatoryLetter","Anchor","downfall:HeartBlessingBlue","hexamod:TheBrokenSeal","Calipers","Molten Egg 2","Busted Crown","Oddly Smooth Stone","Ancient Tea Set"],"acts_visited":["Exordium","TheCity","TheBeyond"],"potions_floor_usage":[2,9,11,11,11,12,12,16,19,25,25,27,31,31,33,33,36,44,45,45],"damage_taken":[{"damage":0,"enemies":"Small Slimes","floor":2,"turns":4},{"damage":4,"enemies":"Jaw Worm","floor":3,"turns":4},{"damage":7,"enemies":"2 Louse","floor":5,"turns":4},{"damage":10,"enemies":"Lots of Slimes","floor":9,"turns":3},{"damage":7,"enemies":"2 Fungi Beasts","floor":11,"turns":3},{"damage":13,"enemies":"Red Slaver","floor":12,"turns":3},{"damage":3,"enemies":"3 Louse","floor":13,"turns":4},{"damage":33,"enemies":"Gremlin Nob","floor":14,"turns":4},{"damage":14,"enemies":"Exordium Wildlife","floor":15,"turns":4},{"damage":65,"enemies":"downfall:Ironclad","floor":16,"turns":10},{"damage":22,"enemies":"Spheric Guardian","floor":19,"turns":5},{"damage":10,"enemies":"Cultist and Chosen","floor":20,"turns":8},{"damage":0,"enemies":"downfall:FleeingMerchant","floor":23,"turns":4},{"damage":18,"enemies":"Centurion and Healer","floor":25,"turns":7},{"damage":22,"enemies":"Snake Plant","floor":27,"turns":5},{"damage":34,"enemies":"Snecko","floor":28,"turns":8},{"damage":1,"enemies":"downfall:FleeingMerchant","floor":30,"turns":4},{"damage":25,"enemies":"Colosseum Nobs","floor":31,"turns":5},{"damage":7,"enemies":"Shelled Parasite and Fungi","floor":32,"turns":5},{"damage":4,"enemies":"downfall:Defect","floor":33,"turns":9},{"damage":13,"enemies":"Orb Walker","floor":36,"turns":5},{"damage":10,"enemies":"3 Shapes","floor":38,"turns":3},{"damage":0,"enemies":"downfall:FleeingMerchant","floor":39,"turns":4},{"damage":0,"enemies":"Jaw Worm Horde","floor":40,"turns":4},{"damage":0,"enemies":"Sphere and 2 Shapes","floor":42,"turns":3},{"damage":31,"enemies":"Writhing Mass","floor":44,"turns":6},{"damage":3,"enemies":"Transient","floor":45,"turns":5},{"damage":0,"enemies":"Spire Growth","floor":48,"turns":5},{"damage":6,"enemies":"3 Darklings","floor":49,"turns":6},{"damage":6,"enemies":"downfall:Watcher","floor":50,"turns":9}],"seed_played":"-1370265103568903238","potions_obtained":[{"floor":0,"key":"SkillPotion"},{"floor":0,"key":"CultistPotion"},{"floor":0,"key":"EntropicBrew"},{"floor":3,"key":"Explosive Potion"},{"floor":11,"key":"hexamod:InfernoChargePotion"},{"floor":12,"key":"FairyPotion"},{"floor":13,"key":"FairyPotion"},{"floor":15,"key":"Block Potion"},{"floor":16,"key":"PowerPotion"},{"floor":20,"key":"Fire Potion"},{"floor":23,"key":"Block Potion"},{"floor":25,"key":"sneckomod:MuddlingPotion"},{"floor":27,"key":"Strength Potion"},{"floor":27,"key":"Swift Potion"},{"floor":28,"key":"ColorlessPotion"},{"floor":31,"key":"Swift Potion"},{"floor":32,"key":"BlessingOfTheForge"},{"floor":33,"key":"FearPotion"},{"floor":40,"key":"Energy Potion"},{"floor":44,"key":"Dexterity Potion"},{"floor":48,"key":"Strength Potion"}],"is_trial":false,"path_per_floor":["R","M","M","?","M","R","T","R","M","?","M","M","M","E","M","B",null,"R","M","M","?","?","$","T","M","R","M","M","R","$","?","M","B",null,"R","M","?","M","$","M","T","M","R","M","M","R","?","M","M","B",null],"character_chosen":"THE_SPIRIT","items_purchased":["hexamod:InflammatoryLetter","Anchor","Bandage Up","Blind","Oddly Smooth Stone","hexamod:SoulSteal"],"campfire_rested":1,"item_purchase_floors":[23,23,23,39,39,39],"current_hp_per_floor":[70,70,66,66,59,59,59,59,49,70,63,50,54,28,21,28,70,70,55,45,45,45,45,45,38,80,69,78,78,88,70,70,79,90,90,84,84,85,85,85,85,89,89,69,77,77,77,84,78,83],"gold":170,"neow_bonus":"THREE_SMALL_POTIONS","is_daily":false,"chose_seed":false,"campfire_upgraded":7,"win_rate":0.0,"timestamp":1609186038,"path_taken":["R","M","M","?","M","R","T","R","M","?","M","M","M","E","M","BOSS","R","M","M","?","?","$","T","M","R","?","M","R","$","?","M","BOSS","R","M","?","?","$","M","T","M","R","M","M","R","?","M","M","BOSS"],"items_purchased_type":["Relic","Relic","Card","Card","Relic","Card"],"build_version":"2020-12-22","purchased_purges":1,"victory":true,"max_hp_per_floor":[70,70,70,70,70,70,70,70,70,70,70,70,70,70,70,70,70,70,70,70,70,70,70,70,70,80,80,90,90,90,90,90,90,90,90,90,90,90,90,90,90,90,90,90,90,90,90,90,90,90],"card_choices":[{"not_picked":["hexamod:GhostLash","hexamod:PhantomCloak"],"picked":"hexamod:FlamesFromBeyond","floor":2},{"not_picked":["hexamod:SwordOfDarkness","hexamod:Haunt"],"picked":"hexamod:InspiringFlames","floor":3},{"not_picked":["hexamod:ThirdSeal","hexamod:AdvancingGuard"],"picked":"hexamod:EmpoweredFlame","floor":5},{"not_picked":["hexamod:NightmareStrike","hexamod:SpectersWail"],"picked":"hexamod:FourthSeal","floor":5},{"not_picked":["hexamod:CatchUp","hexamod:NecessarySacrifice"],"picked":"hexamod:SpectersWail","floor":9},{"not_picked":["hexamod:AdvancingGuard","hexamod:ThermalTransfer"],"picked":"hexamod:FlamesFromBeyond","floor":9},{"not_picked":["hexamod:InspiringFlames","hexamod:GhostShield"],"picked":"hexamod:UnleashSpirits","floor":11},{"not_picked":["hexamod:GhostOfSpirePresent","hexamod:InspiringFlames"],"picked":"hexamod:GhostLash","floor":11},{"not_picked":["hexamod:SpectralAdrenaline","hexamod:GhostOfSpirePast"],"picked":"hexamod:FirstSeal","floor":12},{"not_picked":["hexamod:FourthSeal","hexamod:Again"],"picked":"hexamod:BurningTouch","floor":13},{"not_picked":["hexamod:Rewind","hexamod:NightmareGuise"],"picked":"hexamod:AdvancingGuard","floor":13},{"not_picked":["hexamod:TurnItUp","hexamod:NecessarySacrifice"],"picked":"hexamod:ExtraCrispy","floor":14},{"not_picked":["hexamod:SpectralAdrenaline","hexamod:PhantomFireball"],"picked":"hexamod:DynamicBlow","floor":14},{"not_picked":["hexamod:RainOfEmbers","hexamod:Incineration"],"picked":"hexamod:GhostflameBarrier","floor":15},{"not_picked":["hexamod:PhantomCloak","hexamod:SecondSeal"],"picked":"hexamod:GhostShield","floor":15},{"not_picked":["hexamod:SearingWound","hexamod:UnleashSpirits"],"picked":"hexamod:FifthSeal","floor":16},{"not_picked":["hexamod:ParanormalForm","hexamod:TimeOfNeed"],"picked":"hexamod:TimeWarp","floor":16},{"not_picked":["hexamod:NightmareStrike","hexamod:BurningTouch"],"picked":"hexamod:Hexaguard","floor":19},{"not_picked":["hexamod:StepThrough","hexamod:Hexaguard+1"],"picked":"hexamod:Haunt","floor":19},{"not_picked":["hexamod:FourthSeal","hexamod:ThirdSeal"],"picked":"hexamod:SecondSeal","floor":20},{"not_picked":["hexamod:Firestarter","hexamod:SpectersWail+1"],"picked":"hexamod:StepThrough","floor":20},{"not_picked":["hexamod:ThirdSeal","hexamod:SecondSeal"],"picked":"hexamod:SixthSeal","floor":23},{"not_picked":["hexamod:ChargedBarrage","hexamod:InspiringFlames+1"],"picked":"hexamod:SkipABeat","floor":23},{"not_picked":["hexamod:SearingWound","hexamod:CatchUp"],"picked":"hexamod:NightmareStrike","floor":25},{"not_picked":["hexamod:BurningTouch","hexamod:HauntingEcho+1"],"picked":"hexamod:GhostShield","floor":25},{"not_picked":["hexamod:HeatShield","hexamod:NightmareStrike"],"picked":"hexamod:NightmareGuise","floor":27},{"not_picked":["hexamod:NecessarySacrifice","hexamod:HeatMetal"],"picked":"hexamod:EmpoweringStance","floor":28},{"not_picked":["hexamod:FlamesFromBeyond","hexamod:FourthSeal"],"picked":"hexamod:FirstSeal","floor":28},{"not_picked":["hexamod:GhostShield","hexamod:FourthSeal"],"picked":"hexamod:ShieldOfDarkness","floor":30},{"not_picked":["hexamod:ThermalTransfer+1","hexamod:FastForward"],"picked":"hexamod:AdvancingGuard+1","floor":31},{"not_picked":["hexamod:SpectersWail+1","hexamod:PhantomCloak+1","hexamod:DynamicBlow+1"],"picked":"SKIP","floor":32},{"not_picked":["hexamod:SearingWound","hexamod:EmpoweringStance"],"picked":"hexamod:SixthSeal","floor":33},{"not_picked":["hexamod:PhantomCloak+1"],"picked":"SKIP","floor":36},{"not_picked":["hexamod:FastForward"],"picked":"SKIP","floor":38},{"not_picked":["hexamod:BurningTouch"],"picked":"SKIP","floor":39},{"not_picked":[],"picked":"hexamod:RetreatToShadows","floor":40},{"not_picked":["hexamod:BacktrackSmack+1"],"picked":"SKIP","floor":42},{"not_picked":["hexamod:NightmareGuise"],"picked":"SKIP","floor":44},{"not_picked":["hexamod:ShieldOfDarkness+1"],"picked":"SKIP","floor":45},{"not_picked":["hexamod:SpectersWail+1"],"picked":"SKIP","floor":48},{"not_picked":["hexamod:HeatMetal+1"],"picked":"SKIP","floor":49}],"player_experience":48322,"relics_obtained":[{"floor":7,"key":"Regal Pillow"},{"floor":14,"key":"Bag of Preparation"},{"floor":31,"key":"Calipers"},{"floor":31,"key":"Molten Egg 2"},{"floor":41,"key":"Ancient Tea Set"}],"event_choices":[{"damage_healed":23,"gold_gain":0,"player_choice":"Banana","damage_taken":0,"max_hp_gain":0,"max_hp_loss":0,"event_name":"Big Fish","floor":10,"gold_loss":0},{"damage_healed":0,"gold_gain":200,"player_choice":"Gold","damage_taken":0,"max_hp_gain":0,"max_hp_loss":0,"event_name":"Wheel of Change","floor":22,"gold_loss":0}],"is_beta":false,"boss_relics":[{"not_picked":["Fusion Hammer","SlaversCollar"],"picked":"Runic Pyramid"},{"not_picked":["hexamod:IceCube","Tiny House"],"picked":"Busted Crown"}],"items_purged_floors":[30],"is_endless":false,"potions_floor_spawned":[3,11,15,16,25,27,28,31,32,33,40,44,48],"ascension_level":0}}