{"host":"kiauivt48syq9iz6","time":1609145663,"event":{"mods":["BaseMod","Conspire","Downfall","Hermit","Minty Spire (QoL Compilation)","Replay The Spire","SIMod","StSLib","The Animator","The Construct","The Cursed","The Runesmith","The Servant 0.9.4"],"gold_per_floor":[113,113,131,26,126,158,158,31,58,76,76,91,107,138,138,236,236,250,266,181,2,2,2,2,2,2,18,37,37,50,50,50,153,153,173,193,212,212,212,212,212,212,212,50,69,69,19,31,31,31],"floor_reached":51,"playtime":1676,"items_purged":[],"score":705,"play_id":"f22b69f1-bcb4-4834-b615-7207fc10c9e9","local_time":"20201228015423","is_ascension_mode":false,"campfire_choices":[{"floor":7,"key":"REST"},{"data":"TheCursedMod:HellfireBreathing","floor":11,"key":"SMITH"},{"data":"TheCursedMod:ReleasedStrength","floor":15,"key":"SMITH"},{"floor":23,"key":"REST"},{"data":"ReplayTheSpireMod:Brewmster","floor":25,"key":"SMITH"},{"floor":29,"key":"REST"},{"data":"TheCursedMod:OutForBlood","floor":32,"key":"SMITH"},{"floor":41,"key":"REST"},{"floor":46,"key":"REST"},{"data":"TheCursedMod:SpitefulPlan","floor":49,"key":"SMITH"}],"circlet_count":0,"master_deck":["TheCursedMod:Strike_TheCursed","TheCursedMod:Strike_TheCursed","TheCursedMod:Strike_TheCursed","TheCursedMod:Strike_TheCursed","TheCursedMod:CursedWand","TheCursedMod:Dregs","TheCursedMod:CursedBlade","TheCursedMod:StingEye","TheCursedMod:CursedBlade","TheCursedMod:HellfireBreathing+1","TheCursedMod:SpitefulStrike","TheCursedMod:HellsGateOpen","TheCursedMod:SurpriseAttack","TheCursedMod:OutForBlood+1","TheCursedMod:DemonSword","ReplayTheSpireMod:Brewmster+1","Mind Blast","TheCursedMod:RavingStaff","TheCursedMod:DemonicPact","CurseOfTheBell","TheCursedMod:Hemoplague","TheCursedMod:ParallelWorld+1","TheCursedMod:DarkBarrier+1","TheCursedMod:CircleOfCorruption+1","TheCursedMod:SpreadPlague+1","TheCursedMod:CursedArmor+1","TheCursedMod:SpreadPlague+1","TheCursedMod:TroublousMinions+1","TheCursedMod:ReleasedStrength+1","TheCursedMod:PrepareRite+1","TheCursedMod:CursedSpellbook+1","TheCursedMod:TroublousMinions+1","TheCursedMod:CircleOfBlood+1","expansioncontent:PrepareCrush+1","Violence+1","TheCursedMod:ReleasedStrength+1","TheCursedMod:Torture+1","TheCursedMod:TroublousMinions+1","TheCursedMod:NeowsMight+1","TheCursedMod:SpitefulPlan+1","TheCursedMod:TacticalStrike","TheCursedMod:RapidMovement+1","TheCursedMod:SpitefulStrike+1","TheCursedMod:SpitefulStrike+1"],"relics":["TheCursedMod:BlackMagic101","Blood Vial","Bronze Scales","Ornamental Fan","TheCursedMod:OminousMark","Counterbalance","ReplayTheSpireMod:ShopPack","Calipers","Calling Bell","Juzu Bracelet","ReplayTheSpireMod:Shallot","StoneCalendar","Letter Opener","Mirror"],"acts_visited":["Exordium","TheCity","TheBeyond"],"potions_floor_usage":[14,27,27,28,28,30,33,35,36,37,45,48,50,50],"damage_taken":[{"damage":9,"enemies":"Jaw Worm","floor":1,"turns":6},{"damage":0,"enemies":"Cultist","floor":3,"turns":4},{"damage":29,"enemies":"Gremlin Nob","floor":6,"turns":5},{"damage":0,"enemies":"2 Louse","floor":10,"turns":2},{"damage":0,"enemies":"Red Slaver","floor":12,"turns":4},{"damage":0,"enemies":"2 Fungi Beasts","floor":13,"turns":3},{"damage":5,"enemies":"3 Sentries","floor":14,"turns":4},{"damage":29,"enemies":"Hexaghost","floor":16,"turns":9},{"damage":18,"enemies":"Spheric Guardian","floor":18,"turns":3},{"damage":1,"enemies":"3 Byrds","floor":19,"turns":3},{"damage":11,"enemies":"3 Cultists","floor":27,"turns":4},{"damage":17,"enemies":"Snake Plant","floor":28,"turns":4},{"damage":20,"enemies":"Chosen and Byrds","floor":30,"turns":5},{"damage":56,"enemies":"Champ","floor":33,"turns":8},{"damage":4,"enemies":"3 Darklings","floor":35,"turns":5},{"damage":1,"enemies":"Orb Walker","floor":36,"turns":2},{"damage":35,"enemies":"Maw","floor":37,"turns":7},{"damage":14,"enemies":"Writhing Mass","floor":45,"turns":3},{"damage":0,"enemies":"4 Shapes","floor":48,"turns":6},{"damage":48,"enemies":"Donu and Deca","floor":50,"turns":8}],"seed_played":"1100786305881017384","potions_obtained":[{"floor":6,"key":"FairyPotion"},{"floor":12,"key":"hexamod:EctoCoolerPotion"},{"floor":13,"key":"Weak Potion"},{"floor":24,"key":"Toxic Potion"},{"floor":24,"key":"Regen Potion"},{"floor":28,"key":"DistilledChaos"},{"floor":36,"key":"champ:CounterPotion"},{"floor":48,"key":"SpeedPotion"}],"is_trial":false,"path_per_floor":["M","?","M","$","?","E","R","$","T","M","R","M","M","E","R","B",null,"M","M","?","$","?","R","?","R","T","M","M","R","M","?","R","B",null,"M","M","M","T","?","?","R","?","T","$","M","R","$","M","R","B",null],"character_chosen":"THE_CURSED","items_purchased":["TheCursedMod:CursedAmulet+1","TheCursedMod:StingEye","TheCursedMod:HellfireBreathing","TheCursedMod:SmokeScreen","ReplayTheSpireMod:ShopPack","TheCursedMod:CircleOfAmplification","TheCursedMod:SpitefulPlan","TheCursedMod:TacticalStrike","TheCursedMod:RapidMovement+1","Adrenaline Potion"],"campfire_rested":5,"item_purchase_floors":[4,4,8,8,21,21,44,44,44,47],"current_hp_per_floor":[73,73,73,73,73,44,68,68,68,70,70,72,74,71,71,44,82,64,65,65,65,65,82,82,82,82,80,65,82,73,73,73,37,82,81,81,55,55,55,55,79,79,79,79,67,82,82,82,82,34],"gold":31,"neow_bonus":"TEN_PERCENT_HP_BONUS","is_daily":false,"chose_seed":false,"campfire_upgraded":5,"win_rate":0.0,"timestamp":1609145663,"path_taken":["M","?","?","?","?","E","R","$","T","M","R","M","?","E","R","BOSS","M","M","?","$","?","R","?","R","T","M","M","R","?","?","R","BOSS","M","M","M","?","?","?","R","?","T","$","M","R","?","M","R","BOSS"],"items_purchased_type":["Card","Card","Card","Card","Relic","Card","Card","Card","Card","Potion"],"build_version":"2020-12-22","purchased_purges":0,"victory":true,"max_hp_per_floor":[82,82,82,82,82,82,82,82,82,82,82,82,82,82,82,82,82,82,82,82,82,82,82,82,82,82,82,82,82,82,82,82,82,82,82,82,82,82,82,82,82,82,82,82,82,82,82,82,82,82],"card_choices":[{"not_picked":["TheCursedMod:SmokeScreen","TheCursedMod:CursedStaff"],"picked":"TheCursedMod:CursedBlade","floor":1},{"not_picked":["TheCursedMod:CircleOfFocus","TheCursedMod:CursedBlade"],"picked":"TheCursedMod:CircleOfFlame","floor":3},{"not_picked":["TheCursedMod:CircleOfAmplification","TheCursedMod:CursedAmulet"],"picked":"TheCursedMod:CursedBlade","floor":6},{"not_picked":["TheCursedMod:NeowsMight","TheCursedMod:CircleOfFocus"],"picked":"TheCursedMod:SpitefulStrike","floor":10},{"not_picked":["TheCursedMod:EmpowerCircles","TheCursedMod:VitalStrike"],"picked":"TheCursedMod:HellsGateOpen","floor":12},{"not_picked":["TheCursedMod:ReleasedKnowledge","TheCursedMod:CursedShiv"],"picked":"TheCursedMod:SurpriseAttack","floor":13},{"not_picked":["TheCursedMod:Stretching","TheCursedMod:TroublousMinions"],"picked":"TheCursedMod:ReleasedStrength","floor":14},{"not_picked":["TheCursedMod:StunningStrike","TheCursedMod:DemonSword"],"picked":"TheCursedMod:OutForBlood","floor":16},{"not_picked":["TheCursedMod:SurpriseAttack+1","TheCursedMod:VitalStrike"],"picked":"TheCursedMod:CircleOfCorruption","floor":18},{"not_picked":["TheCursedMod:CircleOfFlame","TheCursedMod:Stretching"],"picked":"TheCursedMod:DemonSword","floor":19},{"not_picked":["Secret Technique","Midas Touch"],"picked":"ReplayTheSpireMod:Brewmster","floor":21},{"not_picked":["Swift Strike","expansioncontent:BronzeBeam"],"picked":"Mind Blast","floor":21},{"not_picked":["Jack Of All Trades","PanicButton"],"picked":"Replay:SS_fish_2","floor":21},{"not_picked":["TheCursedMod:StunningStrike","TheCursedMod:SoulReap"],"picked":"TheCursedMod:CursedAmulet+1","floor":27},{"not_picked":["TheCursedMod:ManaBullet","TheCursedMod:CursedBoomerang"],"picked":"TheCursedMod:CircleOfBlood+1","floor":28},{"not_picked":["TheCursedMod:CircleOfWindfury","TheCursedMod:CircleOfCorruption"],"picked":"TheCursedMod:RavingStaff","floor":30},{"not_picked":["TheCursedMod:CursedRelics","TheCursedMod:ShockAndAwe"],"picked":"TheCursedMod:DemonicPact","floor":33},{"not_picked":["TheCursedMod:DoubleShield+1","TheCursedMod:RavingStaff"],"picked":"TheCursedMod:Torture+1","floor":35},{"not_picked":["TheCursedMod:StingEye+1","TheCursedMod:RavingStaff"],"picked":"TheCursedMod:Hemoplague","floor":36},{"not_picked":["TheCursedMod:SpitefulPlan+1","TheCursedMod:CursedStaff"],"picked":"TheCursedMod:SpitefulPray+1","floor":37},{"not_picked":["TheCursedMod:CircleOfAmplification","TheCursedMod:SpitefulPlan"],"picked":"TheCursedMod:SpitefulStrike+1","floor":45},{"not_picked":["TheCursedMod:SoulCrush","TheCursedMod:Obscuration"],"picked":"TheCursedMod:SpitefulStrike+1","floor":48}],"player_experience":106350,"relics_obtained":[{"floor":6,"key":"Blood Vial"},{"floor":9,"key":"Bronze Scales"},{"floor":14,"key":"Ornamental Fan"},{"floor":26,"key":"Calipers"},{"floor":34,"key":"Juzu Bracelet"},{"floor":34,"key":"ReplayTheSpireMod:Shallot"},{"floor":34,"key":"StoneCalendar"},{"floor":38,"key":"Letter Opener"},{"floor":43,"key":"Mirror"}],"event_choices":[{"damage_healed":0,"gold_gain":0,"player_choice":"Ignored","damage_taken":0,"max_hp_gain":0,"max_hp_loss":0,"event_name":"NoteForYourself","floor":2,"gold_loss":0},{"damage_healed":0,"gold_gain":100,"player_choice":"Pray","damage_taken":0,"max_hp_gain":0,"max_hp_loss":0,"event_name":"Golden Shrine","floor":5,"gold_loss":0},{"damage_healed":0,"gold_gain":0,"player_choice":"Obtained Relic","damage_taken":0,"relics_obtained":["Counterbalance"],"max_hp_gain":0,"max_hp_loss":0,"event_name":"Addict","floor":20,"gold_loss":85},{"damage_healed":0,"gold_gain":0,"player_choice":"Obtain J.A.X.","damage_taken":0,"max_hp_gain":0,"max_hp_loss":0,"event_name":"Drug Dealer","floor":22,"gold_loss":0,"cards_obtained":["J.A.X."]},{"damage_healed":0,"gold_gain":0,"player_choice":"Got Potions","damage_taken":0,"max_hp_gain":0,"max_hp_loss":0,"event_name":"Lab","floor":24,"gold_loss":0},{"damage_healed":0,"gold_gain":0,"player_choice":"Upgraded","damage_taken":0,"max_hp_gain":0,"max_hp_loss":0,"event_name":"Upgrade Shrine","floor":31,"gold_loss":0,"cards_upgraded":["Replay:SS_fish_2"]},{"damage_healed":0,"gold_gain":0,"player_choice":"Ignored","damage_taken":0,"max_hp_gain":0,"max_hp_loss":0,"event_name":"Mysterious Sphere","floor":40,"gold_loss":0},{"damage_healed":0,"gold_gain":0,"player_choice":"Bought 0 Potions","damage_taken":0,"max_hp_gain":0,"max_hp_loss":0,"event_name":"The Woman in Blue","floor":42,"gold_loss":0}],"is_beta":false,"boss_relics":[{"not_picked":["Replay:Drink Me","Empty Cage"],"picked":"TheCursedMod:OminousMark"},{"not_picked":["Snecko Eye","conspire:RoyalGoblet"],"picked":"Calling Bell"}],"items_purged_floors":[],"is_endless":false,"potions_floor_spawned":[6,12,13,27,28,36,48],"ascension_level":0}}