{"host":"873t0y8ybyo38pfq","time":1609162705,"event":{"mods":["BaseMod","Bestiary","Colored Map","Colored Powertips","Highlight Path","Minty Spire (QoL Compilation)","Quick Restart","RNG Fix","Rare Cards Sparkle","Relic Stats","StSLib"],"gold_per_floor":[110,128,53,64,82,82,95,109,109,127,2,2,15,32,32,32,32],"floor_reached":16,"playtime":448,"items_purged":["Strike_G","Strike_G"],"score":196,"play_id":"73c986f5-eb70-45f9-b950-cb5fb9117bf8","local_time":"20201228083825","is_ascension_mode":true,"campfire_choices":[{"data":"1","floor":6,"key":"LIFT"},{"data":"2","floor":12,"key":"LIFT"},{"floor":15,"key":"REST"}],"circlet_count":0,"master_deck":["AscendersBane","Strike_G","Strike_G","Strike_G","Defend_G","Defend_G","Defend_G","Defend_G","Defend_G","Survivor","Neutralize","Poisoned Stab","Predator","All Out Attack","Sucker Punch","PiercingWail","Cloak And Dagger","Backflip","Predator"],"relics":["Ring of the Snake","Girya","Unceasing Top"],"acts_visited":["Exordium"],"potions_floor_usage":[5,16,16],"damage_taken":[{"damage":1,"enemies":"Cultist","floor":1,"turns":5},{"damage":0,"enemies":"Jaw Worm","floor":2,"turns":4},{"damage":3,"enemies":"Small Slimes","floor":4,"turns":4},{"damage":12,"enemies":"Gremlin Gang","floor":5,"turns":4},{"damage":8,"enemies":"Blue Slaver","floor":7,"turns":4},{"damage":13,"enemies":"Lots of Slimes","floor":8,"turns":3},{"damage":13,"enemies":"Exordium Thugs","floor":10,"turns":5},{"damage":0,"enemies":"Looter","floor":13,"turns":4},{"damage":0,"enemies":"2 Fungi Beasts","floor":14,"turns":4},{"damage":29,"enemies":"Hexaghost","floor":16,"turns":12}],"seed_played":"8096531639682438295","potions_obtained":[{"floor":1,"key":"GamblersBrew"},{"floor":4,"key":"SkillPotion"},{"floor":10,"key":"SteroidPotion"},{"floor":13,"key":"LiquidMemories"},{"floor":14,"key":"LiquidMemories"}],"is_trial":false,"path_per_floor":["M","M","$","M","M","R","M","M","T","M","$","R","M","M","R","B"],"character_chosen":"THE_SILENT","items_purchased":["Backflip"],"campfire_rested":1,"item_purchase_floors":[11],"current_hp_per_floor":[58,58,58,55,43,43,35,22,22,9,9,9,9,9,27,0,0],"gold":32,"neow_bonus":"ONE_RARE_RELIC","is_daily":false,"chose_seed":false,"campfire_upgraded":0,"win_rate":0.0,"timestamp":1609162705,"path_taken":["M","M","$","M","?","R","M","M","T","M","?","R","M","M","R","BOSS"],"items_purchased_type":["Card"],"build_version":"2020-12-22","purchased_purges":2,"victory":false,"max_hp_per_floor":[60,60,60,60,60,60,60,60,60,60,60,60,60,60,60,60,60],"relic_stats":{"counters":[10,49],"obtain_stats":[{"Girya":0,"Unceasing Top":9,"Ring of the Snake":0},{"Girya":0,"Unceasing Top":6,"Ring of the Snake":0},{"Girya":0,"Unceasing Top":24,"Ring of the Snake":0}],"Unceasing Top":[0],"Ring of the Snake":[20]},"card_choices":[{"not_picked":["Blur","Caltrops"],"picked":"Poisoned Stab","floor":1},{"not_picked":["Concentrate","Accuracy"],"picked":"Predator","floor":2},{"not_picked":["PiercingWail","Dodge and Roll"],"picked":"All Out Attack","floor":4},{"not_picked":["All Out Attack","Deadly Poison","Heel Hook"],"picked":"SKIP","floor":5},{"not_picked":["Dodge and Roll","Deadly Poison"],"picked":"Sucker Punch","floor":7},{"not_picked":["Slice","Infinite Blades"],"picked":"PiercingWail","floor":8},{"not_picked":["Deflect","Blur"],"picked":"Cloak And Dagger","floor":10},{"not_picked":["Deadly Poison","Flechettes","Well Laid Plans"],"picked":"SKIP","floor":13},{"not_picked":["Setup","Backflip"],"picked":"Predator","floor":14}],"player_experience":1378761,"relics_obtained":[{"floor":9,"key":"Unceasing Top"}],"event_choices":[],"is_beta":false,"boss_relics":[],"items_purged_floors":[3,11],"is_endless":false,"potions_floor_spawned":[1,4,10,13,14],"killed_by":"Hexaghost","ascension_level":20}}