{"host":"mi24dmma43d7mlws","time":1609197266,"event":{"mods":["2.2 Compatiblity","Astrologer","Bard","BaseMod","Beaked The Cultist","Bestiary","CatGirl Mod","Colored Map","Colored Powertips","Custom Start","Downfall","Fiend Mod","Fireblade Mod","Hermit","Highlight Path","JesterMod","Jorbs\u0027s Wanderer Trilogy","Mad Scientist","Magitek Elite","Minty Spire (QoL Compilation)","Potionbrewer","QueenMod","Quick Restart","Rare Cards Sparkle","Relic Stats","Shade Mod","Somnambulant","StSLib","Td1madao Mod","The Accelerator","The Blackbeard","The Bladedancer","The Bug Knight","The Clintock","The Construct","The Cursed","The Death Knight","The Disciple","The Elementalist","The Florist","The Forsaken","The Gatherer","The Hayseed","The Hierophant","The Judge","The Juggle","The Mystic","The Necromancer","The Problem Sleuth","The Runesmith","The Sage","The Senshi","The Servant 0.9.4","The Showman","The Spell Scribe","The Trickster","The Valiant","The Vixen","The Wild Card","TheArtist","TheBandit","TheFirefly","TheHeartMod","TheHero","TheLocksmith","everything is the same but u backflip on backflip","slay the spire mod where everything is the same but ironclad has a cowboy hat","thorton"],"gold_per_floor":[99,114,134,284,296,296,296,330,348,373,25,25,25,51,67,172,172,22,39,51,69,69,54,77,92,17,31,31,53,53,110,125,233,233,233,247,274,286,312,312,312,312,337,360,360,380,380,418,437,437,437,437],"floor_reached":50,"playtime":4176,"items_purged":["Slimebound:Icky","champ:Strike"],"score":578,"play_id":"e0f0758a-62a3-4418-8574-029a0639dd9c","local_time":"20201228231426","is_ascension_mode":false,"campfire_choices":[{"floor":1,"key":"RECALL"},{"floor":13,"key":"REST"},{"data":"champ:BerserkerStyle","floor":18,"key":"SMITH"},{"data":"champ:CrookedStrike","floor":26,"key":"SMITH"},{"data":"champ:FocusedBerserking","floor":30,"key":"SMITH"},{"data":"champ:BerserkerStyle","floor":35,"key":"SMITH"},{"data":"champ:SwordThrow","floor":40,"key":"SMITH"},{"floor":45,"key":"REST"},{"floor":47,"key":"REST"}],"circlet_count":0,"master_deck":["champ:Strike","champ:Strike","champ:Strike","champ:Defend","champ:Defend","champ:Defend","champ:Defend","champ:Execute","champ:Taunt","champ:HeavySlash","champ:RecklessLeap","champ:RisingSlash","champ:Backstep","champ:DefensiveShout","champ:BerserkerStyle+1","champ:AdrenalArmor","champ:RapidStrikes","champ:FocusedBerserking+1","champ:CrookedStrike+1","champ:SwordSigil","champ:Backstep","champ:CheapShot","champ:RageSigil","champ:Encircle","champ:BringItOn","champ:StanceDance+1","champ:BerserkersShout","champ:BerserkerStyle+1","champ:SwordThrow+1","champ:CrookedStrike+1","champ:Encircle","champ:SteelEdge","champ:Lariat+1","champ:RageSigil+1"],"relics":["champ:ChampionCrown","PreservedInsect","Thread and Needle","Orichalcum","Runesmith:Nanobots","Bottled Lightning","SlaversCollar","downfall:HeartBlessingRed","downfall:HeartBlessingGreen","CeramicFish","downfall:HeartBlessingBlue","Strawberry","beaked:MawFillet","Frozen Egg 2","Torii","Sundial"],"acts_visited":["Exordium","TheCity","TheBeyond"],"potions_floor_usage":[8,33,33,43,49,50],"damage_taken":[{"damage":6,"enemies":"Jaw Worm","floor":2,"turns":5},{"damage":15,"enemies":"Cultist","floor":3,"turns":2},{"damage":15,"enemies":"2 Louse","floor":5,"turns":2},{"damage":41,"enemies":"Lagavulin","floor":8,"turns":8},{"damage":24,"enemies":"Lots of Slimes","floor":9,"turns":4},{"damage":63,"enemies":"3 Sentries","floor":10,"turns":7},{"damage":15,"enemies":"downfall:FleeingMerchant","floor":11,"turns":4},{"damage":20,"enemies":"Gremlin Nob","floor":14,"turns":4},{"damage":22,"enemies":"Large Slime","floor":15,"turns":3},{"damage":47,"enemies":"downfall:Watcher","floor":16,"turns":9},{"damage":54,"enemies":"3 Byrds","floor":19,"turns":6},{"damage":51,"enemies":"Shell Parasite","floor":20,"turns":4},{"damage":13,"enemies":"Snake Plant","floor":21,"turns":4},{"damage":34,"enemies":"downfall:FleeingMerchant","floor":23,"turns":4},{"damage":28,"enemies":"Snecko","floor":25,"turns":4},{"damage":37,"enemies":"Shelled Parasite and Fungi","floor":27,"turns":4},{"damage":31,"enemies":"Centurion and Healer","floor":29,"turns":8},{"damage":39,"enemies":"downfall:FleeingMerchant","floor":31,"turns":5},{"damage":32,"enemies":"Snecko","floor":32,"turns":3},{"damage":192,"enemies":"downfall:Defect","floor":33,"turns":10},{"damage":16,"enemies":"Orb Walker","floor":36,"turns":4},{"damage":46,"enemies":"3 Darklings","floor":37,"turns":9},{"damage":46,"enemies":"Spire Growth","floor":38,"turns":5},{"damage":51,"enemies":"Sphere and 2 Shapes","floor":39,"turns":4},{"damage":103,"enemies":"beaked:SuperParasite","floor":43,"turns":8},{"damage":52,"enemies":"Transient","floor":44,"turns":5},{"damage":61,"enemies":"Jaw Worm Horde","floor":46,"turns":5},{"damage":86,"enemies":"Nemesis","floor":48,"turns":9},{"damage":44,"enemies":"4 Shapes","floor":49,"turns":6},{"damage":66,"enemies":"downfall:Ironclad","floor":50,"turns":9}],"seed_played":"-8002722060912526586","potions_obtained":[{"floor":5,"key":"Block Potion"},{"floor":14,"key":"Dexterity Potion"},{"floor":20,"key":"SkillPotion"},{"floor":21,"key":"SteroidPotion"},{"floor":33,"key":"Energy Potion"},{"floor":37,"key":"Swift Potion"},{"floor":44,"key":"FearPotion"},{"floor":48,"key":"Fire Potion"}],"is_trial":false,"path_per_floor":["R","M","M","?","M","?","T","E","M","E","$","T","R","E","M","B",null,"R","M","M","M","?","$","T","M","R","M","?","M","R","$","M","B",null,"R","M","M","M","M","R","T","?","E","M","R","M","R","E","M","B"],"character_chosen":"THE_CHAMP","items_purchased":["Orichalcum","champ:FocusedBerserking","champ:CrookedStrike","champ:BerserkerStyle","Strawberry"],"campfire_rested":3,"item_purchase_floors":[11,11,11,31,31],"current_hp_per_floor":[90,89,89,89,89,89,89,68,64,19,19,19,46,31,31,14,90,90,90,87,87,87,87,87,82,92,87,87,82,82,89,89,28,112,112,107,107,102,92,92,92,92,60,60,93,65,98,67,52,0,0,0],"gold":437,"neow_bonus":"ONE_RANDOM_RARE_CARD","is_daily":false,"chose_seed":false,"campfire_upgraded":5,"win_rate":0.0,"timestamp":1609197266,"path_taken":["R","M","M","?","M","?","T","E","?","E","?","?","R","E","M","BOSS","R","M","M","M","?","$","T","M","R","?","?","M","R","$","M","BOSS","R","M","M","M","M","R","T","?","E","M","R","M","R","E","M","BOSS"],"items_purchased_type":["Relic","Card","Card","Card","Relic"],"build_version":"2020-12-22","purchased_purges":2,"victory":false,"max_hp_per_floor":[90,90,90,90,90,90,90,90,90,90,90,90,90,90,90,90,90,90,90,90,90,90,90,90,90,100,100,100,100,100,107,107,112,112,112,112,112,112,112,112,112,112,112,112,112,112,112,112,112,112,112,112],"relic_stats":{"Torii":9,"counters":[30,164],"Sundial":[0],"CeramicFish":81,"PreservedInsect":261,"Orichalcum":[282],"obtain_stats":[{"Runesmith:Nanobots":12,"downfall:HeartBlessingRed":18,"Torii":43,"CeramicFish":24,"champ:ChampionCrown":0,"Thread and Needle":10,"downfall:HeartBlessingGreen":18,"PreservedInsect":8,"Orichalcum":11,"Frozen Egg 2":41,"SlaversCollar":17,"downfall:HeartBlessingBlue":26,"Sundial":48,"Strawberry":31,"beaked:MawFillet":34,"Bottled Lightning":14},{"Runesmith:Nanobots":7,"downfall:HeartBlessingRed":10,"Torii":25,"CeramicFish":14,"champ:ChampionCrown":0,"Thread and Needle":6,"downfall:HeartBlessingGreen":10,"PreservedInsect":4,"Orichalcum":7,"Frozen Egg 2":24,"SlaversCollar":10,"downfall:HeartBlessingBlue":15,"Sundial":28,"Strawberry":18,"beaked:MawFillet":20,"Bottled Lightning":8},{"Runesmith:Nanobots":32,"downfall:HeartBlessingRed":48,"Torii":130,"CeramicFish":66,"champ:ChampionCrown":0,"Thread and Needle":28,"downfall:HeartBlessingGreen":48,"PreservedInsect":17,"Orichalcum":32,"Frozen Egg 2":122,"SlaversCollar":48,"downfall:HeartBlessingBlue":70,"Sundial":149,"Strawberry":87,"beaked:MawFillet":100,"Bottled Lightning":36}]},"card_choices":[{"not_picked":["champ:RageSigil","champ:EnGarde"],"picked":"champ:RecklessLeap","floor":2},{"not_picked":["champ:FocusedGladiator","champ:GladiatorsShout"],"picked":"champ:RisingSlash","floor":3},{"not_picked":["champ:RecklessLeap","champ:GutPunch"],"picked":"champ:Backstep","floor":5},{"not_picked":["champ:Circumvent","champ:StanceDance"],"picked":"champ:DefensiveShout","floor":8},{"not_picked":["champ:CalledShot","champ:RapidStrikes"],"picked":"champ:BerserkerStyle","floor":9},{"not_picked":["champ:SkillfulDodge","champ:HeavySlash"],"picked":"champ:AdrenalArmor","floor":10},{"not_picked":["champ:DefensiveStyle","champ:GladiatorsShout"],"picked":"champ:RapidStrikes","floor":11},{"not_picked":["champ:GladiatorsShout","champ:Circumvent"],"picked":"champ:SwordSigil","floor":14},{"not_picked":["champ:DeathBlow","champ:SwordSigil"],"picked":"champ:Backstep","floor":15},{"not_picked":["champ:IgnorePain","champ:Devastate"],"picked":"champ:CheapShot","floor":16},{"not_picked":["champ:EndlessRage","champ:Backstep"],"picked":"champ:RageSigil","floor":19},{"not_picked":["champ:TornadoPunch+1","champ:ShieldSigil"],"picked":"champ:Encircle","floor":20},{"not_picked":["champ:EnragedBash","champ:PreciseThrust+1"],"picked":"champ:BringItOn","floor":21},{"not_picked":["champ:EnGarde+1","champ:FlashCut"],"picked":"champ:StanceDance+1","floor":23},{"not_picked":["champ:Circumvent","champ:ShieldSigil","champ:FlashCut+1"],"picked":"SKIP","floor":25},{"not_picked":["champ:CrownThrow","champ:BladeFlurry","champ:PerfectedStrike"],"picked":"SKIP","floor":27},{"not_picked":["champ:ShieldSigil","champ:SkillfulDodge"],"picked":"champ:BerserkersShout","floor":29},{"not_picked":["champ:SwordSigil","champ:FalseCounter"],"picked":"champ:FightOn","floor":31},{"not_picked":["champ:ShieldWall","champ:ViciousMockery","champ:DefensiveShout"],"picked":"SKIP","floor":32},{"not_picked":["champ:StrikeOfGenius","champ:Improvising"],"picked":"champ:SwordThrow","floor":33},{"not_picked":["champ:FlashCut+1","champ:BerserkersShout","champ:DefensiveShout"],"picked":"SKIP","floor":36},{"not_picked":["champ:Circumvent","champ:Control"],"picked":"champ:CrookedStrike+1","floor":37},{"not_picked":["champ:ShieldSigil","champ:Haymaker+1","champ:AdrenalArmor"],"picked":"SKIP","floor":38},{"not_picked":["champ:FlashCut","champ:BerserkerStyle"],"picked":"champ:Encircle","floor":39},{"not_picked":["champ:FalseCounter","champ:BladeFlurry","champ:FlashCut"],"picked":"SKIP","floor":43},{"not_picked":["champ:RageSigil","champ:BladeFlurry"],"picked":"champ:SteelEdge","floor":44},{"not_picked":["champ:PreciseThrust+1","champ:StanceDance"],"picked":"champ:Lariat+1","floor":46},{"not_picked":["champ:ShieldSigil+1","champ:IronFortress+1"],"picked":"champ:RageSigil+1","floor":48},{"not_picked":["champ:Encircle","champ:FocusedGladiator+1","champ:ShieldSigil+1"],"picked":"SKIP","floor":49}],"player_experience":1028304,"relics_obtained":[{"floor":8,"key":"PreservedInsect"},{"floor":10,"key":"Thread and Needle"},{"floor":12,"key":"Runesmith:Nanobots"},{"floor":14,"key":"Bottled Lightning"},{"floor":24,"key":"CeramicFish"},{"floor":41,"key":"Frozen Egg 2"},{"floor":43,"key":"Torii"},{"floor":48,"key":"Sundial"}],"event_choices":[],"is_beta":false,"boss_relics":[{"not_picked":["jesterMod:MachoBrace","Fiend:Scarf"],"picked":"SlaversCollar"},{"not_picked":["theForsaken:PaleLantern","Velvet Choker"],"picked":"beaked:MawFillet"}],"items_purged_floors":[11,31],"is_endless":false,"potions_floor_spawned":[5,14,20,21,27,33,37,44,48],"killed_by":"downfall:Ironclad","ascension_level":0}}