{"host":"f6f8cjhjgha9mpdq","time":1609157598,"event":{"mods":["BaseMod","Emptier Cage","Minty Spire (QoL Compilation)","Permanent Neow","StSLib","SuperFastMode","The Jungle"],"gold_per_floor":[13,24,24,41,61,89,115,174,197,197,228,300,317,345,345,424,424,441,461,160,85,0,30,30,65,90,90,116,116,66,81,81,160,160,171,18,32,46,59,59,70,102,127,127,127,158,158,170,170,170,170,170,22,49,49],"floor_reached":56,"playtime":3901,"items_purged":["Strike_B","Strike_B","Clumsy"],"score":2046,"play_id":"ac2d4ae3-69b4-4971-8768-941e2a8b56c5","local_time":"20201228211318","is_ascension_mode":true,"campfire_choices":[{"floor":10,"key":"REST"},{"data":"Zap","floor":15,"key":"SMITH"},{"data":"Blizzard","floor":24,"key":"SMITH"},{"data":"Dualcast","floor":27,"key":"SMITH"},{"data":"Capacitor","floor":32,"key":"SMITH"},{"data":"Blizzard","floor":40,"key":"SMITH"},{"data":"Coolheaded","floor":47,"key":"SMITH"},{"floor":49,"key":"RECALL"},{"data":"Buffer","floor":52,"key":"SMITH"}],"circlet_count":0,"master_deck":["AscendersBane","Strike_B","Strike_B","Defend_B","Defend_B","Zap+1","Dualcast+1","Glacier+1","Coolheaded+1","Hologram+1","Genetic Algorithm","Cold Snap","Undo","Buffer+1","Capacitor+1","Blizzard+1","Rebound","Blizzard+1","Chill","Master of Strategy","PanicButton"],"relics":["FrozenCore","Lizard Tail","DataDisk","Dream Catcher","Strawberry","Art of War","Blood Vial","Singing Bowl","Happy Flower","Runic Capacitor","Smiling Mask","Bag of Marbles","Mango","Anchor","Dead Branch","Cursed Key","Bronze Scales","War Paint","Cables","Turnip"],"acts_visited":["Exordium","TheCity","TheBeyond","TheEnding"],"potions_floor_usage":[6,8,14,16,23,25,28,41,48,55,55],"damage_taken":[{"damage":0,"enemies":"Cultist","floor":1,"turns":3},{"damage":1,"enemies":"Jaw Worm","floor":2,"turns":4},{"damage":0,"enemies":"2 Louse","floor":4,"turns":3},{"damage":20,"enemies":"Large Slime","floor":5,"turns":7},{"damage":19,"enemies":"3 Sentries","floor":6,"turns":9},{"damage":19,"enemies":"Gremlin Nob","floor":8,"turns":7},{"damage":3,"enemies":"Lagavulin","floor":11,"turns":9},{"damage":0,"enemies":"Blue Slaver","floor":13,"turns":5},{"damage":10,"enemies":"3 Sentries","floor":14,"turns":9},{"damage":17,"enemies":"Hexaghost","floor":16,"turns":15},{"damage":0,"enemies":"Shell Parasite","floor":18,"turns":12},{"damage":0,"enemies":"3 Byrds","floor":19,"turns":9},{"damage":51,"enemies":"Book of Stabbing","floor":23,"turns":13},{"damage":0,"enemies":"Gremlin Leader","floor":25,"turns":8},{"damage":0,"enemies":"Book of Stabbing","floor":28,"turns":7},{"damage":0,"enemies":"Centurion and Healer","floor":31,"turns":6},{"damage":7,"enemies":"Champ","floor":33,"turns":15},{"damage":0,"enemies":"3 Darklings","floor":35,"turns":5},{"damage":0,"enemies":"3 Shapes","floor":37,"turns":4},{"damage":0,"enemies":"Jaw Worm Horde","floor":38,"turns":5},{"damage":13,"enemies":"Transient","floor":39,"turns":5},{"damage":10,"enemies":"Maw","floor":41,"turns":7},{"damage":0,"enemies":"Giant Head","floor":42,"turns":9},{"damage":0,"enemies":"Nemesis","floor":46,"turns":11},{"damage":0,"enemies":"Spire Growth","floor":48,"turns":5},{"damage":5,"enemies":"Time Eater","floor":50,"turns":17},{"damage":25,"enemies":"Shield and Spear","floor":54,"turns":9},{"damage":84,"enemies":"The Heart","floor":55,"turns":11}],"seed_played":"62415886409117716","potions_obtained":[{"floor":1,"key":"Ancient Potion"},{"floor":5,"key":"AttackPotion"},{"floor":11,"key":"Fire Potion"},{"floor":13,"key":"FearPotion"},{"floor":14,"key":"Swift Potion"},{"floor":16,"key":"Ancient Potion"},{"floor":23,"key":"Fire Potion"},{"floor":25,"key":"EssenceOfSteel"},{"floor":31,"key":"Dexterity Potion"},{"floor":33,"key":"Fire Potion"},{"floor":41,"key":"LiquidBronze"},{"floor":48,"key":"Fruit Juice"}],"is_trial":false,"path_per_floor":["M","M","?","M","M","E","T","?","T","R","E","T","M","E","R","B",null,"M","M","$","?","?","E","R","E","T","R","E","?","$","M","R","B",null,"M","$","M","M","M","R","M","E","T","?","?","E","R","M","R","B",null,"R","$","E","B",null],"character_chosen":"DEFECT","items_purchased":["Runic Capacitor","Blizzard","Bronze Scales","CultistPotion"],"campfire_rested":1,"item_purchase_floors":[20,20,36,53],"current_hp_per_floor":[68,67,67,67,47,28,28,16,16,40,37,37,41,35,35,20,70,72,76,76,76,76,29,29,45,45,45,49,49,49,53,53,50,95,99,99,103,107,96,96,90,94,94,86,86,90,90,99,99,96,118,118,118,97,15],"gold":49,"neow_bonus":"ONE_RARE_RELIC","is_daily":false,"chose_seed":false,"campfire_upgraded":7,"win_rate":0.0,"timestamp":1609157598,"path_taken":["M","M","?","?","M","E","?","?","T","R","E","?","M","E","R","BOSS","M","M","$","?","?","E","R","E","T","R","E","?","?","?","R","BOSS","M","?","?","M","M","R","M","E","T","?","?","E","R","M","R","BOSS","R","$","E","BOSS"],"items_purchased_type":["Relic","Card","Relic","Potion"],"build_version":"2020-12-22","purchased_purges":3,"victory":true,"max_hp_per_floor":[75,75,75,75,75,75,75,82,82,82,82,82,84,86,86,86,86,86,88,88,88,88,90,90,104,104,104,106,106,106,108,108,110,110,112,112,114,116,116,116,118,120,120,122,116,118,118,125,125,125,125,125,125,127,127],"card_choices":[{"not_picked":["Steam Power","Coolheaded"],"picked":"Glacier","floor":1},{"not_picked":["Stack","Conserve Battery"],"picked":"Coolheaded","floor":2},{"not_picked":["Redo","Melter"],"picked":"Hologram","floor":4},{"not_picked":["Rebound","Redo"],"picked":"Genetic Algorithm","floor":5},{"not_picked":["Coolheaded","Streamline"],"picked":"Cold Snap","floor":6},{"not_picked":["Reinforced Body","Redo"],"picked":"Undo","floor":10},{"not_picked":["Hologram","Steam","Reprogram"],"picked":"SKIP","floor":11},{"not_picked":["Conserve Battery","Hologram","Streamline"],"picked":"Singing Bowl","floor":13},{"not_picked":["Sunder","Chaos","Compile Driver"],"picked":"Singing Bowl","floor":14},{"not_picked":["All For One","Echo Form"],"picked":"Buffer","floor":16},{"not_picked":["Sweeping Beam+1","Darkness"],"picked":"Capacitor","floor":18},{"not_picked":["Redo+1","Turbo","Conserve Battery+1"],"picked":"Singing Bowl","floor":19},{"not_picked":["Steam","Self Repair","Compile Driver+1"],"picked":"Singing Bowl","floor":23},{"not_picked":["Leap","Fusion"],"picked":"Rebound","floor":25},{"not_picked":["Steam","Genetic Algorithm","Self Repair"],"picked":"Singing Bowl","floor":28},{"not_picked":["Ball Lightning+1","Heatsinks","Redo"],"picked":"Singing Bowl","floor":31},{"not_picked":["Multi-Cast","Biased Cognition","Meteor Strike"],"picked":"Singing Bowl","floor":33},{"not_picked":["Turbo","White Noise","Barrage+1"],"picked":"Singing Bowl","floor":35},{"not_picked":["Cold Snap","Ball Lightning","Stack+1"],"picked":"Singing Bowl","floor":37},{"not_picked":["Gash","Reprogram","FTL"],"picked":"Singing Bowl","floor":38},{"not_picked":["Go for the Eyes","Rebound"],"picked":"Chill","floor":39},{"not_picked":["Gash","Tempest","Beam Cell+1"],"picked":"Singing Bowl","floor":41},{"not_picked":["Machine Learning","Beam Cell","Glacier"],"picked":"Singing Bowl","floor":42},{"not_picked":["Impatience","Panache","Bandage Up"],"picked":"Singing Bowl","floor":44},{"not_picked":["Forethought","Impatience"],"picked":"Master of Strategy","floor":44},{"not_picked":["Dark Shackles","Metamorphosis"],"picked":"PanicButton","floor":44},{"not_picked":["Go for the Eyes","Rebound","Streamline"],"picked":"Singing Bowl","floor":46},{"not_picked":["Redo","Coolheaded+1","Ball Lightning+1"],"picked":"Singing Bowl","floor":48},{"not_picked":["Genetic Algorithm+1","Static Discharge","Sweeping Beam+1"],"picked":"Singing Bowl","floor":54}],"player_experience":521442,"relics_obtained":[{"floor":6,"key":"DataDisk"},{"floor":7,"key":"Dream Catcher"},{"floor":8,"key":"Strawberry"},{"floor":9,"key":"Art of War"},{"floor":11,"key":"Blood Vial"},{"floor":12,"key":"Singing Bowl"},{"floor":14,"key":"Happy Flower"},{"floor":23,"key":"Bag of Marbles"},{"floor":25,"key":"Mango"},{"floor":26,"key":"Anchor"},{"floor":28,"key":"Dead Branch"},{"floor":42,"key":"War Paint"},{"floor":46,"key":"Cables"},{"floor":54,"key":"Turnip"}],"event_choices":[{"cards_removed":["Defend_B"],"damage_healed":0,"gold_gain":0,"player_choice":"Offered Basic","damage_taken":0,"max_hp_gain":0,"max_hp_loss":0,"event_name":"Bonfire Elementals","floor":3,"gold_loss":0},{"damage_healed":0,"gold_gain":0,"player_choice":"Searched \u00271\u0027 times","damage_taken":0,"max_hp_gain":0,"max_hp_loss":0,"event_name":"Dead Adventurer","floor":8,"gold_loss":0},{"cards_removed":["Defend_B"],"damage_healed":0,"gold_gain":0,"player_choice":"Gave Gold","damage_taken":0,"max_hp_gain":0,"max_hp_loss":0,"event_name":"Beggar","floor":21,"gold_loss":75},{"damage_healed":0,"gold_gain":0,"player_choice":"Obtained Relic","damage_taken":0,"relics_obtained":["Smiling Mask"],"max_hp_gain":0,"max_hp_loss":0,"event_name":"Addict","floor":22,"gold_loss":85},{"damage_healed":0,"gold_gain":0,"player_choice":"Read","damage_taken":0,"max_hp_gain":0,"max_hp_loss":0,"event_name":"The Library","floor":29,"gold_loss":0,"cards_obtained":["Blizzard"]},{"damage_healed":0,"gold_gain":0,"player_choice":"Memory 3","damage_taken":10,"max_hp_gain":0,"max_hp_loss":0,"event_name":"SensoryStone","floor":44,"gold_loss":0},{"damage_healed":0,"gold_gain":0,"player_choice":"Max HP","damage_taken":0,"max_hp_gain":0,"max_hp_loss":6,"event_name":"Winding Halls","floor":45,"gold_loss":0}],"is_beta":false,"boss_relics":[{"not_picked":["Snecko Eye","Fusion Hammer"],"picked":"FrozenCore"},{"not_picked":["Inserter","Pandora\u0027s Box"],"picked":"Cursed Key"}],"items_purged_floors":[20,30,53],"is_endless":false,"potions_floor_spawned":[1,5,11,13,14,16,23,25,31,33,41,42,48],"ascension_level":13}}