{"host":"gx7yyrn1gkym3qpb","time":1609141096,"event":{"mods":["AchievementEnabler","BaseMod","Better Altar","Better Match","Better Note","Better Sensory Stone","Better Skull","Better Third Choice","Highlight Path","Minty Spire (QoL Compilation)","Permanent Neow","Quick Restart","StSLib","Unceasing Turn Reminder"],"gold_per_floor":[111,121,131,131,131,165,165,200,200,217,252,252,252,25,25,25,25],"floor_reached":16,"playtime":570,"items_purged":["Strike_R"],"score":207,"play_id":"168f017d-8c8a-4ca3-ba49-7095a8ef8834","local_time":"20201228023816","is_ascension_mode":true,"campfire_choices":[{"data":"Body Slam","floor":7,"key":"SMITH"},{"data":"Disarm","floor":13,"key":"SMITH"},{"data":"Shockwave","floor":15,"key":"SMITH"}],"circlet_count":0,"master_deck":["AscendersBane","Strike_R","Strike_R","Strike_R","Defend_R","Defend_R","Defend_R","Defend_R","Bash+1","Body Slam+1","Panacea","Thunderclap","Battle Trance","Disarm+1","Shockwave+1"],"relics":["Burning Blood","Lantern","Champion Belt","Sundial","Bag of Preparation","Golden Idol"],"acts_visited":["Exordium"],"potions_floor_usage":[6,8,16],"damage_taken":[{"damage":0,"enemies":"Small Slimes","floor":1,"turns":3},{"damage":5,"enemies":"2 Louse","floor":2,"turns":4},{"damage":2,"enemies":"Jaw Worm","floor":3,"turns":3},{"damage":47,"enemies":"Lagavulin","floor":6,"turns":7},{"damage":25,"enemies":"3 Sentries","floor":8,"turns":9},{"damage":0,"enemies":"Red Slaver","floor":10,"turns":3},{"damage":12,"enemies":"Lagavulin","floor":11,"turns":8},{"damage":15,"enemies":"Hexaghost","floor":16,"turns":11}],"seed_played":"8653464329186512752","potions_obtained":[{"floor":2,"key":"AttackPotion"},{"floor":3,"key":"DistilledChaos"}],"is_trial":false,"path_per_floor":["M","M","M","?","?","E","R","E","T","M","E","?","R","$","R","B"],"character_chosen":"IRONCLAD","items_purchased":["Shockwave","DuplicationPotion"],"campfire_rested":0,"item_purchase_floors":[14,14],"current_hp_per_floor":[74,75,75,75,75,34,34,15,15,21,15,15,15,15,15,0,0],"gold":25,"neow_bonus":"UPGRADE_CARD","is_daily":false,"chose_seed":false,"campfire_upgraded":3,"win_rate":0.0,"timestamp":1609141096,"path_taken":["M","M","M","?","?","E","R","E","T","?","E","?","R","$","R","BOSS"],"items_purchased_type":["Card","Potion"],"build_version":"2020-12-22","purchased_purges":1,"victory":false,"max_hp_per_floor":[75,75,75,75,75,75,75,75,75,75,75,68,68,68,68,68,68],"card_choices":[{"not_picked":["Wild Strike","Twin Strike"],"picked":"Body Slam","floor":1},{"not_picked":["Perfected Strike","Flex","Intimidate"],"picked":"SKIP","floor":2},{"not_picked":["Rampage","Bloodletting","Clothesline"],"picked":"SKIP","floor":3},{"not_picked":["Forethought","Jack Of All Trades"],"picked":"Panacea","floor":4},{"not_picked":["Clothesline","Flex"],"picked":"Thunderclap","floor":6},{"not_picked":["Anger","Cleave"],"picked":"Battle Trance","floor":8},{"not_picked":["Offering","Havoc"],"picked":"Disarm","floor":10},{"not_picked":["Anger","Headbutt","Entrench"],"picked":"SKIP","floor":11}],"player_experience":372104,"relics_obtained":[{"floor":6,"key":"Lantern"},{"floor":8,"key":"Champion Belt"},{"floor":9,"key":"Sundial"},{"floor":11,"key":"Bag of Preparation"}],"event_choices":[{"damage_healed":0,"gold_gain":1,"player_choice":"1","damage_taken":0,"max_hp_gain":0,"max_hp_loss":0,"event_name":"betterStone:BetterStone","floor":4,"gold_loss":0},{"cards_removed":["Strike_R"],"damage_healed":0,"gold_gain":0,"player_choice":"Offered Basic","damage_taken":0,"max_hp_gain":0,"max_hp_loss":0,"event_name":"Bonfire Elementals","floor":5,"gold_loss":0},{"damage_healed":0,"gold_gain":0,"player_choice":"Lose Max HP","damage_taken":0,"relics_obtained":["Golden Idol"],"max_hp_gain":0,"max_hp_loss":7,"event_name":"Golden Idol","floor":12,"gold_loss":0}],"is_beta":false,"boss_relics":[],"items_purged_floors":[14],"is_endless":false,"potions_floor_spawned":[2,3],"killed_by":"Hexaghost","ascension_level":15}}