{"host":"g907ck67u7c3hrs6","time":1609159494,"event":{"mods":["BaseMod","DeckTracker","Highlight Path","Keyboard Shortcuts","Minty Spire (QoL Compilation)","Permanent Neow","Say the Spire","SuperFastMode"],"gold_per_floor":[119,69,88,88,88,132,132,132,132],"floor_reached":8,"playtime":141,"items_purged":[],"score":62,"play_id":"016fa2f9-22d1-440d-a0e7-692fb64e0fd1","local_time":"20201228214454","is_ascension_mode":true,"campfire_choices":[{"data":"Zap","floor":7,"key":"SMITH"}],"circlet_count":0,"master_deck":["Strike_B","Strike_B","Defend_B","Defend_B","Defend_B","Defend_B","Zap+1","Dualcast","Self Repair","Ball Lightning","Self Repair","White Noise"],"relics":["Cracked Core","Golden Idol","Symbiotic Virus"],"acts_visited":["Exordium"],"potions_floor_usage":[8],"damage_taken":[{"damage":0,"enemies":"Small Slimes","floor":1,"turns":2},{"damage":2,"enemies":"2 Louse","floor":3,"turns":3},{"damage":45,"enemies":"3 Sentries","floor":6,"turns":7},{"damage":13,"enemies":"Lagavulin","floor":8,"turns":4}],"seed_played":"-8855713793371700128","potions_obtained":[{"floor":3,"key":"EssenceOfSteel"}],"is_trial":false,"path_per_floor":["M","?","M","?","?","E","R","E"],"character_chosen":"DEFECT","items_purchased":[],"campfire_rested":0,"item_purchase_floors":[],"current_hp_per_floor":[75,75,75,68,50,12,12,0,0],"gold":132,"neow_bonus":"THREE_CARDS","is_daily":false,"chose_seed":false,"campfire_upgraded":1,"win_rate":0.0,"timestamp":1609159494,"path_taken":["M","?","M","?","?","E","R","E"],"items_purchased_type":[],"build_version":"2020-12-22","purchased_purges":0,"victory":false,"max_hp_per_floor":[75,75,75,75,75,75,75,75,75],"card_choices":[{"not_picked":["Redo","Blizzard"],"picked":"Self Repair","floor":0},{"not_picked":["Streamline","Beam Cell"],"picked":"Ball Lightning","floor":1},{"not_picked":["Ball Lightning","Coolheaded"],"picked":"Self Repair","floor":3},{"not_picked":["Cold Snap","Conserve Battery"],"picked":"White Noise","floor":6}],"player_experience":200147,"relics_obtained":[{"floor":6,"key":"Symbiotic Virus"}],"event_choices":[{"cards_removed":["Strike_B"],"damage_healed":0,"gold_gain":0,"player_choice":"Card Removal","damage_taken":0,"max_hp_gain":0,"max_hp_loss":0,"event_name":"The Cleric","floor":2,"gold_loss":50},{"cards_removed":["Strike_B"],"damage_healed":0,"gold_gain":0,"player_choice":"Card Removal","damage_taken":7,"max_hp_gain":0,"max_hp_loss":0,"event_name":"Golden Wing","floor":4,"gold_loss":0},{"damage_healed":0,"gold_gain":0,"player_choice":"Take Damage","damage_taken":18,"relics_obtained":["Golden Idol"],"max_hp_gain":0,"max_hp_loss":0,"event_name":"Golden Idol","floor":5,"gold_loss":0}],"is_beta":false,"boss_relics":[],"items_purged_floors":[],"is_endless":false,"potions_floor_spawned":[3],"killed_by":"Lagavulin","ascension_level":3}}