{"host":"9e8t9l667fx7pth6","time":1609139107,"event":{"mods":["2.2 Compatiblity","AlwaysNeverKeys","Aspiration","BaseMod","BetterRewards","Custom Start","Halation","Minty Spire (QoL Compilation)","Remove Card Discount Mod","StSLib","The Edgeheg"],"gold_per_floor":[89,15,33,2,19,19,44,44,44,44,55,90,90,90,90,216,216,237,237,256,50,50,89,89,1,27,62,62,15,140,155,155,155,155],"floor_reached":33,"playtime":1791,"items_purged":["theEdgeheg:ChaosControlSkill","theEdgeheg:GatherChaos"],"score":314,"play_id":"68b30bc7-4912-496a-b4a2-cdb0f6a2817e","local_time":"20201228020507","is_ascension_mode":false,"campfire_choices":[{"data":"theEdgeheg:TeleportsAbove","floor":6,"key":"SMITH"},{"data":"theEdgeheg:ChaosGrenade","floor":8,"key":"SMITH"},{"data":"theEdgeheg:StarterDodgeSkill","floor":15,"key":"SMITH"},{"data":"theEdgeheg:SuperDodge","floor":24,"key":"SMITH"},{"data":"Electrodynamics","floor":28,"key":"SMITH"},{"data":"theEdgeheg:FastRevolver","floor":32,"key":"SMITH"}],"circlet_count":0,"master_deck":["theEdgeheg:StarterShootAttack","theEdgeheg:StarterShootAttack+1","theEdgeheg:StarterShootAttack+1","theEdgeheg:StarterShootAttack+1","theEdgeheg:StarterDodgeSkill","theEdgeheg:StarterDodgeSkill+1","theEdgeheg:StarterDodgeSkill","theEdgeheg:BloodyKatana","theEdgeheg:ChaosControlSkill","theEdgeheg:Disrobe","theEdgeheg:Fastness","theEdgeheg:TeleportsAbove+1","theEdgeheg:Fastness+1","theEdgeheg:ChaosGrenade+1","theEdgeheg:FastRevolver+1","theEdgeheg:TimmyBackflip","theEdgeheg:SuperDodge+1","theEdgeheg:HappyTimmy","theEdgeheg:DualPistols","theEdgeheg:RollAndShoot+1","theEdgeheg:SkateboardTrick","Violence","Writhe","Backflip+1","theEdgeheg:QuickKatana","theEdgeheg:ChaosEnergyKatana+1","Electrodynamics+1","theEdgeheg:Fastness","Deadly Poison+1"],"relics":["theEdgeheg:UltimateLifeformRelic","theEdgeheg:GreenEmeraldRelic","NeowsBlessing","Mercury Hourglass","Meat on the Bone","Whetstone","halation:PinkSoulGem","Golden Idol","Busted Crown","PrismaticShard","Toxic Egg 2","aspiration:HiddenCompartment","Juzu Bracelet","Pen Nib","Dead Branch","InkBottle"],"acts_visited":["Exordium","TheCity"],"potions_floor_usage":[7,12,12,23,23,27,33],"damage_taken":[{"damage":0,"enemies":"Jaw Worm","floor":1,"turns":1},{"damage":0,"enemies":"2 Louse","floor":3,"turns":2},{"damage":0,"enemies":"Small Slimes","floor":5,"turns":1},{"damage":2,"enemies":"Lagavulin","floor":7,"turns":8},{"damage":0,"enemies":"Exordium Wildlife","floor":11,"turns":3},{"damage":1,"enemies":"3 Sentries","floor":12,"turns":6},{"damage":2,"enemies":"Hexaghost","floor":16,"turns":14},{"damage":0,"enemies":"Spheric Guardian","floor":18,"turns":4},{"damage":0,"enemies":"3 Byrds","floor":20,"turns":5},{"damage":0,"enemies":"Gremlin Leader","floor":23,"turns":6},{"damage":1,"enemies":"Slavers","floor":27,"turns":5},{"damage":2,"enemies":"Colosseum Slavers","floor":30,"turns":5},{"damage":0,"enemies":"Colosseum Nobs","floor":30,"turns":5},{"damage":0,"enemies":"Centurion and Healer","floor":31,"turns":8},{"damage":3,"enemies":"Champ","floor":33,"turns":8}],"seed_played":"-3918619382549543482","potions_obtained":[{"floor":1,"key":"SpeedPotion"},{"floor":5,"key":"DistilledChaos"},{"floor":7,"key":"LiquidBronze"},{"floor":12,"key":"Strength Potion"},{"floor":16,"key":"SkillPotion"},{"floor":20,"key":"LiquidMemories"},{"floor":27,"key":"SteroidPotion"},{"floor":31,"key":"AttackPotion"}],"is_trial":false,"path_per_floor":["M","$","M","$","M","R","E","R","T","?","M","E","?","?","R","B",null,"M","?","M","$","?","E","R","$","T","E","R","$","?","M","R","B"],"character_chosen":"THE_DEFAULT","items_purchased":["theEdgeheg:Fastness","theEdgeheg:ChaosControlSkill","theEdgeheg:Fastness","theEdgeheg:SkateboardTrick","Violence","theEdgeheg:QuickKatana","theEdgeheg:ChaosEnergyKatana+1","theEdgeheg:Fastness"],"campfire_rested":0,"item_purchase_floors":[2,2,4,21,21,25,25,29],"current_hp_per_floor":[5,5,5,5,5,5,3,3,3,2,3,3,3,3,3,2,3,3,2,3,3,3,3,3,3,3,3,3,3,3,3,3,0,0],"gold":155,"neow_bonus":"THREE_ENEMY_KILL","is_daily":false,"chose_seed":false,"campfire_upgraded":6,"win_rate":0.0,"timestamp":1609139107,"path_taken":["M","$","M","$","M","R","E","R","T","?","M","E","?","?","R","BOSS","M","?","M","$","?","E","R","$","T","E","R","$","?","M","R","BOSS"],"items_purchased_type":["Card","Card","Card","Card","Card","Card","Card","Card"],"build_version":"2020-12-22","purchased_purges":2,"victory":false,"max_hp_per_floor":[5,5,5,5,5,5,5,5,5,5,5,5,5,4,4,4,4,4,4,4,4,4,4,4,4,4,4,4,4,4,4,4,4,4],"card_choices":[{"not_picked":["theEdgeheg:SkateboardTrick","theEdgeheg:Butt"],"picked":"theEdgeheg:Disrobe","floor":1},{"not_picked":["theEdgeheg:BetterShoot","theEdgeheg:Grr"],"picked":"theEdgeheg:TeleportsAbove","floor":3},{"not_picked":["theEdgeheg:Shotgun","theEdgeheg:Fastness"],"picked":"theEdgeheg:ChaosGrenade","floor":5},{"not_picked":["theEdgeheg:ChaosControlSkill","theEdgeheg:Heh"],"picked":"theEdgeheg:FastRevolver","floor":7},{"not_picked":["theEdgeheg:ChaosGrenade","theEdgeheg:Birthday"],"picked":"theEdgeheg:TimmyBackflip","floor":11},{"not_picked":["theEdgeheg:Butt","theEdgeheg:DrawGun"],"picked":"theEdgeheg:SuperDodge","floor":12},{"not_picked":["theEdgeheg:ArtOfTheBlade","theEdgeheg:RocketLauncher"],"picked":"theEdgeheg:HappyTimmy","floor":16},{"not_picked":[],"picked":"theEdgeheg:DualPistols","floor":18},{"not_picked":[],"picked":"theEdgeheg:RollAndShoot+1","floor":19},{"not_picked":["Pray"],"picked":"SKIP","floor":20},{"not_picked":[],"picked":"Backflip+1","floor":23},{"not_picked":[],"picked":"Electrodynamics","floor":27},{"not_picked":[],"picked":"Deadly Poison+1","floor":31}],"player_experience":1008458,"relics_obtained":[{"floor":7,"key":"Mercury Hourglass"},{"floor":9,"key":"Meat on the Bone"},{"floor":12,"key":"Whetstone"},{"floor":19,"key":"PrismaticShard"},{"floor":23,"key":"aspiration:HiddenCompartment"},{"floor":26,"key":"Juzu Bracelet"},{"floor":27,"key":"Pen Nib"},{"floor":30,"key":"Dead Branch"},{"floor":30,"key":"InkBottle"}],"event_choices":[{"damage_healed":0,"gold_gain":0,"player_choice":"Entered Light","damage_taken":1,"max_hp_gain":0,"max_hp_loss":0,"event_name":"Shining Light","floor":10,"gold_loss":0,"cards_upgraded":["theEdgeheg:Fastness","theEdgeheg:StarterShootAttack"]},{"damage_healed":0,"gold_gain":0,"player_choice":"Lose Max HP","damage_taken":0,"relics_obtained":["Golden Idol"],"max_hp_gain":0,"max_hp_loss":1,"event_name":"Golden Idol","floor":14,"gold_loss":0},{"damage_healed":0,"gold_gain":0,"player_choice":"Opened","damage_taken":0,"relics_obtained":["Toxic Egg 2"],"max_hp_gain":0,"max_hp_loss":0,"event_name":"The Mausoleum","floor":22,"gold_loss":0,"cards_obtained":["Writhe"]},{"damage_healed":0,"gold_gain":0,"player_choice":"Fight","damage_taken":0,"max_hp_gain":0,"max_hp_loss":0,"event_name":"Colosseum","floor":30,"gold_loss":0},{"damage_healed":0,"gold_gain":0,"player_choice":"Fought Nobs","damage_taken":0,"max_hp_gain":0,"max_hp_loss":0,"event_name":"Colosseum","floor":30,"gold_loss":0}],"is_beta":false,"boss_relics":[{"not_picked":["aspiration:RitualDagger","Ectoplasm"],"picked":"Busted Crown"}],"items_purged_floors":[4,4],"is_endless":false,"potions_floor_spawned":[1,5,7,12,16,20,27,31],"killed_by":"Champ","ascension_level":0}}