{"host":"adv1uqz3812gqgbw","time":1609121187,"event":{"mods":["BaseMod","Better Note","Colored Powertips","Custom Start","Dio Mod","GifTheSpireLib","Hermit","Minty Spire (QoL Compilation)","StSLib","The Runesmith","Uncapped"],"gold_per_floor":[419,433,433,158,158,184,197,197,197,216,216,252,252,307,307,436,436,452,412,412,19,44,44,44],"floor_reached":23,"playtime":2164,"items_purged":["EmptyBody","Panacea"],"score":266,"play_id":"d9de4923-d0ed-417e-8ab1-3f4ec0e5d8ab","local_time":"20201228000627","daily_mods":["SealedDeck","Vintage"],"is_ascension_mode":true,"campfire_choices":[{"data":"ClearTheMind","floor":11,"key":"SMITH"},{"floor":13,"key":"REST"},{"floor":15,"key":"REST"}],"circlet_count":0,"master_deck":["JustLucky","EmptyBody","JustLucky+1","CutThroughFate","FlurryOfBlows","InnerPeace","EmptyBody","FlurryOfBlows","Consecrate+1","JustLucky+1","CutThroughFate","ClearTheMind+1","Blasphemy","Finesse","FollowUp+1"],"relics":["PureWater","Old Coin","Gambling Chip","White Beast Statue","Meat on the Bone","Golden Idol","Molten Egg 2","Anchor","TungstenRod","Akabeko","VioletLotus","Turnip","Oddly Smooth Stone","GoldenEye"],"acts_visited":["Exordium","TheCity"],"potions_floor_usage":[16,16,16,23,23],"damage_taken":[{"damage":0,"enemies":"Small Slimes","floor":1,"turns":2},{"damage":0,"enemies":"2 Louse","floor":2,"turns":3},{"damage":11,"enemies":"3 Sentries","floor":6,"turns":6},{"damage":0,"enemies":"Jaw Worm","floor":7,"turns":2},{"damage":0,"enemies":"Exordium Wildlife","floor":10,"turns":2},{"damage":24,"enemies":"Lagavulin","floor":12,"turns":4},{"damage":63,"enemies":"The Guardian","floor":16,"turns":8},{"damage":0,"enemies":"2 Thieves","floor":18,"turns":1},{"damage":0,"enemies":"Spheric Guardian","floor":22,"turns":2},{"damage":100033,"enemies":"Book of Stabbing","floor":23,"turns":3}],"seed_played":"6286038783599766342","potions_obtained":[{"floor":2,"key":"LiquidBronze"},{"floor":7,"key":"SpeedPotion"},{"floor":10,"key":"Fire Potion"},{"floor":16,"key":"Explosive Potion"},{"floor":18,"key":"EssenceOfSteel"},{"floor":19,"key":"StancePotion"},{"floor":19,"key":"Ancient Potion"},{"floor":19,"key":"Swift Potion"},{"floor":22,"key":"LiquidMemories"}],"is_trial":true,"path_per_floor":["M","M","?","$","?","E","M","?","T","M","R","E","R","T","R","B",null,"M","?","?","$","M","E"],"character_chosen":"WATCHER","items_purchased":["JustLucky","CutThroughFate","Panacea","Oddly Smooth Stone","Finesse","FollowUp+1"],"campfire_rested":2,"item_purchase_floors":[4,4,4,21,21,21],"current_hp_per_floor":[65,65,65,65,51,40,40,40,40,40,40,28,48,48,67,16,54,54,54,54,54,54,0,0],"gold":44,"neow_bonus":"","is_daily":false,"chose_seed":false,"campfire_upgraded":1,"win_rate":0.0,"timestamp":1609121187,"path_taken":["M","M","?","$","?","E","M","?","T","M","R","E","R","?","R","BOSS","M","?","?","?","M","E"],"items_purchased_type":["Card","Card","Card","Relic","Card","Card"],"build_version":"2020-12-22","purchased_purges":2,"victory":false,"max_hp_per_floor":[72,72,72,72,72,72,72,67,67,67,67,67,67,67,67,67,67,67,67,67,67,67,67,67],"card_choices":[{"not_picked":["Prostrate","Protect"],"picked":"ClearTheMind","floor":6},{"not_picked":["Swivel","Indignation","PathToVictory"],"picked":"SKIP","floor":12},{"not_picked":["DeusExMachina","Ragnarok+1"],"picked":"Blasphemy","floor":16}],"player_experience":337103,"relics_obtained":[{"floor":1,"key":"Old Coin"},{"floor":2,"key":"Gambling Chip"},{"floor":6,"key":"White Beast Statue"},{"floor":7,"key":"Meat on the Bone"},{"floor":9,"key":"Molten Egg 2"},{"floor":10,"key":"Anchor"},{"floor":12,"key":"TungstenRod"},{"floor":14,"key":"Akabeko"},{"floor":18,"key":"Turnip"},{"floor":22,"key":"GoldenEye"}],"event_choices":[{"damage_healed":0,"gold_gain":0,"player_choice":"Grow","damage_taken":0,"max_hp_gain":0,"max_hp_loss":0,"event_name":"Living Wall","floor":3,"gold_loss":0,"cards_upgraded":["JustLucky"]},{"damage_healed":0,"gold_gain":0,"player_choice":"Entered Light","damage_taken":14,"max_hp_gain":0,"max_hp_loss":0,"event_name":"Shining Light","floor":5,"gold_loss":0,"cards_upgraded":["Consecrate","JustLucky"]},{"damage_healed":0,"gold_gain":0,"player_choice":"Lose Max HP","damage_taken":0,"relics_obtained":["Golden Idol"],"max_hp_gain":0,"max_hp_loss":5,"event_name":"Golden Idol","floor":8,"gold_loss":0},{"damage_healed":0,"gold_gain":0,"player_choice":"Bought 3 Potions","damage_taken":0,"max_hp_gain":0,"max_hp_loss":0,"event_name":"The Woman in Blue","floor":19,"gold_loss":0},{"cards_removed":["Blasphemy"],"damage_healed":0,"gold_gain":0,"player_choice":"Give","damage_taken":0,"max_hp_gain":0,"max_hp_loss":0,"event_name":"betterNote:BetterNote","floor":20,"gold_loss":0,"cards_obtained":["None"]}],"is_beta":false,"boss_relics":[{"not_picked":["SacredBark","Runic Dome"],"picked":"VioletLotus"}],"items_purged_floors":[4,21],"is_endless":false,"potions_floor_spawned":[2,7,10,12,16,18,22],"killed_by":"Book of Stabbing","ascension_level":7}}