{"host":"iak1zw6udsaqx1iy","time":1609179671,"event":{"mods":["Act Like it!","BaseMod","Gensokyo","Minty Spire (QoL Compilation)","Remilia（蕾米莉亚）","Replay The Spire","StSLib","The Alterego","The Cursed","The Servant 0.9.4","WarShipGirlsR/战舰少女R mod","Youmu（魂魄妖梦）"],"gold_per_floor":[360,378,389,403,413,413,442,20,20,20,53,82,82,114,114,234,284,314,345,345,370,370,370,405,445,445,445,500,2,2,2,2,39,39,165,165,199,199,232,268,310,371,411,411,411,411,474,474,474,536,580,627,636,674,674,674,20,81,105],"floor_reached":60,"playtime":4152,"items_purged":["rmod:strick"],"score":1562,"play_id":"b84a02d6-bec0-412e-9730-197b98335db6","local_time":"20201229022111","is_ascension_mode":true,"campfire_choices":[{"data":"TheCursedMod:CursedWand","floor":6.0,"key":"SMITH"},{"data":"TheCursedMod:NeowsMight","floor":10.0,"key":"SMITH"},{"floor":13.0,"key":"REST"},{"floor":15.0,"key":"REST"},{"data":"TheCursedMod:ManaBullet","floor":23.0,"key":"SMITH"},{"floor":32.0,"key":"REST"},{"floor":46.0,"key":"RECALL"},{"floor":53.0,"key":"REST"},{"data":"TheCursedMod:CircleOfWindfury","floor":56,"key":"SMITH"}],"circlet_count":0,"master_deck":["TheCursedMod:Strike_TheCursed+1","TheCursedMod:Strike_TheCursed+1","TheCursedMod:Strike_TheCursed+1","TheCursedMod:Strike_TheCursed","TheCursedMod:Defend_TheCursed","TheCursedMod:Defend_TheCursed","TheCursedMod:Defend_TheCursed","TheCursedMod:Defend_TheCursed","TheCursedMod:CursedWand+1","TheCursedMod:CleanUpWorkshop","TheCursedMod:Dregs","m_Survivalism","TheCursedMod:SmokeScreen+1","TheCursedMod:VitalStrike","TheCursedMod:SpitefulStrike","TheCursedMod:Torture","TheCursedMod:NeowsMight+1","TheCursedMod:SpitefulStrike+1","TheCursedMod:Stigma+1","TheCursedMod:TacticalStrike","TheCursedMod:ManaBullet+1","TheCursedMod:StunningStrike","TheCursedMod:WearCloak","TheCursedMod:CursedSpellbook","TheCursedMod:RapidMovement+1","TheCursedMod:CursedBlade","Shame","TheCursedMod:ShockAndAwe","TheCursedMod:CircleOfWindfury+1","Necronomicurse","TheCursedMod:NeowsMight+1","TheCursedMod:CursedAmulet+1","TheCursedMod:CursedBlade+1","TheCursedMod:Evocation+1","TheCursedMod:VoidForm+1","CurseOfTheBell","TheCursedMod:RapidMovement+1","TheCursedMod:AshesToAshes+1","TheCursedMod:Torture+1","TheCursedMod:CircleOfBlood+1","TheCursedMod:LuckyCharm+1","TheCursedMod:ReleasedKnowledge+1","TheCursedMod:AbyssShockwave+1","TheCursedMod:Mangle+1","TheCursedMod:CursedMace+1","TheCursedMod:SpitefulPray","Flash of Steel+1","TheCursedMod:SurpriseAttack+1","TheCursedMod:CursedShiv+1"],"relics":["TheCursedMod:BlackMagic101","Replay:Bandana","Gremlin Horn","Vajra","Blue Candle","Tiny House","Ring of Searing","Ring of Hypnosis","White Beast Statue","Necronomicon","Golden Egg","Lantern","Replay:Accelerometer","Calling Bell","Dream Catcher","Dead Branch","Replay:Bottled Flurry","Gensokyo:DualWield","Art of War","CeramicFish","Replay:Ringing Soul","Kunai","Whetstone","Boot","Happy Flower"],"acts_visited":["Exordium","TheCity","TheCity","TheEnding"],"potions_floor_usage":[54,54,59,59,59,59,59],"damage_taken":[{"damage":4.0,"enemies":"Cultist","floor":1.0,"turns":5.0},{"damage":0.0,"enemies":"Small Slimes","floor":2.0,"turns":6.0},{"damage":0.0,"enemies":"2 Louse","floor":3.0,"turns":2.0},{"damage":0.0,"enemies":"2 Fungi Beasts","floor":4.0,"turns":2.0},{"damage":5.0,"enemies":"Blue Slaver","floor":5.0,"turns":3.0},{"damage":42.0,"enemies":"3 Sentries","floor":7.0,"turns":13.0},{"damage":1.0,"enemies":"Exordium Thugs","floor":11.0,"turns":3.0},{"damage":0.0,"enemies":"Exordium Wildlife","floor":12.0,"turns":1.0},{"damage":10.0,"enemies":"Large Slime","floor":14.0,"turns":5.0},{"damage":30.0,"enemies":"Fading Forest","floor":16.0,"turns":11.0},{"damage":6.0,"enemies":"Spheric Guardian","floor":18.0,"turns":3.0},{"damage":9.0,"enemies":"2 Thieves","floor":19.0,"turns":3.0},{"damage":13.0,"enemies":"Snake Plant","floor":21.0,"turns":3.0},{"damage":8.0,"enemies":"Centurion and Healer","floor":24.0,"turns":6.0},{"damage":0.0,"enemies":"Snecko","floor":25.0,"turns":3.0},{"damage":14.0,"enemies":"Slavers","floor":28.0,"turns":3.0},{"damage":0.0,"enemies":"Cultist and Chosen","floor":33.0,"turns":2.0},{"damage":28.0,"enemies":"Champ","floor":35.0,"turns":6.0},{"damage":11.0,"enemies":"Gensokyo:3_Bats","floor":37.0,"turns":3.0},{"damage":0.0,"enemies":"Gensokyo:AncientGuardian","floor":39.0,"turns":1.0},{"damage":13.0,"enemies":"Gensokyo:SeedOfUnknown","floor":40.0,"turns":3.0},{"damage":1.0,"enemies":"Gensokyo:Dusk_and_Dawn","floor":41.0,"turns":2.0},{"damage":3.0,"enemies":"Gensokyo:Doremy","floor":42.0,"turns":3.0},{"damage":6.0,"enemies":"Gensokyo:AtlasGolem","floor":43.0,"turns":3.0},{"damage":27.0,"enemies":"Gensokyo:Marisa","floor":47.0,"turns":4.0},{"damage":12.0,"enemies":"Gensokyo:Doremy","floor":50.0,"turns":5.0},{"damage":7.0,"enemies":"Gensokyo:4_Bats","floor":51.0,"turns":2.0},{"damage":2.0,"enemies":"Gensokyo:Dusk_and_Dawn","floor":52.0,"turns":1.0},{"damage":11,"enemies":"Gensokyo:Shinki","floor":54,"turns":6},{"damage":0,"enemies":"Shield and Spear","floor":58,"turns":1},{"damage":112,"enemies":"The Heart","floor":59,"turns":8}],"seed_played":"-4239080965107763762","potions_obtained":[{"floor":2.0,"key":"SkillPotion"},{"floor":5.0,"key":"Languid Potion"},{"floor":12.0,"key":"Elixir"},{"floor":14.0,"key":"Reflective Coating"},{"floor":16.0,"key":"BlessingOfTheForge"},{"floor":17.0,"key":"Reflective Coating"},{"floor":21.0,"key":"Block Potion"},{"floor":24.0,"key":"Milkshake"},{"floor":25.0,"key":"Flashbang"},{"floor":28.0,"key":"Explosive Potion"},{"floor":33.0,"key":"SkillPotion"},{"floor":35.0,"key":"LifebloodPotion"},{"floor":37.0,"key":"BlessingOfTheForge"},{"floor":39.0,"key":"FairyPotion"},{"floor":47.0,"key":"Elixir"},{"floor":50.0,"key":"FearPotion"},{"floor":52.0,"key":"SkillPotion"}],"is_trial":false,"path_per_floor":["M","M","M","M","M","R","E","$","T","R","M","M","R","M","R","B",null,"M","M","?","M","?","R","M","M","T","?","E","$","PTL","PTL","R","M","R","B",null,"M","?","M","M","M","E","M","?","T","R","E","PTL","PTL","E","M","M","R","B",null,"R","$","E","B",null],"character_chosen":"THE_CURSED","items_purchased":["Gremlin Horn","Vajra","TheCursedMod:SpitefulStrike+1","TheCursedMod:CursedAmulet+1","Lantern","Replay:Accelerometer","TheCursedMod:CursedBlade","Whetstone","Boot","EntropicBrew","AttackPotion","Flash of Steel","TheCursedMod:SurpriseAttack"],"campfire_rested":4,"item_purchase_floors":[8,8,8,29,29,29,29,57,57,57,57,57,57],"current_hp_per_floor":[71,71,71,71,66,66,24,24,24,24,23,23,45,35,57,41,80,74,65,65,52,52,52,44,44,44,28,14,14,14,14,38,38,62,34,80,69,69,69,56,55,52,58,58,58,58,42,42,42,37,33,34,64,53,95,95,98,101,61],"gold":105,"neow_bonus":"TWO_FIFTY_GOLD","is_daily":false,"chose_seed":false,"campfire_upgraded":4,"win_rate":0.0,"timestamp":1609179671,"path_taken":["M","M","M","M","M","R","E","$","T","R","M","M","R","?","R","BOSS","M","M","?","M","?","R","M","M","T","?","E","$","PTL","PTL","R","M","R","BOSS","M","?","M","M","M","E","M","?","T","R","E","PTL","PTL","E","?","M","R","BOSS","R","$","E","BOSS"],"items_purchased_type":["Relic","Relic","Card","Card","Relic","Relic","Card","Relic","Relic","Potion","Potion","Card","Card"],"build_version":"2020-12-22","purchased_purges":1,"victory":true,"max_hp_per_floor":[75,75,75,75,75,75,75,75,75,75,75,75,75,75,75,75,80,80,80,80,80,80,80,80,80,80,80,80,80,80,80,80,80,80,80,80,80,80,80,80,80,80,80,80,80,80,83,83,83,86,89,92,95,95,95,95,98,101,101],"card_choices":[{"not_picked":["TheCursedMod:Evocation","TheCursedMod:StingEye"],"picked":"TheCursedMod:SmokeScreen","floor":1.0},{"not_picked":["TheCursedMod:CursedBoomerang","TheCursedMod:Stigma"],"picked":"TheCursedMod:VitalStrike","floor":2.0},{"not_picked":["TheCursedMod:HellfireBreathing","TheCursedMod:Stretching"],"picked":"TheCursedMod:SurpriseAttack","floor":3.0},{"not_picked":["TheCursedMod:AshesToAshes","TheCursedMod:SoulReap"],"picked":"TheCursedMod:SpitefulStrike","floor":4.0},{"not_picked":["TheCursedMod:CursedBoomerang","TheCursedMod:Wield"],"picked":"TheCursedMod:Torture","floor":5.0},{"not_picked":["TheCursedMod:FleshFromBone","TheCursedMod:Stigma"],"picked":"TheCursedMod:NeowsMight","floor":7.0},{"not_picked":["TheCursedMod:Grudge","TheCursedMod:HellsGateOpen"],"picked":"TheCursedMod:Stigma","floor":11.0},{"not_picked":["TheCursedMod:Stigma","TheCursedMod:AshesToAshes"],"picked":"TheCursedMod:TacticalStrike","floor":12.0},{"not_picked":["TheCursedMod:CircleOfAmplification","TheCursedMod:FleshFromBone"],"picked":"TheCursedMod:ManaBullet","floor":14.0},{"not_picked":["TheCursedMod:OutForBlood","TheCursedMod:VoidForm"],"picked":"TheCursedMod:StunningStrike","floor":16.0},{"not_picked":["TheCursedMod:HellfireBreathing","TheCursedMod:RapidMovement"],"picked":"TheCursedMod:WearCloak","floor":17.0},{"not_picked":["TheCursedMod:WearCloak","TheCursedMod:CircleOfFlame+1"],"picked":"TheCursedMod:CursedSpellbook","floor":18.0},{"not_picked":["TheCursedMod:SmokeScreen","TheCursedMod:WearCloak"],"picked":"TheCursedMod:RapidMovement+1","floor":19.0},{"not_picked":["TheCursedMod:CircleOfFlame","TheCursedMod:TroublousMinions"],"picked":"TheCursedMod:CursedBlade","floor":21.0},{"not_picked":["TheCursedMod:SmokeScreen","TheCursedMod:Stigma"],"picked":"TheCursedMod:ShockAndAwe","floor":24.0},{"not_picked":["TheCursedMod:ManaBullet","TheCursedMod:EmpowerCircles"],"picked":"TheCursedMod:CircleOfWindfury","floor":25.0},{"not_picked":["TheCursedMod:VitalStrike","TheCursedMod:TroublousMinions"],"picked":"TheCursedMod:NeowsMight","floor":28.0},{"not_picked":["TheCursedMod:BlessingInDisguise","TheCursedMod:SpitefulStrike"],"picked":"TheCursedMod:Evocation+1","floor":33.0},{"not_picked":["TheCursedMod:ParallelWorld","TheCursedMod:NeowsMight"],"picked":"TheCursedMod:VoidForm","floor":35.0},{"not_picked":["TheCursedMod:RavingStaff","TheCursedMod:CursedAmulet"],"picked":"TheCursedMod:RapidMovement+1","floor":37.0},{"not_picked":["TheCursedMod:Torture+1","TheCursedMod:CursedAmulet+1"],"picked":"TheCursedMod:AshesToAshes+1","floor":39.0},{"not_picked":["TheCursedMod:SpitefulStrike","TheCursedMod:AshesToAshes+1"],"picked":"TheCursedMod:CursedMace+1","floor":40.0},{"not_picked":["TheCursedMod:VitalStrike","TheCursedMod:Obscuration"],"picked":"TheCursedMod:Torture+1","floor":41.0},{"not_picked":["TheCursedMod:SaltUponWound","TheCursedMod:Wield+1"],"picked":"TheCursedMod:CircleOfBlood+1","floor":42.0},{"not_picked":["TheCursedMod:TroublousMinions+1","TheCursedMod:SmokeScreen+1"],"picked":"TheCursedMod:LuckyCharm+1","floor":43.0},{"not_picked":["TheCursedMod:CircleOfCorruption+1","TheCursedMod:CursedBlade+1"],"picked":"TheCursedMod:ReleasedKnowledge+1","floor":47.0},{"not_picked":["TheCursedMod:CircleOfCorruption+1","TheCursedMod:ManaBullet+1"],"picked":"TheCursedMod:AbyssShockwave+1","floor":50.0},{"not_picked":["TheCursedMod:Stigma","TheCursedMod:ParallelWorld"],"picked":"TheCursedMod:Mangle+1","floor":51.0},{"not_picked":["TheCursedMod:CircleOfFocus","TheCursedMod:FuryStrike+1"],"picked":"TheCursedMod:CursedMace+1","floor":52.0},{"not_picked":["TheCursedMod:FleshFromBone+1","TheCursedMod:LuckyCharm"],"picked":"TheCursedMod:SpitefulPray","floor":53.0},{"not_picked":["TheCursedMod:SaltUponWound+1","TheCursedMod:FleshFromBone+1"],"picked":"TheCursedMod:CursedShiv+1","floor":58}],"player_experience":310719,"relics_obtained":[{"floor":7.0,"key":"Replay:Bandana"},{"floor":9.0,"key":"Blue Candle"},{"floor":20.0,"key":"Ring of Searing"},{"floor":20.0,"key":"Ring of Hypnosis"},{"floor":27.0,"key":"Necronomicon"},{"floor":28.0,"key":"Golden Egg"},{"floor":36.0,"key":"Dream Catcher"},{"floor":36.0,"key":"Dead Branch"},{"floor":36.0,"key":"Replay:Bottled Flurry"},{"floor":42.0,"key":"Art of War"},{"floor":45.0,"key":"CeramicFish"},{"floor":47.0,"key":"Replay:Ringing Soul"},{"floor":50.0,"key":"Kunai"},{"floor":58,"key":"Happy Flower"}],"event_choices":[{"damage_healed":0.0,"max_hp_gain":0.0,"max_hp_loss":0.0,"gold_gain":0.0,"event_name":"Addict","player_choice":"Stole Relic","floor":22.0,"gold_loss":0.0,"damage_taken":0.0,"relics_obtained":["White Beast Statue"],"cards_obtained":["Shame"]},{"damage_healed":0.0,"max_hp_gain":0.0,"max_hp_loss":0.0,"gold_gain":0.0,"event_name":"Cursed Tome","player_choice":"Obtained Book","floor":27.0,"gold_loss":0.0,"damage_taken":16.0}],"is_beta":false,"boss_relics":[{"not_picked":["SacredBark","Runic Dome"],"picked":"Tiny House"},{"not_picked":["Astrolabe","Painkiller Herb"],"picked":"Calling Bell"}],"items_purged_floors":[57],"is_endless":false,"potions_floor_spawned":[2,5,12,14,16,21,24,25,28,33,35,37,39,40,41,42,43,47,50,51,52,58],"ascension_level":2}}