{"host":"1tl36azeqm6yhdgj","time":1609174941,"event":{"mods":["AchievementEnabler","BaseMod","Minty Spire (QoL Compilation)","StSLib","The IronCluck","everything is the same but u backflip on backflip"],"gold_per_floor":[111,111,128,141,154,187,201,217,243,276,3,3,3,15,15,90,90,105,105,30,37,87,87,87,87],"floor_reached":24,"playtime":600,"items_purged":[],"score":385,"play_id":"88dc421c-11ae-4ed7-96d1-bd80f54b1958","local_time":"20201228120221","is_ascension_mode":true,"campfire_choices":[{"data":"Carnage","floor":15.0,"key":"SMITH"},{"floor":23,"key":"REST"}],"circlet_count":0,"master_deck":["AscendersBane","Strike_R","Strike_R","Defend_R","Defend_R","Defend_R","Defend_R","Bash","Anger","Thunderclap","Shockwave","Burning Pact","Carnage+1","Pummel","Fiend Fire","Bandage Up","Demon Form","Flex","Cleave"],"relics":["Burning Blood","NeowsBlessing","Bag of Marbles","Vajra","StrikeDummy","Art of War","SlaversCollar"],"acts_visited":["Exordium","TheCity"],"potions_floor_usage":[21],"damage_taken":[{"damage":0.0,"enemies":"2 Louse","floor":1.0,"turns":1.0},{"damage":0.0,"enemies":"Cultist","floor":3.0,"turns":1.0},{"damage":0.0,"enemies":"Jaw Worm","floor":4.0,"turns":1.0},{"damage":13.0,"enemies":"Blue Slaver","floor":5.0,"turns":5.0},{"damage":45.0,"enemies":"3 Sentries","floor":6.0,"turns":6.0},{"damage":6.0,"enemies":"3 Louse","floor":7.0,"turns":3.0},{"damage":0.0,"enemies":"2 Fungi Beasts","floor":8.0,"turns":2.0},{"damage":15.0,"enemies":"Gremlin Nob","floor":10.0,"turns":3.0},{"damage":0.0,"enemies":"Exordium Wildlife","floor":14.0,"turns":2.0},{"damage":31.0,"enemies":"The Guardian","floor":16.0,"turns":10.0},{"damage":54,"enemies":"Shell Parasite","floor":18,"turns":4},{"damage":15,"enemies":"2 Thieves","floor":21,"turns":4},{"damage":39,"enemies":"Shelled Parasite and Fungi","floor":24,"turns":2}],"seed_played":"9186013771891435243","potions_obtained":[{"floor":1.0,"key":"DistilledChaos"},{"floor":3.0,"key":"SpeedPotion"},{"floor":6.0,"key":"Energy Potion"},{"floor":7.0,"key":"Swift Potion"},{"floor":14.0,"key":"Strength Potion"},{"floor":18,"key":"SkillPotion"}],"is_trial":false,"path_per_floor":["M","?","M","M","M","E","M","M","T","E","$","?","?","M","R","B",null,"M","?","?","M","?","R","M"],"character_chosen":"IRONCLAD","items_purchased":["Bandage Up","Art of War"],"campfire_rested":1,"item_purchase_floors":[11,11],"current_hp_per_floor":[74,74,75,75,68,29,29,35,35,26,26,51,51,57,57,36,65,21,21,21,16,16,38,0,0],"gold":87,"neow_bonus":"THREE_ENEMY_KILL","is_daily":false,"chose_seed":false,"campfire_upgraded":1,"win_rate":0.0,"timestamp":1609174941,"path_taken":["M","?","?","M","M","E","M","M","T","E","?","?","?","M","R","BOSS","M","?","?","M","?","R","?"],"items_purchased_type":["Card","Relic"],"build_version":"2020-12-22","purchased_purges":0,"victory":false,"max_hp_per_floor":[75,75,75,75,75,75,75,75,75,75,75,75,75,75,75,75,75,75,75,75,75,75,75,75,75],"card_choices":[{"not_picked":["Whirlwind","Body Slam"],"picked":"Anger","floor":1.0},{"not_picked":["Havoc","Heavy Blade"],"picked":"Thunderclap","floor":3.0},{"not_picked":["Body Slam","Havoc"],"picked":"Shockwave","floor":4.0},{"not_picked":["Havoc","Rage"],"picked":"Burning Pact","floor":5.0},{"not_picked":["Havoc","Anger"],"picked":"Carnage","floor":6.0},{"not_picked":["Armaments","Sword Boomerang","Headbutt"],"picked":"SKIP","floor":7.0},{"not_picked":["Thunderclap","Exhume"],"picked":"Pummel","floor":8.0},{"not_picked":["Body Slam","Pommel Strike"],"picked":"Fiend Fire","floor":10.0},{"not_picked":["Iron Wave","Bloodletting","Burning Pact"],"picked":"SKIP","floor":14.0},{"not_picked":["Corruption","Feed"],"picked":"Demon Form","floor":16.0},{"not_picked":["Warcry","Headbutt+1"],"picked":"Flex","floor":18},{"not_picked":["Iron Wave","Power Through+1"],"picked":"Cleave","floor":21}],"player_experience":1982901,"relics_obtained":[{"floor":6.0,"key":"Bag of Marbles"},{"floor":9.0,"key":"Vajra"},{"floor":10.0,"key":"StrikeDummy"}],"event_choices":[{"cards_removed":["Strike_R"],"damage_healed":0.0,"max_hp_gain":0.0,"max_hp_loss":0.0,"gold_gain":0.0,"event_name":"Bonfire Elementals","player_choice":"Offered Basic","floor":2.0,"gold_loss":0.0,"damage_taken":0.0},{"damage_healed":25.0,"max_hp_gain":0.0,"max_hp_loss":0.0,"gold_gain":0.0,"event_name":"Big Fish","player_choice":"Banana","floor":12.0,"gold_loss":0.0,"damage_taken":0.0},{"damage_healed":0.0,"max_hp_gain":0.0,"max_hp_loss":0.0,"gold_gain":0.0,"event_name":"Shining Light","player_choice":"Ignored","floor":13.0,"gold_loss":0.0,"damage_taken":0.0},{"cards_removed":["Strike_R"],"damage_healed":0,"gold_gain":0,"player_choice":"Elegance","damage_taken":0,"max_hp_gain":0,"max_hp_loss":0,"event_name":"Back to Basics","floor":19,"gold_loss":0},{"cards_removed":["Strike_R"],"damage_healed":0,"gold_gain":0,"player_choice":"Gave Gold","damage_taken":0,"max_hp_gain":0,"max_hp_loss":0,"event_name":"Beggar","floor":20,"gold_loss":75},{"damage_healed":0,"gold_gain":50,"player_choice":"Stole From Cult","damage_taken":0,"max_hp_gain":0,"max_hp_loss":0,"event_name":"Nest","floor":22,"gold_loss":0}],"is_beta":false,"boss_relics":[{"not_picked":["Runic Cube","Philosopher\u0027s Stone"],"picked":"SlaversCollar"}],"items_purged_floors":[],"is_endless":false,"potions_floor_spawned":[1,3,6,7,14,18],"killed_by":"Shelled Parasite and Fungi","ascension_level":17}}