{"host":"3jjxuhjpio8e4zkv","time":1609196188,"event":{"mods":["BaseMod","Colored Map","Highlight Path","Minty Spire (QoL Compilation)","Permanent Neow","Relic Stats","StSLib"],"gold_per_floor":[112,12,12,25,100,100,115,141,168,13,13,13,13,13,13,91,91,102,115,115,126,126,126,7,7,7,23,51,0,12,12,12,12,12],"floor_reached":33,"playtime":801,"items_purged":["Pain"],"score":522,"play_id":"9608e696-796a-4ecf-abed-3bd56c596592","local_time":"20201228175628","is_ascension_mode":true,"campfire_choices":[{"data":"Genetic Algorithm","floor":6.0,"key":"SMITH"},{"floor":11.0,"key":"REST"},{"data":"Static Discharge","floor":13.0,"key":"SMITH"},{"data":"Zap","floor":15.0,"key":"SMITH"},{"floor":23.0,"key":"REST"},{"data":"Doom and Gloom","floor":25.0,"key":"SMITH"},{"floor":32,"key":"REST"}],"circlet_count":0,"master_deck":["AscendersBane","Strike_B","Strike_B+1","Strike_B","Strike_B","Defend_B","Defend_B","Defend_B","Defend_B","Zap+1","Dualcast","Rip and Tear+1","Genetic Algorithm+1","Compile Driver","Static Discharge+1","Ball Lightning","Seek","Electrodynamics","CurseOfTheBell","Heatsinks+1","BootSequence","Necronomicurse","Doom and Gloom+1","Turbo","White Noise","Storm+1"],"relics":["Cracked Core","Bird Faced Urn","Juzu Bracelet","Oddly Smooth Stone","Darkstone Periapt","Calling Bell","Ancient Tea Set","Frozen Egg 2","Unceasing Top","WarpedTongs","Necronomicon","Calipers","Whetstone"],"acts_visited":["Exordium","TheCity"],"potions_floor_usage":[28,33],"damage_taken":[{"damage":2.0,"enemies":"2 Louse","floor":1.0,"turns":4.0},{"damage":10.0,"enemies":"Jaw Worm","floor":4.0,"turns":4.0},{"damage":0.0,"enemies":"Small Slimes","floor":7.0,"turns":2.0},{"damage":35.0,"enemies":"3 Sentries","floor":8.0,"turns":5.0},{"damage":32.0,"enemies":"Hexaghost","floor":16.0,"turns":5.0},{"damage":20.0,"enemies":"Spheric Guardian","floor":18.0,"turns":4.0},{"damage":9.0,"enemies":"3 Byrds","floor":19.0,"turns":2.0},{"damage":22.0,"enemies":"Snecko","floor":21.0,"turns":5.0},{"damage":2.0,"enemies":"Chosen and Byrds","floor":27.0,"turns":4.0},{"damage":35,"enemies":"Slavers","floor":28,"turns":4},{"damage":0,"enemies":"Centurion and Healer","floor":30,"turns":2},{"damage":74,"enemies":"Automaton","floor":33,"turns":6}],"seed_played":"9073099275189375280","potions_obtained":[{"floor":1.0,"key":"EssenceOfSteel"},{"floor":4.0,"key":"SkillPotion"},{"floor":19.0,"key":"Fire Potion"},{"floor":21.0,"key":"Swift Potion"},{"floor":27.0,"key":"EssenceOfSteel"},{"floor":30,"key":"EssenceOfDarkness"}],"is_trial":false,"path_per_floor":["M","$","?","M","?","R","M","E","T","$","R","$","R","T","R","B",null,"M","M","?","M","?","R","$","R","T","M","E","?","M","?","R","B"],"character_chosen":"DEFECT","items_purchased":["Genetic Algorithm","Compile Driver","Seek","Doom and Gloom"],"campfire_rested":3,"item_purchase_floors":[2,2,10,24],"current_hp_per_floor":[62,62,67,57,46,46,48,15,15,15,35,35,35,35,35,5,59,43,38,44,28,13,39,39,39,39,41,8,8,10,10,36,0,0],"gold":12,"neow_bonus":"ONE_RARE_RELIC","is_daily":false,"chose_seed":false,"campfire_upgraded":4,"win_rate":0.0,"timestamp":1609196188,"path_taken":["M","$","?","M","?","R","M","E","T","$","R","$","R","?","R","BOSS","M","M","?","M","?","R","$","R","T","M","E","?","M","?","R","BOSS"],"items_purchased_type":["Card","Card","Card","Card"],"build_version":"2020-12-22","purchased_purges":1,"victory":false,"max_hp_per_floor":[64,64,69,69,69,69,69,69,69,69,69,69,69,69,69,69,75,75,75,81,81,87,87,87,87,87,87,87,87,87,87,87,87,87],"relic_stats":{"Darkstone Periapt":18,"counters":[12,47],"Bird Faced Urn":[38],"Juzu Bracelet":1,"Necronomicon":[5],"Whetstone":["Strike_B","Rip and Tear"],"obtain_stats":[{"Darkstone Periapt":14,"Calipers":26,"Oddly Smooth Stone":9,"Juzu Bracelet":8,"Whetstone":28,"Frozen Egg 2":17,"Ancient Tea Set":17,"WarpedTongs":20,"Calling Bell":17,"Bird Faced Urn":0,"Necronomicon":22,"Cracked Core":0,"Unceasing Top":17},{"Darkstone Periapt":4,"Calipers":8,"Oddly Smooth Stone":4,"Juzu Bracelet":4,"Whetstone":10,"Frozen Egg 2":5,"Ancient Tea Set":5,"WarpedTongs":7,"Calling Bell":5,"Bird Faced Urn":0,"Necronomicon":8,"Cracked Core":0,"Unceasing Top":5},{"Darkstone Periapt":15,"Calipers":31,"Oddly Smooth Stone":15,"Juzu Bracelet":15,"Whetstone":39,"Frozen Egg 2":20,"Ancient Tea Set":20,"WarpedTongs":26,"Calling Bell":20,"Bird Faced Urn":0,"Necronomicon":31,"Cracked Core":0,"Unceasing Top":20}],"Unceasing Top":[0],"WarpedTongs":[21]},"card_choices":[{"not_picked":["Loop","White Noise"],"picked":"Rip and Tear","floor":1.0},{"not_picked":["Beam Cell","Lockon"],"picked":"Static Discharge","floor":4.0},{"not_picked":["Leap","Cold Snap"],"picked":"Ball Lightning","floor":7.0},{"not_picked":["Fusion","Redo","Streamline"],"picked":"SKIP","floor":8.0},{"not_picked":["Rainbow","Amplify"],"picked":"Electrodynamics","floor":16.0},{"not_picked":["Barrage","Steam"],"picked":"Heatsinks+1","floor":18.0},{"not_picked":["Rainbow","Gash","Ball Lightning"],"picked":"SKIP","floor":19.0},{"not_picked":["Aggregate","Barrage"],"picked":"BootSequence","floor":21.0},{"not_picked":["Streamline","Sweeping Beam"],"picked":"Turbo","floor":27.0},{"not_picked":["Cold Snap","Barrage"],"picked":"White Noise","floor":28},{"not_picked":["Cold Snap","Barrage+1"],"picked":"Storm+1","floor":30}],"player_experience":1124879,"relics_obtained":[{"floor":8.0,"key":"Juzu Bracelet"},{"floor":9.0,"key":"Oddly Smooth Stone"},{"floor":14.0,"key":"Darkstone Periapt"},{"floor":17.0,"key":"Ancient Tea Set"},{"floor":17.0,"key":"Frozen Egg 2"},{"floor":17.0,"key":"Unceasing Top"},{"floor":22.0,"key":"Necronomicon"},{"floor":26.0,"key":"Calipers"},{"floor":28,"key":"Whetstone"}],"event_choices":[{"damage_healed":0.0,"max_hp_gain":5.0,"max_hp_loss":0.0,"gold_gain":0.0,"event_name":"Big Fish","player_choice":"Donut","floor":3.0,"gold_loss":0.0,"damage_taken":0.0},{"damage_healed":0.0,"max_hp_gain":0.0,"max_hp_loss":0.0,"gold_gain":75.0,"event_name":"World of Goop","player_choice":"Gather Gold","floor":5.0,"gold_loss":0.0,"damage_taken":11.0},{"damage_healed":0.0,"max_hp_gain":0.0,"max_hp_loss":0.0,"gold_gain":0.0,"event_name":"Accursed Blacksmith","player_choice":"Rummage","floor":20.0,"gold_loss":0.0,"damage_taken":0.0,"relics_obtained":["WarpedTongs"],"cards_obtained":["Pain"]},{"damage_healed":0.0,"max_hp_gain":0.0,"max_hp_loss":0.0,"gold_gain":0.0,"event_name":"Cursed Tome","player_choice":"Obtained Book","floor":22.0,"gold_loss":0.0,"damage_taken":21.0},{"damage_healed":0,"gold_gain":0,"player_choice":"Paid Fearfully","damage_taken":0,"max_hp_gain":0,"max_hp_loss":0,"event_name":"Masked Bandits","floor":29,"gold_loss":51},{"damage_healed":0,"gold_gain":0,"player_choice":"Ignored","damage_taken":0,"max_hp_gain":0,"max_hp_loss":0,"event_name":"WeMeetAgain","floor":31,"gold_loss":0}],"is_beta":false,"boss_relics":[{"not_picked":["Astrolabe","Sozu"],"picked":"Calling Bell"}],"items_purged_floors":[24],"is_endless":false,"potions_floor_spawned":[1,4,19,21,27,30],"killed_by":"Automaton","ascension_level":20}}