{"host":"j3h0p3l2xgzxhnx7","time":1609145828,"event":{"mods":["BaseMod","Luminous","Marisa????????","Minty Spire (QoL Compilation)","StSLib","The Bug Knight","The Cursed","The Servant 0.9.4"],"gold_per_floor":[118,134,151,151,125,125,145,160,160,160,178,206,206,216,216,318,368,380,74,173,173,191,222,232,242,242,242,252,34,59,59,59,59,59],"floor_reached":33,"playtime":2620,"items_purged":["Strike_S"],"score":269,"play_id":"aaf7e45d-9143-4d6a-abbe-ddfdb06610b7","local_time":"20201228165708","is_ascension_mode":false,"campfire_choices":[{"data":"Ricochet","floor":6,"key":"SMITH"},{"floor":10,"key":"REST"},{"floor":13,"key":"REST"},{"floor":15,"key":"REST"},{"floor":32,"key":"REST"}],"circlet_count":0,"master_deck":["Strike_S+1","Strike_S+1","Strike_S+1","Defend_S+1","Defend_S+1","Defend_S+1","KidneyShot+1","Exchange","ShatteredReality","Rearm+1","Ricochet+1","Unruled","Read","SpecialFormula","Comet","FastForward","TimeWarp","ForgedInTime","Rearm","StarChef","GearUp+1","ShiftingGears","DualDimension+1","Revamp+1","DoubleEdge+1"],"relics":["Uniform","PreservedInsect","Juzu Bracelet","Tiny House","Pen Nib","Strawberry","Bottled Flame","Letter Opener","HandDrill","Nunchaku"],"acts_visited":["Exordium","TheCity"],"potions_floor_usage":[16,23,23,25,33,33,33],"damage_taken":[{"damage":1,"enemies":"Cultist","floor":1,"turns":4},{"damage":0,"enemies":"Small Slimes","floor":2,"turns":3},{"damage":1,"enemies":"Jaw Worm","floor":3,"turns":4},{"damage":17,"enemies":"Large Slime","floor":7,"turns":6},{"damage":16,"enemies":"Blue Slaver","floor":8,"turns":3},{"damage":9,"enemies":"Red Slaver","floor":11,"turns":4},{"damage":20,"enemies":"Gremlin Nob","floor":12,"turns":4},{"damage":0,"enemies":"Large Slime","floor":14,"turns":6},{"damage":19,"enemies":"Hexaghost","floor":16,"turns":13},{"damage":20,"enemies":"2 Thieves","floor":18,"turns":4},{"damage":6,"enemies":"Chosen","floor":22,"turns":8},{"damage":25,"enemies":"Book of Stabbing","floor":23,"turns":6},{"damage":26,"enemies":"Snake Plant","floor":24,"turns":9},{"damage":12,"enemies":"Snecko","floor":25,"turns":7},{"damage":0,"enemies":"Chosen and Byrds","floor":28,"turns":12},{"damage":97,"enemies":"Automaton","floor":33,"turns":18}],"seed_played":"8752906437289698778","potions_obtained":[{"floor":3,"key":"Weak Potion"},{"floor":7,"key":"SpeedPotion"},{"floor":8,"key":"AttackPotion"},{"floor":16,"key":"DistilledChaos"},{"floor":17,"key":"LiquidBronze"},{"floor":23,"key":"Fire Potion"},{"floor":25,"key":"SteroidPotion"},{"floor":28,"key":"Regen Potion"}],"is_trial":false,"path_per_floor":["M","M","M","?","$","R","M","M","T","R","M","E","R","M","R","B",null,"M","$","?","?","M","E","M","M","T","?","M","$","T","?","R","B"],"character_chosen":"THE_SERVANT","items_purchased":["Unruled","Pen Nib","Strawberry","HandDrill"],"campfire_rested":4,"item_purchase_floors":[5,19,19,29],"current_hp_per_floor":[64,64,63,63,63,63,46,30,30,49,45,25,44,49,65,51,70,55,62,62,62,61,41,20,13,13,38,38,38,38,38,61,0,0],"gold":59,"neow_bonus":"UPGRADE_CARD","is_daily":false,"chose_seed":false,"campfire_upgraded":1,"win_rate":0.0,"timestamp":1609145828,"path_taken":["M","M","?","?","?","R","?","M","T","R","M","E","R","M","R","BOSS","M","$","?","?","M","E","M","M","T","?","M","$","?","?","R","BOSS"],"items_purchased_type":["Card","Relic","Relic","Relic"],"build_version":"2020-12-22","purchased_purges":1,"victory":false,"max_hp_per_floor":[65,65,65,65,65,65,65,65,65,65,65,65,65,65,65,65,70,70,77,77,77,77,77,77,77,77,77,77,77,77,77,77,77,77],"card_choices":[{"not_picked":["Revamp","FanOfKnives"],"picked":"ShatteredReality","floor":1},{"not_picked":["Revamp","ReturningBlade"],"picked":"Rearm","floor":2},{"not_picked":["Barrier","BottledTime"],"picked":"Ricochet","floor":3},{"not_picked":["Ricochet","Sabotage"],"picked":"Read","floor":7},{"not_picked":["Advance","Comet"],"picked":"SpecialFormula","floor":8},{"not_picked":["Rearm","Replace"],"picked":"Comet","floor":11},{"not_picked":["Desolation","Replace"],"picked":"FastForward","floor":12},{"not_picked":["Unruled","RealityMarble"],"picked":"TimeWarp","floor":14},{"not_picked":["Solidify","Duplication"],"picked":"ForgedInTime","floor":16},{"not_picked":["SpecialFormula","Ricochet"],"picked":"Rearm","floor":17},{"not_picked":["Rewind","Potential"],"picked":"StarChef","floor":18},{"not_picked":["ShatteredReality","FastForward+1"],"picked":"GearUp+1","floor":22},{"not_picked":["Potential+1","Rearm"],"picked":"ShiftingGears","floor":23},{"not_picked":["Advance","Rewind"],"picked":"DualDimension+1","floor":24},{"not_picked":["Advance","StarChef"],"picked":"Revamp+1","floor":25},{"not_picked":["Spin+1","Rearm+1"],"picked":"DoubleEdge+1","floor":28}],"player_experience":6986,"relics_obtained":[{"floor":9,"key":"PreservedInsect"},{"floor":12,"key":"Juzu Bracelet"},{"floor":23,"key":"Bottled Flame"},{"floor":26,"key":"Letter Opener"},{"floor":30,"key":"Nunchaku"}],"event_choices":[{"cards_removed":["Defend_S"],"damage_healed":0,"gold_gain":0,"player_choice":"Purged","damage_taken":0,"max_hp_gain":0,"max_hp_loss":0,"event_name":"Purifier","floor":4,"gold_loss":0},{"damage_healed":0,"gold_gain":99,"player_choice":"Stole From Cult","damage_taken":0,"max_hp_gain":0,"max_hp_loss":0,"event_name":"Nest","floor":20,"gold_loss":0},{"damage_healed":0,"gold_gain":0,"player_choice":"Ignored","damage_taken":0,"max_hp_gain":0,"max_hp_loss":0,"event_name":"Vampires","floor":21,"gold_loss":0},{"damage_healed":25,"gold_gain":0,"player_choice":"Heal","damage_taken":0,"max_hp_gain":0,"max_hp_loss":0,"event_name":"The Library","floor":27,"gold_loss":0},{"damage_healed":0,"gold_gain":0,"player_choice":"Simplicity","damage_taken":0,"max_hp_gain":0,"max_hp_loss":0,"event_name":"Back to Basics","floor":31,"gold_loss":0,"cards_upgraded":["Strike_S","Strike_S","Strike_S","Defend_S","Defend_S","Defend_S"]}],"is_beta":false,"boss_relics":[{"not_picked":["Velvet Choker","Snecko Eye"],"picked":"Tiny House"}],"items_purged_floors":[29],"is_endless":false,"potions_floor_spawned":[3,7,8,16,23,25,28],"killed_by":"Automaton","ascension_level":0}}