{"host":"5fasz840ryq7obdf","time":1609176791,"event":{"mods":["AchievementEnabler","BaseMod","Bestiary","Better Altar","Better Skull","Better Third Choice","BetterRewards","Block Reminder","Colored Powertips","Curses Come First","Highlight Path","Minty Spire (QoL Compilation)","Quick Restart","Rare Cards Sparkle","Relic Sorter","Relic Stats","Shop Mod","Slay-I","Spicy Shops","StSLib","SuperFastMode"],"gold_per_floor":[113,129,21,21,21,21,21,46,46,88,44,74,115,149,149,232,232,265,265,265,40,40,78,98,122,122,163,196,196,24,55,67,163,175,217,229,259,271,308,320,369,381,393,442,470,503,544,590,602,614,614],"floor_reached":50,"playtime":3529,"items_purged":["Strike_B","Strike_B","Strike_B"],"score":1408,"play_id":"2ca31888-62ed-42ae-8c38-855629a2e19e","local_time":"20201228173311","is_ascension_mode":true,"campfire_choices":[{"floor":7.0,"key":"REST"},{"data":"Buffer","floor":15.0,"key":"SMITH"},{"data":"Reinforced Body","floor":29.0,"key":"SMITH"},{"data":"Defragment","floor":32.0,"key":"SMITH"},{"data":"Zap","floor":40.0,"key":"SMITH"},{"data":"Dualcast","floor":42.0,"key":"SMITH"},{"data":"Reinforced Body","floor":49,"key":"SMITH"}],"circlet_count":0,"master_deck":["AscendersBane","Defend_B","Defend_B","Defend_B","Defend_B+1","Zap+1","Dualcast+1","Ball Lightning","Storm","FTL","Reinforced Body+1","Go for the Eyes","Hologram","Steam","Steam","Go for the Eyes","Self Repair","Reinforced Body+1","Conserve Battery","Streamline","Defragment+1","Self Repair","Buffer+1","Multi-Cast+1","Go for the Eyes+1","Hologram+1","BootSequence","Genetic Algorithm","Seek+1","Compile Driver","Turbo+1","Seek+1","Darkness+1","Self Repair","Doom and Gloom","Lockon","Hologram+1","Loop+1","Leap+1"],"relics":["Cracked Core","Mummified Hand","Prayer Wheel","Orrery","CeramicFish","Vajra","Anchor","Symbiotic Virus","Odd Mushroom","Sundial","Coffee Dripper","Bloody Idol","War Paint","PreservedInsect","Toxic Egg 2","Pen Nib","Happy Flower","MawBank","Busted Crown","Centennial Puzzle","Lantern","Bronze Scales","Frozen Egg 2","DataDisk","Torii"],"acts_visited":["Exordium","TheCity","TheBeyond"],"potions_floor_usage":[],"damage_taken":[{"damage":0.0,"enemies":"2 Louse","floor":1.0,"turns":2.0},{"damage":4.0,"enemies":"Small Slimes","floor":2.0,"turns":3.0},{"damage":10.0,"enemies":"Lagavulin","floor":8.0,"turns":6.0},{"damage":13.0,"enemies":"Gremlin Nob","floor":10.0,"turns":3.0},{"damage":8.0,"enemies":"The Mushroom Lair","floor":12.0,"turns":3.0},{"damage":1.0,"enemies":"Lagavulin","floor":13.0,"turns":5.0},{"damage":0.0,"enemies":"Jaw Worm","floor":14.0,"turns":3.0},{"damage":8.0,"enemies":"The Guardian","floor":16.0,"turns":10.0},{"damage":3.0,"enemies":"Chosen","floor":18.0,"turns":4.0},{"damage":13.0,"enemies":"Slavers","floor":23.0,"turns":6.0},{"damage":11.0,"enemies":"Spheric Guardian","floor":24.0,"turns":4.0},{"damage":39.0,"enemies":"Gremlin Leader","floor":27.0,"turns":6.0},{"damage":0.0,"enemies":"Snake Plant","floor":28.0,"turns":3.0},{"damage":6.0,"enemies":"Slavers","floor":31.0,"turns":3.0},{"damage":34.0,"enemies":"Collector","floor":33.0,"turns":10.0},{"damage":9.0,"enemies":"Orb Walker","floor":35.0,"turns":5.0},{"damage":1.0,"enemies":"3 Shapes","floor":37.0,"turns":3.0},{"damage":0.0,"enemies":"Jaw Worm Horde","floor":39.0,"turns":5.0},{"damage":14.0,"enemies":"Reptomancer","floor":41.0,"turns":4.0},{"damage":0,"enemies":"Nemesis","floor":44,"turns":5},{"damage":0,"enemies":"Writhing Mass","floor":45,"turns":4},{"damage":3,"enemies":"4 Shapes","floor":46,"turns":3},{"damage":0,"enemies":"Transient","floor":47,"turns":6},{"damage":0,"enemies":"Giant Head","floor":48,"turns":7},{"damage":72,"enemies":"Donu and Deca","floor":50,"turns":8}],"seed_played":"6582408333128136765","potions_obtained":[{"floor":1.0,"key":"FocusPotion"},{"floor":8.0,"key":"SteroidPotion"},{"floor":14.0,"key":"DistilledChaos"},{"floor":27.0,"key":"Dexterity Potion"},{"floor":37.0,"key":"Explosive Potion"},{"floor":39.0,"key":"GamblersBrew"}],"is_trial":false,"path_per_floor":["M","M","$","?","?","?","R","E","T","E","$","?","E","M","R","B",null,"M","?","?","$","?","E","M","T","T","E","M","R","$","E","R","B",null,"M","?","M","?","M","R","E","R","T","E","M","M","M","E","R","B"],"character_chosen":"DEFECT","items_purchased":["Ball Lightning","Mummified Hand","Storm","Prayer Wheel","Orrery","Steam","Self Repair","Conserve Battery","Happy Flower"],"campfire_rested":1,"item_purchase_floors":[0,0,0,0,0,0,3,11,30],"current_hp_per_floor":[32,28,28,28,10,3,24,21,21,15,15,14,20,20,20,26,60,64,25,25,25,25,36,49,54,54,39,61,61,61,67,71,61,70,71,27,50,55,71,71,71,71,71,71,71,71,71,71,71,0,0],"gold":614,"neow_bonus":"","is_daily":false,"chose_seed":false,"campfire_upgraded":6,"win_rate":0.0,"timestamp":1609176791,"path_taken":["M","M","$","?","?","?","R","E","T","E","?","?","E","M","R","BOSS","M","?","?","$","?","E","M","?","T","E","M","R","$","E","R","BOSS","M","?","?","?","M","R","E","R","T","E","M","M","M","E","R","BOSS"],"items_purchased_type":["Card","Relic","Card","Relic","Relic","Card","Card","Card","Relic"],"build_version":"2020-12-22","purchased_purges":3,"victory":false,"max_hp_per_floor":[71,71,71,71,71,71,71,71,71,71,71,71,71,71,71,71,71,71,71,71,71,71,71,71,71,71,71,71,71,71,71,71,71,71,71,71,71,71,71,71,71,71,71,71,71,71,71,71,71,71,71],"relic_stats":{"Happy Flower":[21],"Torii":1,"counters":[34,153],"CeramicFish":198,"PreservedInsect":330,"Pen Nib":[7],"War Paint":["Defend_B","Multi-Cast"],"MawBank":228,"Centennial Puzzle":[12],"Busted Crown":30,"Mummified Hand":[79],"Sundial":[4],"Bloody Idol":102,"Bronze Scales":[103],"Prayer Wheel":12,"obtain_stats":[{"Lantern":36,"Torii":48,"CeramicFish":0,"Vajra":8,"Blood Vial":6,"Centennial Puzzle":36,"Mummified Hand":0,"Sundial":13,"Prayer Wheel":0,"Replay:Antivirus Software":2,"Replay:Wax Seal":5,"Toxic Egg 2":26,"Cracked Core":0,"Happy Flower":30,"PreservedInsect":9,"Pen Nib":27,"Frozen Egg 2":0,"Odd Mushroom":12,"War Paint":23,"MawBank":31,"Anchor":9,"DataDisk":44,"Busted Crown":34,"Bronze Scales":0,"Ring of Misfortune":2,"Bloody Idol":19,"Orrery":0,"Ring of Fury":2,"Coffee Dripper":17,"Membership Card":0,"Symbiotic Virus":10},{"Lantern":25,"Torii":33,"CeramicFish":3,"Vajra":12,"Blood Vial":6,"Centennial Puzzle":25,"Mummified Hand":9,"Sundial":15,"Prayer Wheel":9,"Replay:Antivirus Software":1,"Replay:Wax Seal":5,"Toxic Egg 2":20,"Cracked Core":0,"Happy Flower":22,"PreservedInsect":7,"Pen Nib":21,"Frozen Egg 2":0,"Odd Mushroom":14,"War Paint":19,"MawBank":23,"Anchor":12,"DataDisk":29,"Busted Crown":24,"Bronze Scales":0,"Ring of Misfortune":4,"Bloody Idol":18,"Orrery":9,"Ring of Fury":4,"Coffee Dripper":17,"Membership Card":3,"Symbiotic Virus":13},{"Lantern":108,"Torii":145,"CeramicFish":10,"Vajra":43,"Blood Vial":22,"Centennial Puzzle":108,"Mummified Hand":32,"Sundial":54,"Prayer Wheel":32,"Replay:Antivirus Software":3,"Replay:Wax Seal":16,"Toxic Egg 2":81,"Cracked Core":0,"Happy Flower":90,"PreservedInsect":25,"Pen Nib":87,"Frozen Egg 2":0,"Odd Mushroom":49,"War Paint":77,"MawBank":93,"Anchor":43,"DataDisk":125,"Busted Crown":103,"Bronze Scales":0,"Ring of Misfortune":14,"Bloody Idol":71,"Orrery":32,"Ring of Fury":14,"Coffee Dripper":67,"Membership Card":10,"Symbiotic Virus":46}]},"card_choices":[{"not_picked":["Stack","Compile Driver"],"picked":"FTL","floor":0.0},{"not_picked":["Thunder Strike","Loop"],"picked":"Reinforced Body","floor":0.0},{"not_picked":["Melter","Streamline"],"picked":"Go for the Eyes","floor":0.0},{"not_picked":["Gash","Beam Cell"],"picked":"Hologram","floor":0.0},{"not_picked":["Turbo","Leap"],"picked":"Steam","floor":1.0},{"not_picked":["Turbo","Fusion","Aggregate"],"picked":"SKIP","floor":1.0},{"not_picked":["Barrage","Darkness"],"picked":"Go for the Eyes","floor":2.0},{"not_picked":["Barrage","Rip and Tear","Beam Cell"],"picked":"SKIP","floor":2.0},{"not_picked":["Auto Shields","Blizzard","Rebound"],"picked":"SKIP","floor":8.0},{"not_picked":["Force Field","Compile Driver"],"picked":"Reinforced Body","floor":10.0},{"not_picked":["Aggregate","Gash"],"picked":"Streamline","floor":12.0},{"not_picked":["Doom and Gloom","Darkness"],"picked":"Defragment","floor":13.0},{"not_picked":["Chaos","Streamline"],"picked":"Self Repair","floor":14.0},{"not_picked":["Recycle","Turbo"],"picked":"Buffer","floor":14.0},{"not_picked":["Thunder Strike","Hyperbeam"],"picked":"Multi-Cast","floor":16.0},{"not_picked":["Double Energy","Sweeping Beam"],"picked":"Go for the Eyes","floor":18.0},{"not_picked":["Leap","Turbo"],"picked":"Hologram+1","floor":18.0},{"not_picked":["Ball Lightning+1","Go for the Eyes"],"picked":"BootSequence","floor":23.0},{"not_picked":["Heatsinks","Turbo"],"picked":"Genetic Algorithm","floor":24.0},{"not_picked":["Tempest","Stack","Rip and Tear"],"picked":"SKIP","floor":24.0},{"not_picked":["Genetic Algorithm+1","Gash"],"picked":"Seek+1","floor":27.0},{"not_picked":["Turbo+1","Coolheaded+1"],"picked":"Compile Driver","floor":28.0},{"not_picked":["Cold Snap","Sweeping Beam"],"picked":"Turbo+1","floor":28.0},{"not_picked":["Sweeping Beam","Storm","Rip and Tear"],"picked":"SKIP","floor":31.0},{"not_picked":["Thunder Strike","Rainbow+1"],"picked":"Seek+1","floor":33.0},{"not_picked":[],"picked":"Darkness+1","floor":35.0},{"not_picked":[],"picked":"Self Repair","floor":35.0},{"not_picked":["White Noise+1"],"picked":"SKIP","floor":37.0},{"not_picked":["Sweeping Beam"],"picked":"SKIP","floor":37.0},{"not_picked":[],"picked":"Doom and Gloom","floor":39.0},{"not_picked":["Storm"],"picked":"SKIP","floor":39.0},{"not_picked":[],"picked":"Lockon","floor":41.0},{"not_picked":[],"picked":"Hologram+1","floor":44},{"not_picked":["Sweeping Beam"],"picked":"SKIP","floor":45},{"not_picked":["Rip and Tear+1"],"picked":"SKIP","floor":45},{"not_picked":[],"picked":"Loop+1","floor":46},{"not_picked":["Compile Driver"],"picked":"SKIP","floor":46},{"not_picked":[],"picked":"Leap+1","floor":47},{"not_picked":["Beam Cell"],"picked":"SKIP","floor":47},{"not_picked":["Blizzard"],"picked":"SKIP","floor":48}],"player_experience":1229161,"relics_obtained":[{"floor":8.0,"key":"Vajra"},{"floor":9.0,"key":"Anchor"},{"floor":10.0,"key":"Symbiotic Virus"},{"floor":12.0,"key":"Odd Mushroom"},{"floor":13.0,"key":"Sundial"},{"floor":23.0,"key":"War Paint"},{"floor":25.0,"key":"PreservedInsect"},{"floor":26.0,"key":"Toxic Egg 2"},{"floor":27.0,"key":"Pen Nib"},{"floor":31.0,"key":"MawBank"},{"floor":41.0,"key":"Frozen Egg 2"},{"floor":44,"key":"DataDisk"},{"floor":48,"key":"Torii"}],"event_choices":[{"damage_healed":28.0,"max_hp_gain":0.0,"max_hp_loss":71.0,"gold_gain":0.0,"event_name":"betterThird:BetterShining","player_choice":"Embrace Burn","floor":4.0,"gold_loss":0.0,"damage_taken":0.0},{"damage_healed":0.0,"max_hp_gain":0.0,"max_hp_loss":0.0,"gold_gain":0.0,"event_name":"betterThird:BetterScrap","player_choice":"Relic ","floor":5.0,"gold_loss":0.0,"damage_taken":18.0,"cards_obtained":["Vengeance"]},{"cards_removed":["Burn"],"damage_healed":0.0,"max_hp_gain":0.0,"max_hp_loss":0.0,"gold_gain":0.0,"event_name":"Golden Wing","player_choice":"Card Removal","floor":6.0,"gold_loss":0.0,"damage_taken":7.0},{"damage_healed":0.0,"max_hp_gain":0.0,"max_hp_loss":0.0,"gold_gain":0.0,"event_name":"Mushrooms","player_choice":"Fought Mushrooms","floor":12.0,"gold_loss":0.0,"damage_taken":0.0},{"damage_healed":0.0,"max_hp_gain":64.0,"max_hp_loss":25.0,"gold_gain":0.0,"event_name":"betterAltar:BetterAltar","player_choice":" Idol ","floor":19.0,"potions_obtained":[],"relics_lost":[],"gold_loss":0.0,"damage_taken":39.0,"relics_obtained":["Bloody Idol"]},{"damage_healed":0.0,"max_hp_gain":0.0,"max_hp_loss":0.0,"gold_gain":0.0,"event_name":"Ghosts","player_choice":"Ignored","floor":20.0,"gold_loss":0.0,"damage_taken":0.0},{"cards_removed":["Strike_B"],"damage_healed":0.0,"max_hp_gain":0.0,"max_hp_loss":0.0,"gold_gain":0.0,"event_name":"betterThird:BetterWriting","player_choice":"Elegance","floor":22.0,"gold_loss":0.0,"damage_taken":0.0},{"damage_healed":0.0,"max_hp_gain":0.0,"max_hp_loss":0.0,"gold_gain":0.0,"event_name":"betterSkull:BetterSkull","player_choice":"RE RE UP ","floor":36.0,"gold_loss":0.0,"damage_taken":50.0,"cards_upgraded":["Go for the Eyes"],"relics_obtained":["Centennial Puzzle","Lantern"]},{"damage_healed":0.0,"max_hp_gain":0.0,"max_hp_loss":0.0,"gold_gain":0.0,"event_name":"WeMeetAgain","player_choice":"Gave Potion","floor":38.0,"gold_loss":0.0,"damage_taken":0.0,"relics_obtained":["Bronze Scales"]}],"is_beta":false,"boss_relics":[{"not_picked":["FrozenCore","Calling Bell"],"picked":"Coffee Dripper"},{"not_picked":["Cursed Key","Tiny House"],"picked":"Busted Crown"}],"items_purged_floors":[0,21,21],"is_endless":false,"potions_floor_spawned":[1,8,14,27,28,37,39,41,45],"killed_by":"Donu and Deca","ascension_level":20}}