{"host":"k0kjm4m87pwj4phr","time":1609142547,"event":{"mods":["Arknights The Spire","BaseMod","Colored Map","Colored Powertips","Minty Spire (QoL Compilation)","Permanent Neow","Quick Restart","Relic Stats","StSLib"],"gold_per_floor":[109,109,109,124,136,136,156,167,220,119,119,130,145,178,178,283,283,303,303,319,244,262,290,304,403,429,429,446,463,481,513,513,611,661,679,529,529,529,529],"floor_reached":38,"playtime":1441,"items_purged":["ats:Healing Strengthening"],"score":445,"play_id":"e4b63b0d-3684-4c6d-8598-6a33fb6ed97d","local_time":"20201228160227","is_ascension_mode":false,"campfire_choices":[{"data":"ats:Ambush","floor":6.0,"key":"SMITH"},{"floor":15,"key":"REST"},{"data":"ats:Neurotoxin","floor":27,"key":"SMITH"},{"data":"ats:Poison Spread","floor":32,"key":"SMITH"}],"circlet_count":0,"master_deck":["ats:Armor Crushing Shot","ats:Emotion Absorption+1","ats:Closed Bolt Burst Fire","ats:Wolf Pack","ats:Flexible Camouflage","ats:Neurotoxin+1","ats:Poison Spread+1","ats:Ambush+1","ats:Consecutive Shot Auto","ats:Explosion Area Strengthen","ats:Apocalypse","ats:Disruption Kick","ats:Poison Spread+1","ats:Thorns+1","ats:Wolf Pack","ats:Composite Medical Shells","ats:Dogmatic Field"],"relics":["Pandora\u0027s Box","Omamori","Eternal Feather","ats:Originium","PreservedInsect","Black Star","ats:Originium","Pen Nib","Meat on the Bone","ats:Originium","Shuriken","Anchor","Tiny House","ats:Snipe"],"acts_visited":["Exordium","TheCity","TheBeyond"],"potions_floor_usage":[14,14,33,33,33],"damage_taken":[{"damage":7.0,"enemies":"Small Slimes","floor":1.0,"turns":3.0},{"damage":0.0,"enemies":"Cultist","floor":4.0,"turns":3.0},{"damage":18.0,"enemies":"Jaw Worm","floor":5.0,"turns":3.0},{"damage":0,"enemies":"3 Louse","floor":7,"turns":2},{"damage":24,"enemies":"Blue Slaver","floor":8,"turns":3},{"damage":6,"enemies":"Gremlin Gang","floor":12,"turns":2},{"damage":10,"enemies":"Looter","floor":13,"turns":3},{"damage":0,"enemies":"Gremlin Nob","floor":14,"turns":4},{"damage":16,"enemies":"Slime Boss","floor":16,"turns":8},{"damage":0,"enemies":"Shell Parasite","floor":18,"turns":4},{"damage":3,"enemies":"3 Byrds","floor":20,"turns":3},{"damage":0,"enemies":"Snake Plant","floor":22,"turns":4},{"damage":21,"enemies":"Book of Stabbing","floor":23,"turns":4},{"damage":18,"enemies":"3 Cultists","floor":24,"turns":5},{"damage":9,"enemies":"Sentry and Sphere","floor":28,"turns":4},{"damage":0,"enemies":"Centurion and Healer","floor":29,"turns":5},{"damage":13,"enemies":"Cultist and Chosen","floor":30,"turns":6},{"damage":25,"enemies":"Slavers","floor":31,"turns":4},{"damage":18,"enemies":"Champ","floor":33,"turns":9},{"damage":27,"enemies":"3 Shapes","floor":35,"turns":4},{"damage":124,"enemies":"Time Eater","floor":38,"turns":7}],"seed_played":"-5232866970963968669","potions_obtained":[{"floor":1.0,"key":"Block Potion"},{"floor":5.0,"key":"Energy Potion"},{"floor":8,"key":"FairyPotion"},{"floor":16,"key":"SpeedPotion"},{"floor":28,"key":"SteroidPotion"},{"floor":29,"key":"EntropicBrew"},{"floor":33,"key":"SteroidPotion"}],"is_trial":false,"path_per_floor":["M","?","?","M","M","R","M","M","T","$","?","M","M","E","R","B",null,"M","?","M","?","M","E","M","?","T","R","M","M","M","E","R","B",null,"M","$","?","B"],"character_chosen":"DOCTOR_CLASS","items_purchased":["ats:Explosion Area Strengthen","ats:Snipe"],"campfire_rested":1,"item_purchase_floors":[10,36],"current_hp_per_floor":[67,60,60,60,42,42,42,18,18,18,18,12,2,2,29,13,72,72,72,69,69,69,48,42,42,42,48,43,51,46,33,42,40,77,50,50,50,0,0],"gold":529,"neow_bonus":"BOSS_RELIC","is_daily":false,"chose_seed":false,"campfire_upgraded":3,"win_rate":0.0,"timestamp":1609142547,"path_taken":["M","?","?","M","?","R","M","M","T","?","?","M","M","E","R","BOSS","M","?","M","?","M","E","M","?","T","R","M","M","M","E","R","BOSS","M","$","?","BOSS"],"items_purchased_type":["Card","Relic"],"build_version":"2020-12-22","purchased_purges":1,"victory":false,"max_hp_per_floor":[72,72,72,72,72,72,72,72,72,72,72,72,72,72,72,72,72,72,72,72,72,72,72,72,72,72,72,72,72,72,72,72,72,77,77,77,77,77,77],"relic_stats":{"counters":[21,90],"Shuriken":[4],"Pandora\u0027s Box":["ats:Closed Bolt Burst Fire","ats:Wolf Pack","ats:Roar Of Ursus","ats:Healing Strengthening","ats:Sunburst","ats:Flexible Camouflage","ats:Directed Diagnosis","ats:Dogmatic Field"],"Eternal Feather":21,"PreservedInsect":80,"Pen Nib":[7],"Black Star":2,"obtain_stats":[{"Tiny House":34,"Eternal Feather":11,"ats:Snipe":36,"PreservedInsect":14,"Pen Nib":23,"Omamori":9,"Anchor":31,"ats:Originium":14,"Shuriken":31,"Pandora\u0027s Box":0,"Black Star":17,"ats:Sanity":0,"Meat on the Bone":23},{"Tiny House":19,"Eternal Feather":5,"ats:Snipe":20,"PreservedInsect":8,"Pen Nib":13,"Omamori":5,"Anchor":18,"ats:Originium":8,"Shuriken":18,"Pandora\u0027s Box":0,"Black Star":9,"ats:Sanity":0,"Meat on the Bone":13},{"Tiny House":79,"Eternal Feather":14,"ats:Snipe":83,"PreservedInsect":23,"Pen Nib":46,"Omamori":14,"Anchor":70,"ats:Originium":23,"Shuriken":70,"Pandora\u0027s Box":0,"Black Star":31,"ats:Sanity":0,"Meat on the Bone":46}],"Meat on the Bone":36},"card_choices":[{"not_picked":["ats:LN2 Cannon","ats:Revitalization"],"picked":"ats:Neurotoxin","floor":1.0},{"not_picked":["ats:Apocalypse","ats:Shell Defense"],"picked":"ats:Poison Spread","floor":4.0},{"not_picked":["ats:Hook Shot","ats:Assault Order"],"picked":"ats:Ambush","floor":5.0},{"not_picked":["ats:Collapsing Strike","ats:Cat Scratch","ats:Hammer On"],"picked":"SKIP","floor":7},{"not_picked":["ats:Childhood Dance","ats:Ignite"],"picked":"ats:Consecutive Shot Auto","floor":8},{"not_picked":["ats:Ignite","ats:Closed Bolt Burst Fire","ats:Shell Defense"],"picked":"SKIP","floor":12},{"not_picked":["ats:Powerful Strike","ats:Closed Bolt Burst Fire"],"picked":"ats:Apocalypse","floor":13},{"not_picked":["ats:Consecutive Shot Auto","ats:Burning Ground","ats:Explosion Area Strengthen"],"picked":"SKIP","floor":14},{"not_picked":["ats:Durian","ats:Nebulous Foxfire"],"picked":"ats:Disruption Kick","floor":16},{"not_picked":["ats:Explosion Area Strengthen","ats:Magnetic Hammer+1","ats:Mental Burst+1"],"picked":"SKIP","floor":18},{"not_picked":["ats:Directed Diagnosis","ats:Powerful Strike+1"],"picked":"ats:Poison Spread+1","floor":20},{"not_picked":["ats:Cat Scratch","ats:Leaping Hammer+1","ats:Burning Ground"],"picked":"SKIP","floor":22},{"not_picked":["ats:Directed Diagnosis","ats:Defend Order","ats:Hook Shot"],"picked":"SKIP","floor":23},{"not_picked":["ats:Closed Bolt Burst Fire","ats:Childhood Dance"],"picked":"ats:Thorns+1","floor":24},{"not_picked":["ats:Shell Defense","ats:Cat Scratch+1","ats:Burning Ground"],"picked":"SKIP","floor":28},{"not_picked":["ats:Steam Pump","ats:Collapsing Strike","ats:Shell Defense"],"picked":"SKIP","floor":29},{"not_picked":["ats:Flexible Camouflage","ats:Demon Strength"],"picked":"ats:Wolf Pack","floor":30},{"not_picked":["ats:Steam Pump","ats:Revitalization"],"picked":"ats:Composite Medical Shells","floor":31},{"not_picked":["ats:Nebulous Foxfire","ats:Roar Of Ursus"],"picked":"ats:Dogmatic Field","floor":33},{"not_picked":["ats:Counter Healing Mode+1","ats:Assault Order","ats:Magnetic Hammer+1"],"picked":"SKIP","floor":35}],"player_experience":437449,"relics_obtained":[{"floor":9,"key":"Omamori"},{"floor":14,"key":"ats:Originium"},{"floor":14,"key":"PreservedInsect"},{"floor":23,"key":"ats:Originium"},{"floor":23,"key":"Pen Nib"},{"floor":23,"key":"Meat on the Bone"},{"floor":31,"key":"ats:Originium"},{"floor":31,"key":"Shuriken"},{"floor":31,"key":"Anchor"}],"event_choices":[{"cards_removed":["ats:Dogmatic Field"],"damage_healed":0.0,"max_hp_gain":0.0,"max_hp_loss":0.0,"gold_gain":0.0,"event_name":"Golden Wing","player_choice":"Card Removal","floor":2.0,"gold_loss":0.0,"damage_taken":7.0},{"cards_removed":["ats:Directed Diagnosis"],"damage_healed":0.0,"max_hp_gain":0.0,"max_hp_loss":0.0,"gold_gain":0.0,"event_name":"Purifier","player_choice":"Purged","floor":3.0,"gold_loss":0.0,"damage_taken":0.0},{"damage_healed":0,"gold_gain":0,"player_choice":"Box","damage_taken":0,"relics_obtained":["Eternal Feather"],"max_hp_gain":0,"max_hp_loss":0,"event_name":"Big Fish","floor":11,"gold_loss":0,"cards_obtained":["Regret"]},{"cards_removed":["ats:Roar Of Ursus"],"damage_healed":0,"gold_gain":0,"player_choice":"Elegance","damage_taken":0,"max_hp_gain":0,"max_hp_loss":0,"event_name":"Back to Basics","floor":19,"gold_loss":0},{"cards_removed":["ats:Sunburst"],"damage_healed":0,"gold_gain":0,"player_choice":"Gave Gold","damage_taken":0,"max_hp_gain":0,"max_hp_loss":0,"event_name":"Beggar","floor":21,"gold_loss":75},{"damage_healed":0,"gold_gain":99,"player_choice":"Stole From Cult","damage_taken":0,"max_hp_gain":0,"max_hp_loss":0,"event_name":"Nest","floor":25,"gold_loss":0},{"damage_healed":0,"gold_gain":0,"player_choice":"Took Portal","damage_taken":0,"max_hp_gain":0,"max_hp_loss":0,"event_name":"SecretPortal","floor":37,"gold_loss":0}],"is_beta":false,"boss_relics":[{"not_picked":["SlaversCollar","Coffee Dripper"],"picked":"Black Star"},{"not_picked":["Philosopher\u0027s Stone","SacredBark"],"picked":"Tiny House"}],"items_purged_floors":[10],"is_endless":false,"potions_floor_spawned":[1,5,8,13,16,28,29,30,33],"killed_by":"Time Eater","ascension_level":0}}