{"host":"yecadp3kwkksam5a","time":1609138594,"event":{"mods":["Arknights The Spire","BaseMod","Minty Spire (QoL Compilation)","StSLib","The Hierophant"],"gold_per_floor":[114,131,141,141,141,175,205,230,230,263,293,323,356,369,369,470,470,488,87,98,116,134,166,196,213,213,239,272,302,328,363,363,466,466,477,72,91,109,129,162,189,222,249,283,314,343,373,151,151,246,246,265,215,142,142,142,174,203,228,228,262,280,280,314,118,118,221,271,283,283,210,237,187,217,242,261,291,291,291,291],"floor_reached":79,"playtime":6508,"items_purged":["ats:Shadow Raid","ats:Leaping Hammer","ats:Song Of Battle","ats:Apocalypse"],"score":2529,"play_id":"54d11294-ed69-4349-b227-f6eff8295674","local_time":"20201228155634","daily_mods":["Draft","Vintage","Heirloom","Time Dilation","Flight","Elite Swarm"],"is_ascension_mode":false,"campfire_choices":[{"data":"ats:Ambush","floor":15,"key":"SMITH"},{"data":"ats:Neurotoxin","floor":32,"key":"SMITH"},{"data":"ats:Assault Order","floor":49,"key":"SMITH"},{"floor":66,"key":"REST"}],"circlet_count":0,"master_deck":["ats:Powerful Strike","ats:Poison Spread","ats:Assault Order+1","ats:Closed Bolt Burst Fire","ats:Poison Spread","ats:Support Order","ats:Neurotoxin+1","ats:Powerful Strike","ats:Ambush+1","ats:Wolf Pack","ats:Wolf Pack","ats:Roar Of Ursus","ats:Roar Of Ursus","ats:Wolf Pack","Thinking Ahead+1","ats:Wolf Pack","ats:Wolf Pack+1","ats:Wolf Pack+1","ats:Wolf Pack+1","ats:Wolf Pack+1","ats:Wolf Pack+1","Finesse+1","ats:Wolf Pack+1","ats:Mental Burst+1","ats:Leaping Hammer+1","ats:Wolf Pack+1","ats:Poison Spread+1","ats:Poison Spread+1","ats:Poison Spread+1","ats:Overload+1"],"relics":["ats:Sanity","Du-Vu Doll","Dead Branch","ats:Ability Aura","Ornamental Fan","Question Card","ats:Originium","Bottled Tornado","ats:Originium","FossilizedHelix","ats:Originium","Dream Catcher","Pocketwatch","ats:Originium","Pantograph","Turnip","Torii","ats:Rhine Circuitry","Toxic Egg 2","SlaversCollar","Unceasing Top","ats:Cure","Bag of Preparation","Shuriken","Pear","Lantern","Lizard Tail","Kunai","Gremlin Horn","ats:Industrial Water Cannon","Molten Egg 2","Darkstone Periapt","Ancient Tea Set","Singing Bowl","Philosopher\u0027s Stone","Strawberry","OrangePellets","Tiny Chest","Ginger","Bronze Scales","Shovel","Akabeko","ats:Military Tradition","Boot","Potion Belt","Centennial Puzzle","Toy Ornithopter","Nunchaku","White Beast Statue","Runic Pyramid","Thread and Needle","InkBottle","Meat on the Bone","Tiny House","ats:Lavender","Letter Opener"],"acts_visited":["Exordium","TheCity","TheBeyond","Exordium","TheCity"],"potions_floor_usage":[],"damage_taken":[{"damage":11.0,"enemies":"Jaw Worm","floor":1.0,"turns":2.0},{"damage":0.0,"enemies":"2 Louse","floor":2.0,"turns":1.0},{"damage":0.0,"enemies":"Small Slimes","floor":3.0,"turns":1.0},{"damage":32.0,"enemies":"Lagavulin","floor":6.0,"turns":4.0},{"damage":18.0,"enemies":"3 Sentries","floor":7.0,"turns":4.0},{"damage":0.0,"enemies":"Lagavulin","floor":8.0,"turns":5.0},{"damage":0.0,"enemies":"3 Sentries","floor":10.0,"turns":5.0},{"damage":0.0,"enemies":"Gremlin Nob","floor":11.0,"turns":4.0},{"damage":0.0,"enemies":"Lagavulin","floor":12.0,"turns":5.0},{"damage":0,"enemies":"3 Sentries","floor":13,"turns":5},{"damage":0,"enemies":"Exordium Thugs","floor":14,"turns":3},{"damage":37,"enemies":"Hexaghost","floor":16,"turns":7},{"damage":1,"enemies":"Chosen","floor":18,"turns":5},{"damage":0,"enemies":"Spheric Guardian","floor":20,"turns":5},{"damage":0,"enemies":"Centurion and Healer","floor":21,"turns":5},{"damage":0,"enemies":"Snecko","floor":22,"turns":5},{"damage":0,"enemies":"Book of Stabbing","floor":23,"turns":5},{"damage":0,"enemies":"Gremlin Leader","floor":24,"turns":5},{"damage":0,"enemies":"Shelled Parasite and Fungi","floor":25,"turns":5},{"damage":0,"enemies":"Slavers","floor":27,"turns":4},{"damage":0,"enemies":"Gremlin Leader","floor":28,"turns":5},{"damage":0,"enemies":"Slavers","floor":29,"turns":4},{"damage":0,"enemies":"Book of Stabbing","floor":30,"turns":5},{"damage":6,"enemies":"Gremlin Leader","floor":31,"turns":4},{"damage":0,"enemies":"Automaton","floor":33,"turns":5},{"damage":3,"enemies":"3 Shapes","floor":35,"turns":3},{"damage":0,"enemies":"Orb Walker","floor":37,"turns":3},{"damage":0,"enemies":"Transient","floor":38,"turns":5},{"damage":0,"enemies":"Spire Growth","floor":39,"turns":5},{"damage":0,"enemies":"Nemesis","floor":40,"turns":4},{"damage":0,"enemies":"Reptomancer","floor":41,"turns":3},{"damage":0,"enemies":"Giant Head","floor":42,"turns":6},{"damage":0,"enemies":"Nemesis","floor":44,"turns":4},{"damage":0,"enemies":"Reptomancer","floor":45,"turns":4},{"damage":0,"enemies":"Nemesis","floor":46,"turns":4},{"damage":0,"enemies":"Giant Head","floor":47,"turns":7},{"damage":0,"enemies":"Donu and Deca","floor":50,"turns":7},{"damage":0,"enemies":"Jaw Worm","floor":52,"turns":2},{"damage":0,"enemies":"Lagavulin","floor":57,"turns":2},{"damage":0,"enemies":"Gremlin Nob","floor":58,"turns":2},{"damage":0,"enemies":"Lagavulin","floor":59,"turns":3},{"damage":0,"enemies":"Gremlin Nob","floor":61,"turns":2},{"damage":0,"enemies":"Small Slimes","floor":62,"turns":1},{"damage":0,"enemies":"3 Sentries","floor":64,"turns":2},{"damage":0,"enemies":"The Guardian","floor":67,"turns":4},{"damage":0,"enemies":"3 Byrds","floor":69,"turns":4},{"damage":0,"enemies":"Slavers","floor":72,"turns":3},{"damage":0,"enemies":"Gremlin Leader","floor":74,"turns":3},{"damage":0,"enemies":"Book of Stabbing","floor":75,"turns":4},{"damage":0,"enemies":"Chosen","floor":76,"turns":2},{"damage":0,"enemies":"Gremlin Leader","floor":77,"turns":3},{"damage":0,"enemies":"Slavers","floor":79,"turns":1}],"seed_played":"-6736788388894566139","potions_obtained":[{"floor":1.0,"key":"FearPotion"},{"floor":7.0,"key":"Explosive Potion"},{"floor":10.0,"key":"SkillPotion"},{"floor":44,"key":"Weak Potion"},{"floor":47,"key":"Strength Potion"}],"is_trial":true,"path_per_floor":["M","M","M","?","T","E","E","E","T","E","E","E","E","M","R","B",null,"M","$","M","M","M","E","E","M","T","E","E","E","E","E","R","B",null,"M","$","M","M","M","E","E","E","T","E","E","E","E","$","R","B",null,"M","?","$","?","?","E","E","E","T","E","M","$","E","$","R","B",null,"M","$","$","E","?","E","E","M","E","$","E"],"character_chosen":"DOCTOR_CLASS","items_purchased":["Thinking Ahead+1","ats:Cure","OrangePellets","Tiny Chest","Finesse+1","ats:Mental Burst+1","ats:Poison Spread+1","ats:Overload+1"],"campfire_rested":1,"item_purchase_floors":[19,19,36,36,48,54,65,71],"current_hp_per_floor":[61,61,65,58,58,34,24,36,36,46,50,66,72,72,72,43,72,72,72,72,72,82,82,82,82,82,82,82,82,82,82,82,86,86,90,90,90,93,93,95,97,99,99,99,99,101,101,101,101,101,101,101,101,101,101,101,103,105,107,107,109,109,109,109,109,109,111,116,116,116,116,118,118,120,122,122,124,124,124,124],"gold":291,"neow_bonus":"","is_daily":false,"chose_seed":false,"campfire_upgraded":3,"win_rate":0.0,"timestamp":1609138594,"path_taken":["M","M","M","?","?","E","E","E","T","E","E","E","E","M","R","BOSS","M","$","M","M","M","E","E","M","T","E","E","E","E","E","R","BOSS","M","$","M","M","M","E","E","E","T","E","E","E","E","$","R","BOSS","M","?","$","?","?","E","E","E","T","E","M","$","E","$","R","BOSS","M","$","$","?","?","E","E","?","E","?","E"],"items_purchased_type":["Card","Relic","Relic","Relic","Card","Card","Card","Card"],"build_version":"2020-12-22","purchased_purges":4,"victory":false,"max_hp_per_floor":[72,72,72,72,72,72,72,72,72,72,72,72,72,72,72,72,72,72,72,72,72,82,82,82,82,82,82,82,82,82,84,84,86,86,93,93,93,93,93,95,97,99,99,99,99,101,101,101,101,101,101,101,101,101,101,101,103,105,107,107,109,109,109,109,109,109,111,116,116,116,116,118,118,120,122,122,124,124,124,124],"card_choices":[{"not_picked":["ats:Very Hot Blade","ats:Automatic Cover"],"picked":"ats:Shadow Raid","floor":0.0},{"not_picked":["ats:Ignite","ats:Consecutive Shot Auto"],"picked":"ats:Powerful Strike","floor":0.0},{"not_picked":["ats:Hook Shot","ats:Consecutive Shot Auto"],"picked":"ats:Poison Spread","floor":0.0},{"not_picked":["ats:Hammer On","ats:Soul Absorption"],"picked":"ats:Assault Order","floor":0.0},{"not_picked":["ats:Childhood Dance","ats:Cat Scratch"],"picked":"ats:Closed Bolt Burst Fire","floor":0.0},{"not_picked":["ats:Revitalization","ats:Thermite Blade"],"picked":"ats:Poison Spread","floor":0.0},{"not_picked":["ats:Curse Doll","ats:Flame Of Heaven"],"picked":"ats:Consecutive Shot Auto","floor":0.0},{"not_picked":["ats:Curse Doll","ats:Cat Scratch"],"picked":"ats:Leaping Hammer","floor":0.0},{"not_picked":["ats:Flexible Camouflage","ats:Counter Healing Mode"],"picked":"ats:Apocalypse","floor":0.0},{"not_picked":["ats:Ignite","ats:Powerful Strike"],"picked":"ats:Support Order","floor":0.0},{"not_picked":["ats:Explosion Area Strengthen","ats:Support Order"],"picked":"ats:Apocalypse","floor":0.0},{"not_picked":["ats:Sunburst","ats:Chain Hook"],"picked":"ats:Neurotoxin","floor":0.0},{"not_picked":["ats:Guardian Obelisk","ats:Curse Doll"],"picked":"ats:Powerful Strike","floor":0.0},{"not_picked":["ats:Shell Defense","ats:Cat Scratch"],"picked":"ats:Song Of Battle","floor":0.0},{"not_picked":["ats:Ignite","ats:Curse Doll"],"picked":"ats:Thermite Blade","floor":0.0},{"not_picked":["ats:Nebulous Foxfire","ats:True Silver Slash","ats:Echo Reverb"],"picked":"ats:Ambush","floor":6.0},{"not_picked":["ats:Shadow Assault","ats:Volcano","ats:True Silver Slash"],"picked":"ats:Wolf Pack","floor":7.0},{"not_picked":["ats:Volcano","ats:Calcification","ats:Dogmatic Field"],"picked":"ats:Wolf Pack","floor":8.0},{"not_picked":["ats:True Silver Slash","ats:Rat Pack","ats:Nebulous Foxfire"],"picked":"ats:Roar Of Ursus","floor":10.0},{"not_picked":["ats:Nebulous Foxfire","ats:True Silver Slash","ats:Rat Pack"],"picked":"ats:Roar Of Ursus","floor":11.0},{"not_picked":["ats:Disruption Kick","ats:Nebulous Foxfire","ats:Rat Pack"],"picked":"ats:Wolf Pack","floor":12.0},{"not_picked":["ats:Dogmatic Field","ats:Echo Reverb","ats:True Silver Slash","ats:Durian"],"picked":"SKIP","floor":13},{"not_picked":["ats:Rat Pack+1","ats:Echo Reverb+1","ats:Fractured Body+1","ats:Nebulous Foxfire+1"],"picked":"SKIP","floor":23},{"not_picked":["ats:Fractured Body+1","ats:Nebulous Foxfire+1","ats:Shadow Assault"],"picked":"ats:Wolf Pack","floor":24},{"not_picked":["ats:Calcification+1","ats:Soul Rend","ats:Disruption Kick"],"picked":"ats:Wolf Pack","floor":27},{"not_picked":["ats:Nebulous Foxfire+1","ats:Echo Reverb+1","ats:True Silver Slash+1"],"picked":"ats:Wolf Pack+1","floor":28},{"not_picked":["ats:True Silver Slash+1","ats:Roar Of Ursus","ats:Calcification+1","ats:Volcano+1"],"picked":"SKIP","floor":29},{"not_picked":["ats:Shadow Assault+1","ats:Soul Rend","ats:Volcano+1","ats:Dogmatic Field"],"picked":"SKIP","floor":30},{"not_picked":["ats:Echo Reverb+1","ats:Nebulous Foxfire+1","ats:Shadow Assault+1","ats:True Silver Slash+1"],"picked":"Singing Bowl","floor":31},{"not_picked":["ats:Dogmatic Field","ats:Calcification+1","ats:Roar Of Ursus","ats:Volcano+1"],"picked":"Singing Bowl","floor":33},{"not_picked":["ats:Dogmatic Field","ats:Rat Pack+1","ats:Roar Of Ursus","ats:Nebulous Foxfire+1"],"picked":"Singing Bowl","floor":40},{"not_picked":["ats:Durian+1","ats:Disruption Kick+1","ats:True Silver Slash+1","ats:Soul Rend"],"picked":"Singing Bowl","floor":41},{"not_picked":["ats:Durian+1","ats:Rat Pack+1","ats:Fractured Body+1","ats:Ambush"],"picked":"Singing Bowl","floor":42},{"not_picked":["ats:Echo Reverb+1","ats:True Silver Slash+1","ats:Volcano+1"],"picked":"ats:Wolf Pack+1","floor":44},{"not_picked":["ats:Soul Rend","ats:Fractured Body+1","ats:Shadow Assault+1"],"picked":"ats:Wolf Pack+1","floor":45},{"not_picked":["ats:Roar Of Ursus","ats:True Silver Slash+1","ats:Nebulous Foxfire+1","ats:Shadow Assault+1"],"picked":"Singing Bowl","floor":46},{"not_picked":["ats:Shadow Assault+1","ats:True Silver Slash+1","ats:Disruption Kick+1"],"picked":"ats:Wolf Pack+1","floor":47},{"not_picked":["ats:Disruption Kick+1","ats:Fractured Body+1","ats:Calcification+1"],"picked":"ats:Wolf Pack+1","floor":50},{"not_picked":["ats:Roar Of Ursus","ats:Shadow Assault+1","ats:Volcano+1","ats:Nebulous Foxfire+1"],"picked":"Singing Bowl","floor":57},{"not_picked":["ats:Fractured Body+1","ats:Ambush","ats:Rat Pack+1","ats:Shadow Assault+1"],"picked":"Singing Bowl","floor":58},{"not_picked":["ats:Ambush","ats:True Silver Slash+1","ats:Roar Of Ursus","ats:Shadow Assault+1"],"picked":"Singing Bowl","floor":59},{"not_picked":["ats:Volcano+1","ats:Calcification+1","ats:Echo Reverb+1","ats:Durian+1"],"picked":"Singing Bowl","floor":61},{"not_picked":["ats:Nebulous Foxfire+1","ats:Durian+1","ats:Volcano+1"],"picked":"ats:Wolf Pack+1","floor":64},{"not_picked":["ats:Blood Oath+1","ats:Ignite+1","ats:Apocalypse+1"],"picked":"ats:Poison Spread+1","floor":66},{"not_picked":["ats:Dogmatic Field","ats:Calcification+1","ats:Ambush","ats:Soul Rend"],"picked":"Singing Bowl","floor":67},{"not_picked":["ats:Curse Doll+1","ats:Part Time Job","ats:Leaping Hammer+1"],"picked":"ats:Poison Spread+1","floor":68},{"not_picked":["ats:Fractured Body+1","ats:Shadow Assault+1","ats:Disruption Kick+1","ats:Echo Reverb+1"],"picked":"Singing Bowl","floor":72},{"not_picked":["ats:Dogmatic Field","ats:Nebulous Foxfire+1","ats:Roar Of Ursus","ats:Soul Rend"],"picked":"Singing Bowl","floor":74},{"not_picked":["ats:Soul Rend","ats:Disruption Kick+1","ats:Dogmatic Field","ats:Roar Of Ursus"],"picked":"Singing Bowl","floor":75},{"not_picked":["ats:Dogmatic Field","ats:Roar Of Ursus","ats:Disruption Kick+1","ats:Ambush"],"picked":"Singing Bowl","floor":77}],"player_experience":296343,"relics_obtained":[{"floor":1.0,"key":"Dead Branch"},{"floor":2.0,"key":"ats:Ability Aura"},{"floor":3.0,"key":"Ornamental Fan"},{"floor":5.0,"key":"Question Card"},{"floor":6.0,"key":"ats:Originium"},{"floor":6.0,"key":"Bottled Tornado"},{"floor":7.0,"key":"ats:Originium"},{"floor":7.0,"key":"FossilizedHelix"},{"floor":8.0,"key":"ats:Originium"},{"floor":8.0,"key":"Dream Catcher"},{"floor":9.0,"key":"Pocketwatch"},{"floor":10.0,"key":"ats:Originium"},{"floor":10.0,"key":"Pantograph"},{"floor":11.0,"key":"Turnip"},{"floor":12.0,"key":"Torii"},{"floor":13,"key":"ats:Rhine Circuitry"},{"floor":14,"key":"Toxic Egg 2"},{"floor":18,"key":"Unceasing Top"},{"floor":20,"key":"Bag of Preparation"},{"floor":21,"key":"Shuriken"},{"floor":22,"key":"Pear"},{"floor":23,"key":"Lantern"},{"floor":24,"key":"Lizard Tail"},{"floor":25,"key":"Kunai"},{"floor":26,"key":"Gremlin Horn"},{"floor":27,"key":"ats:Industrial Water Cannon"},{"floor":28,"key":"Molten Egg 2"},{"floor":29,"key":"Darkstone Periapt"},{"floor":30,"key":"Ancient Tea Set"},{"floor":31,"key":"Singing Bowl"},{"floor":35,"key":"Strawberry"},{"floor":37,"key":"Ginger"},{"floor":38,"key":"Bronze Scales"},{"floor":39,"key":"Shovel"},{"floor":40,"key":"Akabeko"},{"floor":41,"key":"ats:Military Tradition"},{"floor":42,"key":"Boot"},{"floor":43,"key":"Potion Belt"},{"floor":44,"key":"Centennial Puzzle"},{"floor":45,"key":"Toy Ornithopter"},{"floor":46,"key":"Nunchaku"},{"floor":47,"key":"White Beast Statue"},{"floor":52,"key":"Thread and Needle"},{"floor":60,"key":"InkBottle"},{"floor":62,"key":"Meat on the Bone"},{"floor":69,"key":"ats:Lavender"},{"floor":76,"key":"Letter Opener"}],"event_choices":[{"cards_removed":["ats:Thermite Blade"],"damage_healed":0.0,"max_hp_gain":0.0,"max_hp_loss":0.0,"gold_gain":0.0,"event_name":"Golden Wing","player_choice":"Card Removal","floor":4.0,"gold_loss":0.0,"damage_taken":7.0},{"cards_removed":["ats:Consecutive Shot Auto"],"damage_healed":0,"gold_gain":0,"player_choice":"Card Removal","damage_taken":0,"max_hp_gain":0,"max_hp_loss":0,"event_name":"The Cleric","floor":53,"gold_loss":50},{"damage_healed":0,"gold_gain":0,"player_choice":"Ignored","damage_taken":0,"max_hp_gain":0,"max_hp_loss":0,"event_name":"Liars Game","floor":55,"gold_loss":0},{"damage_healed":0,"gold_gain":0,"cards_transformed":["ats:Apocalypse"],"player_choice":"Transformed","damage_taken":0,"max_hp_gain":0,"max_hp_loss":0,"event_name":"Transmorgrifier","floor":56,"gold_loss":0,"cards_obtained":["ats:Leaping Hammer"]},{"damage_healed":0,"gold_gain":0,"player_choice":"Bet on Murderer","damage_taken":0,"max_hp_gain":0,"max_hp_loss":0,"event_name":"The Joust","floor":73,"gold_loss":50}],"is_beta":false,"boss_relics":[{"not_picked":["Astrolabe","Velvet Choker"],"picked":"SlaversCollar"},{"not_picked":["ats:Omniscience","Sozu"],"picked":"Philosopher\u0027s Stone"},{"not_picked":["Fusion Hammer","Snecko Eye"],"picked":"Runic Pyramid"},{"not_picked":["ats:Omniscience","Empty Cage"],"picked":"Tiny House"}],"items_purged_floors":[19,36,48,65],"is_endless":true,"potions_floor_spawned":[1,7,10,12,16,21,25,27,29,31,33,37,42,44,47,50,52,57,58,59,61,62,64,67,69,72,74,75,76,77],"killed_by":"Slavers","ascension_level":0}}