{"host":"szp1d6dso4pv7ddl","time":1609132291,"event":{"mods":["AchievementEnabler","Alarm Clock","BaseMod","Bestiary","Block Reminder","Colored Map","Colored Powertips","Curses Come First","Displayed Cursed Tome","Highlight Path","Minty Spire (QoL Compilation)","Permanent Neow","Quick Restart","Relic Sorter","Relic Stats","StSLib","Synergy Search"],"gold_per_floor":[112,112,128,142,153,153,153,153],"floor_reached":7,"playtime":307,"items_purged":[],"score":52,"play_id":"eac233ff-1a6c-428e-8943-351dda313781","local_time":"20201227211131","is_ascension_mode":true,"campfire_choices":[{"data":"Fusion","floor":6,"key":"SMITH"}],"circlet_count":0,"master_deck":["Strike_B","Strike_B","Strike_B","Strike_B","Defend_B","Defend_B","Defend_B","Defend_B","Zap","Dualcast","Fusion+1","Compile Driver","Fusion"],"relics":["Cracked Core","Kunai","Boot"],"acts_visited":["Exordium"],"potions_floor_usage":[],"damage_taken":[{"damage":13,"enemies":"2 Louse","floor":1,"turns":3},{"damage":4,"enemies":"Cultist","floor":3,"turns":4},{"damage":7,"enemies":"Small Slimes","floor":4,"turns":3},{"damage":5,"enemies":"2 Fungi Beasts","floor":5,"turns":4},{"damage":50,"enemies":"3 Sentries","floor":7,"turns":7}],"seed_played":"829650421867500138","potions_obtained":[{"floor":1,"key":"Dexterity Potion"},{"floor":3,"key":"SpeedPotion"}],"is_trial":false,"path_per_floor":["M","?","M","M","M","R","E"],"character_chosen":"DEFECT","items_purchased":[],"campfire_rested":0,"item_purchase_floors":[],"current_hp_per_floor":[62,62,58,51,46,46,0,0],"gold":153,"neow_bonus":"RANDOM_COMMON_RELIC","is_daily":false,"chose_seed":false,"campfire_upgraded":1,"win_rate":0.0,"timestamp":1609132291,"path_taken":["M","?","M","?","M","R","E"],"items_purchased_type":[],"build_version":"2020-12-22","purchased_purges":0,"victory":false,"max_hp_per_floor":[75,75,75,75,75,75,75,75],"relic_stats":{"counters":[5,21],"Kunai":[2],"Boot":[0],"obtain_stats":[{"Kunai":2,"Cracked Core":0,"Boot":0},{"Kunai":1,"Cracked Core":0,"Boot":0},{"Kunai":3,"Cracked Core":0,"Boot":0}]},"card_choices":[{"not_picked":["Barrage","Rebound"],"picked":"Fusion","floor":1},{"not_picked":["Stack","Heatsinks","Consume"],"picked":"SKIP","floor":3},{"not_picked":["Rip and Tear","Go for the Eyes"],"picked":"Compile Driver","floor":4},{"not_picked":["Turbo","Steam"],"picked":"Fusion","floor":5}],"player_experience":1048167,"relics_obtained":[],"event_choices":[{"damage_healed":0,"gold_gain":0,"player_choice":"Gave Potion","damage_taken":0,"relics_obtained":["Kunai"],"max_hp_gain":0,"max_hp_loss":0,"event_name":"WeMeetAgain","floor":2,"gold_loss":0}],"is_beta":false,"boss_relics":[],"items_purged_floors":[],"is_endless":false,"potions_floor_spawned":[1,3],"killed_by":"3 Sentries","ascension_level":4}}