{"host":"1tl36azeqm6yhdgj","time":1609158511,"event":{"mods":["AchievementEnabler","BaseMod","Minty Spire (QoL Compilation)","StSLib","The IronCluck","everything is the same but u backflip on backflip"],"gold_per_floor":[115,115,125,125,143,184,184,209,234,234,258,296,324,324,324],"floor_reached":14,"playtime":289,"items_purged":[],"score":170,"play_id":"c6e6c30c-cdac-4d01-8a9a-4cffde00eb8d","local_time":"20201228072831","is_ascension_mode":true,"campfire_choices":[{"floor":7,"key":"REST"},{"floor":10,"key":"RECALL"}],"circlet_count":0,"master_deck":["AscendersBane","Strike_R","Strike_R","Strike_R","Strike_R","Strike_R","Defend_R","Defend_R","Defend_R","Defend_R","Bash","Cleave","Exhume","Shrug It Off","Anger","Reckless Charge","Flex","Thunderclap","Ghostly Armor","Heavy Blade","Carnage"],"relics":["Burning Blood","NeowsBlessing","Pen Nib","CeramicFish","Odd Mushroom"],"acts_visited":["Exordium"],"potions_floor_usage":[6,8],"damage_taken":[{"damage":0.0,"enemies":"Small Slimes","floor":1.0,"turns":1.0},{"damage":0,"enemies":"Cultist","floor":3,"turns":1},{"damage":0,"enemies":"Jaw Worm","floor":5,"turns":2},{"damage":35,"enemies":"3 Sentries","floor":6,"turns":10},{"damage":11,"enemies":"Looter","floor":8,"turns":2},{"damage":10,"enemies":"Exordium Wildlife","floor":11,"turns":2},{"damage":23,"enemies":"The Mushroom Lair","floor":12,"turns":3},{"damage":13,"enemies":"Blue Slaver","floor":13,"turns":3},{"damage":15,"enemies":"Lagavulin","floor":14,"turns":3}],"seed_played":"1157884073282914569","potions_obtained":[{"floor":3,"key":"Fire Potion"},{"floor":6,"key":"SteroidPotion"},{"floor":12,"key":"Ancient Potion"}],"is_trial":false,"path_per_floor":["M","?","M","?","M","E","R","M","T","R","M","?","M","E"],"character_chosen":"IRONCLAD","items_purchased":[],"campfire_rested":1,"item_purchase_floors":[],"current_hp_per_floor":[74,74,75,49,55,26,48,43,43,43,39,22,15,0,0],"gold":324,"neow_bonus":"THREE_ENEMY_KILL","is_daily":false,"chose_seed":false,"campfire_upgraded":0,"win_rate":0.0,"timestamp":1609158511,"path_taken":["M","?","?","?","M","E","R","M","T","R","M","?","M","E"],"items_purchased_type":[],"build_version":"2020-12-22","purchased_purges":0,"victory":false,"max_hp_per_floor":[75,75,75,75,75,75,75,75,75,75,75,75,75,75,75],"card_choices":[{"not_picked":["Pummel","Clash"],"picked":"Cleave","floor":1.0},{"not_picked":["Warcry","True Grit"],"picked":"Anger","floor":3},{"not_picked":["Blood for Blood","Warcry"],"picked":"Reckless Charge","floor":5},{"not_picked":["Sever Soul","Twin Strike"],"picked":"Flex","floor":6},{"not_picked":["Perfected Strike","Rupture"],"picked":"Thunderclap","floor":8},{"not_picked":["Headbutt","Anger"],"picked":"Ghostly Armor","floor":11},{"not_picked":["Brutality","Twin Strike"],"picked":"Heavy Blade","floor":12},{"not_picked":["Sever Soul","Pommel Strike"],"picked":"Carnage","floor":13}],"player_experience":1982612,"relics_obtained":[{"floor":6,"key":"CeramicFish"},{"floor":12,"key":"Odd Mushroom"}],"event_choices":[{"damage_healed":0,"gold_gain":0,"player_choice":"2 cards matched","damage_taken":0,"max_hp_gain":0,"max_hp_loss":0,"event_name":"Match and Keep!","floor":2,"gold_loss":0,"cards_obtained":["Exhume","Shrug It Off"]},{"damage_healed":0,"gold_gain":0,"player_choice":"Success","damage_taken":26,"relics_obtained":["Pen Nib"],"max_hp_gain":0,"max_hp_loss":0,"event_name":"Scrap Ooze","floor":4,"gold_loss":0},{"damage_healed":0,"gold_gain":0,"player_choice":"Fought Mushrooms","damage_taken":0,"max_hp_gain":0,"max_hp_loss":0,"event_name":"Mushrooms","floor":12,"gold_loss":0}],"is_beta":false,"boss_relics":[],"items_purged_floors":[],"is_endless":false,"potions_floor_spawned":[3,6,12],"killed_by":"Lagavulin","ascension_level":17}}