{"host":"5gs251imfkyqlzrh","time":1609159553,"event":{"mods":["BaseMod","Downfall","Hermit","Jorbs\u0027s Wanderer Trilogy","Marisa????????","Minty Spire (QoL Compilation)","Replay The Spire","StSLib","The Bladedancer","The Bug Knight","The Construct","The Cursed","The Disciple","The Hierophant","The Mystic","The Necromancer","The Runesmith","The Servant 0.9.4"],"gold_per_floor":[117,132,152,162,162,162,193,193,193,193,206,235,255,269,269,368,368,388,388,402,439,456,456,478,500,526,526,526],"floor_reached":27,"playtime":2008,"items_purged":[],"score":254,"play_id":"d32ea61b-236b-45b0-816c-c1493fdbcb74","local_time":"20201228124553","is_ascension_mode":false,"campfire_choices":[{"data":"hermit:CalledShot","floor":6,"key":"SMITH"},{"data":"hermit:CalledShot","floor":8,"key":"SMITH"},{"floor":15,"key":"REST"},{"floor":23,"key":"REST"}],"circlet_count":0,"master_deck":["hermit:Strike_Hermit+1","hermit:Strike_Hermit","hermit:Strike_Hermit","hermit:Strike_Hermit","hermit:Defend_Hermit","hermit:Defend_Hermit","hermit:Defend_Hermit","hermit:Defend_Hermit","hermit:Snapshot","hermit:Covet","Hallucinations","hermit:GhostlyPresence","hermit:CalledShot+1","hermit:Enervate+1","hermit:CalledShot+1","hermit:BigShot","hermit:GhostlyPresence","hermit:Ricochet","hermit:TrackingShot","hermit:Magnum","hermit:Scavenge","hermit:Dive","hermit:ItchyTrigger","hermit:Enervate"],"relics":["hermit:Momento","Pear","Kunai","ReplayTheSpireMod:Ninjato","hermit:RedScarf","ChewingGum","Red Mask","Whetstone"],"acts_visited":["Exordium","TheCity"],"potions_floor_usage":[11,13,16,16,18,21],"damage_taken":[{"damage":0,"enemies":"Small Slimes","floor":1,"turns":3},{"damage":6,"enemies":"2 Louse","floor":2,"turns":4},{"damage":0,"enemies":"Cultist","floor":3,"turns":4},{"damage":3,"enemies":"Exordium Wildlife","floor":4,"turns":4},{"damage":24,"enemies":"3 Sentries","floor":7,"turns":12},{"damage":8,"enemies":"Exordium Thugs","floor":11,"turns":4},{"damage":18,"enemies":"Lagavulin","floor":12,"turns":10},{"damage":0,"enemies":"Gremlin Gang","floor":13,"turns":7},{"damage":5,"enemies":"Looter","floor":14,"turns":3},{"damage":58,"enemies":"Hexaghost","floor":16,"turns":12},{"damage":8,"enemies":"Shell Parasite","floor":18,"turns":4},{"damage":21,"enemies":"2 Thieves","floor":20,"turns":3},{"damage":14,"enemies":"Masked Bandits","floor":21,"turns":4},{"damage":1,"enemies":"Centurion and Healer","floor":22,"turns":5},{"damage":10,"enemies":"Snake Plant","floor":24,"turns":5},{"damage":6,"enemies":"Shelled Parasite and Fungi","floor":25,"turns":5},{"damage":0,"enemies":"3 Cultists","floor":27,"turns":1}],"seed_played":"-4570796769063007339","potions_obtained":[{"floor":1,"key":"sneckomod:MuddlingPotion"},{"floor":2,"key":"Ancient Potion"},{"floor":12,"key":"SneckoOil"},{"floor":14,"key":"Fruit Juice"},{"floor":16,"key":"PowerPotion"},{"floor":18,"key":"Slimebound:ThreeZeroPotion"},{"floor":22,"key":"Ancient Potion"},{"floor":25,"key":"Flashbang"}],"is_trial":false,"path_per_floor":["M","M","M","M","?","R","E","R","T","?","M","E","M","M","R","B",null,"M","?","M","?","M","R","M","M","T","M"],"character_chosen":"HERMIT","items_purchased":[],"campfire_rested":2,"item_purchase_floors":[],"current_hp_per_floor":[89,83,83,80,87,87,63,63,63,63,55,37,37,32,61,8,104,96,96,75,61,60,91,81,75,75,75,75],"gold":526,"neow_bonus":"TWENTY_PERCENT_HP_BONUS","is_daily":false,"chose_seed":false,"campfire_upgraded":2,"win_rate":0.0,"timestamp":1609159553,"path_taken":["M","M","M","M","?","R","E","R","T","?","M","E","M","M","R","BOSS","M","?","M","?","M","R","M","M","T","M"],"items_purchased_type":[],"build_version":"2020-12-22","purchased_purges":0,"victory":false,"max_hp_per_floor":[89,89,89,89,99,99,99,99,99,99,99,99,99,99,99,104,104,104,104,104,104,104,104,104,104,104,104,104],"card_choices":[{"not_picked":["hermit:Ricochet","hermit:Vantage"],"picked":"hermit:GhostlyPresence","floor":1},{"not_picked":["hermit:Roulette","hermit:HighCaliber"],"picked":"hermit:CalledShot","floor":2},{"not_picked":["hermit:Feint","hermit:Manifest"],"picked":"hermit:Enervate","floor":3},{"not_picked":["hermit:Horror","hermit:HoleUp"],"picked":"hermit:CalledShot","floor":4},{"not_picked":["hermit:Brawl","hermit:Ricochet"],"picked":"hermit:BigShot","floor":7},{"not_picked":["hermit:TakeAim","hermit:DeadMansHand"],"picked":"hermit:GhostlyPresence","floor":11},{"not_picked":["hermit:DeadOrAlive","hermit:SprayPray","hermit:BodyArmor"],"picked":"SKIP","floor":12},{"not_picked":["hermit:FullyLoaded","hermit:Virtue"],"picked":"hermit:Ricochet","floor":13},{"not_picked":["hermit:Coalescence","hermit:Headshot"],"picked":"hermit:TrackingShot","floor":14},{"not_picked":["hermit:BlackWind","hermit:FatalDesire"],"picked":"hermit:Magnum","floor":16},{"not_picked":["hermit:Spite","hermit:FullyLoaded","hermit:Shortfuse"],"picked":"SKIP","floor":18},{"not_picked":["hermit:TrackingShot","hermit:HighCaliber"],"picked":"hermit:Scavenge","floor":20},{"not_picked":["hermit:Horror+1","hermit:SprayPray+1"],"picked":"hermit:Dive","floor":21},{"not_picked":["hermit:Misfire+1","hermit:HeroicBravado"],"picked":"hermit:ItchyTrigger","floor":22},{"not_picked":["hermit:Feint","hermit:Glare+1"],"picked":"hermit:Enervate","floor":24},{"not_picked":["hermit:Misfire","hermit:Snipe+1","hermit:Quickdraw"],"picked":"SKIP","floor":25}],"player_experience":190181,"relics_obtained":[{"floor":7,"key":"Kunai"},{"floor":9,"key":"ReplayTheSpireMod:Ninjato"},{"floor":12,"key":"hermit:RedScarf"},{"floor":21,"key":"Red Mask"},{"floor":26,"key":"Whetstone"}],"event_choices":[{"damage_healed":0,"gold_gain":0,"player_choice":"Success","damage_taken":3,"relics_obtained":["Pear"],"max_hp_gain":0,"max_hp_loss":0,"event_name":"Scrap Ooze","floor":5,"gold_loss":0},{"damage_healed":0,"gold_gain":0,"player_choice":"Bought 0 Potions","damage_taken":0,"max_hp_gain":0,"max_hp_loss":0,"event_name":"The Woman in Blue","floor":10,"gold_loss":0},{"damage_healed":0,"gold_gain":0,"player_choice":"Ignored","damage_taken":0,"max_hp_gain":0,"max_hp_loss":0,"event_name":"Vampires","floor":19,"gold_loss":0},{"damage_healed":0,"gold_gain":0,"player_choice":"Fought Bandits","damage_taken":0,"max_hp_gain":0,"max_hp_loss":0,"event_name":"Masked Bandits","floor":21,"gold_loss":0}],"is_beta":false,"boss_relics":[{"not_picked":["hermit:DentedPlate","Fusion Hammer"],"picked":"ChewingGum"}],"items_purged_floors":[],"is_endless":false,"potions_floor_spawned":[1,2,12,14,16,18,22,25],"killed_by":"3 Cultists","ascension_level":0}}