{"host":"yludllxm6rzdxpbb","time":1609196276,"event":{"mods":["BaseMod","Better Third Choice","BetterRewards","Colored Map","Colored Powertips","Hermit","Hubris","Infinite Spire","Minty Spire (QoL Compilation)","Quick Restart","Replay The Spire","StSLib","The Hierophant","The Necromancer"],"gold_per_floor":[114,126,58,77,97,125,52,77,77,77,77,77,95,107,107,207,207,227,245,259,259,173,193,193,203,252,252,282,299,313,333,333,431,431,478,478,478,525,572,642,709,795,879,891,117,138,177,177,177,177,177,177,25,60,72],"floor_reached":56,"playtime":4530,"items_purged":[],"score":1744,"play_id":"a6e2bd20-4d58-4d2d-8865-0b8be2cd4207","local_time":"20201229015756","is_ascension_mode":true,"campfire_choices":[{"floor":10,"key":"REST"},{"floor":12,"key":"RECALL"},{"floor":15,"key":"DIG"},{"data":"Hello World","floor":24,"key":"SMITH"},{"floor":32,"key":"DIG"},{"data":"Defragment","floor":49,"key":"SMITH"},{"data":"Loop","floor":52,"key":"SMITH"}],"circlet_count":0,"master_deck":["Strike_B","Strike_B","Strike_B","Strike_B","Defend_B","Defend_B","Defend_B","Defend_B","Zap","Dualcast","Defragment","Apotheosis","Coolheaded","ReplayTheSpireMod:Private Reserves","Hello World+1","Self Repair","Force Field","Leap+1","hubris:DuctTapeCard","hubris:Ukulele","Loop+1","Defragment+1","Leap","Electrodynamics","Capacitor+1","Ball Lightning+1","Compile Driver","Streamline","Melter+1","Leap+1","Thunder Strike","Core Surge","Jack Of All Trades","infinitespire:Collect","Panic Button","hubris:PowerSurge","Glacier+1","Loop+1","Biased Cognition+1","Sunder","Echo Form+1"],"relics":["Cracked Core","Regal Pillow","Gremlin Food","StoneCalendar","hubris:DuctTape","Replay:Rubber Ducky","Akabeko","infinitespire:Freezer","Nloth\u0027s Gift","Pet Ghost","Omamori","infinitespire:EvilPickle","Replay:Bronze Core","Sozu","MawBank","Frozen Egg 2","Blue Candle","infinitespire:WardingShard","Blood Vial","Strange Spoon","Bag of Marbles","ClockworkSouvenir","infinitespire:Midas Blood"],"acts_visited":["Exordium","TheCity","TheBeyond","TheEnding"],"potions_floor_usage":[6,6,8,8,8,33,33,41,55,55,55],"damage_taken":[{"damage":2,"enemies":"Cultist","floor":1,"turns":4},{"damage":3,"enemies":"Jaw Worm","floor":2,"turns":3},{"damage":1,"enemies":"2 Louse","floor":4,"turns":4},{"damage":5,"enemies":"Large Slime","floor":5,"turns":7},{"damage":10,"enemies":"Lagavulin","floor":6,"turns":5},{"damage":4,"enemies":"3 Sentries","floor":8,"turns":7},{"damage":0,"enemies":"Gremlin Gang","floor":13,"turns":5},{"damage":0,"enemies":"2 Fungi Beasts","floor":14,"turns":5},{"damage":1,"enemies":"Fading Forest","floor":16,"turns":11},{"damage":1,"enemies":"Shell Parasite","floor":18,"turns":4},{"damage":0,"enemies":"Spheric Guardian","floor":19,"turns":1},{"damage":0,"enemies":"Snecko","floor":20,"turns":5},{"damage":0,"enemies":"Centurion and Healer","floor":22,"turns":7},{"damage":0,"enemies":"Shelled Parasite and Fungi","floor":23,"turns":4},{"damage":3,"enemies":"Snake Plant","floor":25,"turns":5},{"damage":8,"enemies":"Replay:Snechameleon","floor":28,"turns":6},{"damage":10,"enemies":"Chosen and Byrds","floor":29,"turns":6},{"damage":3,"enemies":"Centurion and Healer","floor":30,"turns":4},{"damage":0,"enemies":"Snecko","floor":31,"turns":5},{"damage":7,"enemies":"Pondfish","floor":33,"turns":9},{"damage":8,"enemies":"3 Shapes","floor":35,"turns":6},{"damage":0,"enemies":"3 Darklings","floor":38,"turns":7},{"damage":0,"enemies":"4 Shapes","floor":39,"turns":5},{"damage":0,"enemies":"Giant Head","floor":40,"turns":8},{"damage":15,"enemies":"Jaw Worm Horde","floor":41,"turns":4},{"damage":2,"enemies":"Nemesis","floor":42,"turns":7},{"damage":0,"enemies":"Spire Growth","floor":46,"turns":4},{"damage":0,"enemies":"Giant Head","floor":47,"turns":8},{"damage":0,"enemies":"Replay:Hell Engine","floor":50,"turns":8},{"damage":0,"enemies":"Shield and Spear","floor":54,"turns":7},{"damage":47,"enemies":"The Heart","floor":55,"turns":10}],"seed_played":"7127505728648878231","potions_obtained":[{"floor":2,"key":"Reflective Coating"},{"floor":5,"key":"EntropicBrew"},{"floor":13,"key":"Milkshake"},{"floor":16,"key":"Weak Potion"},{"floor":29,"key":"Swift Potion"},{"floor":30,"key":"Dexterity Potion"},{"floor":33,"key":"AttackPotion"},{"floor":35,"key":"PotionOfCapacity"}],"is_trial":false,"path_per_floor":["M","M","$","M","M","E","$","E","T","R","?","R","M","M","R_BF","B",null,"M","M","M","?","M","M","R","M","T","?","E","M","M","M","R_BF","B",null,"M","?","AVR","M","M","E","M","E","T","?","$","M","E","?","R_BF","B",null,"R","$","E","B",null],"character_chosen":"DEFECT","items_purchased":["Regal Pillow","Gremlin Food","Defragment","Apotheosis","Coolheaded","Melter","ReplayTheSpireMod:Private Reserves","FearPotion","Self Repair","Loop","infinitespire:WardingShard","Blood Vial","Strange Spoon","Biased Cognition+1","Sunder","ClockworkSouvenir"],"campfire_rested":1,"item_purchase_floors":[0,0,0,0,0,0,0,0,3,7,45,45,45,45,45,53],"current_hp_per_floor":[34,31,31,37,32,32,32,38,38,75,75,75,75,75,75,75,75,75,75,75,75,75,75,75,75,75,75,67,67,71,71,71,64,75,74,74,74,75,75,75,60,68,68,68,68,70,75,75,75,75,75,75,75,75,28],"gold":72,"neow_bonus":"","is_daily":false,"chose_seed":false,"campfire_upgraded":3,"win_rate":0.0,"timestamp":1609196276,"path_taken":["M","M","$","?","M","E","$","E","T","R","?","R","?","M","R_BF","BOSS","M","M","M","?","?","?","R","?","T","?","E","M","M","M","R_BF","BOSS","M","?","AVR","M","M","E","M","E","T","?","$","M","E","?","R_BF","BOSS","R","$","E","BOSS"],"items_purchased_type":["Relic","Relic","Card","Card","Card","Card","Card","Potion","Card","Card","Relic","Relic","Relic","Card","Card","Relic"],"build_version":"2020-12-22","purchased_purges":0,"victory":true,"max_hp_per_floor":[75,75,75,75,75,75,75,75,75,75,75,75,75,75,75,75,75,75,75,75,75,75,75,75,75,75,75,75,75,75,75,75,75,75,75,75,75,75,75,75,75,75,75,75,75,75,75,75,75,75,75,75,75,75,75],"card_choices":[{"not_picked":["Lockon","Cold Snap"],"picked":"Hello World","floor":1},{"not_picked":["Hologram","Stack"],"picked":"Cold Snap","floor":2},{"not_picked":["BasicCrystalCard","ReplayGash"],"picked":"Force Field","floor":4},{"not_picked":["BasicCrystalCard","Turbo"],"picked":"Leap","floor":5},{"not_picked":["Buffer","Fusion"],"picked":"hubris:Ukulele","floor":6},{"not_picked":["Stack","Turbo"],"picked":"Defragment","floor":8},{"not_picked":["Cold Snap","ReplayGash"],"picked":"Leap","floor":13},{"not_picked":["Force Field","Darkness","Rebound"],"picked":"SKIP","floor":14},{"not_picked":["Meteor Strike","Thunder Strike"],"picked":"Electrodynamics","floor":16},{"not_picked":["BasicCrystalCard","Beam Cell","Gash+1"],"picked":"SKIP","floor":18},{"not_picked":["Leap","FTL"],"picked":"Capacitor+1","floor":19},{"not_picked":["BasicCrystalCard","Rebound"],"picked":"Ball Lightning+1","floor":20},{"not_picked":["ReplayTheSpireMod:Calculation Training","Sweeping Beam"],"picked":"Compile Driver","floor":22},{"not_picked":["Redo","Undo+1"],"picked":"Streamline","floor":23},{"not_picked":["Beam Cell+1","Steam Power+1","Streamline+1"],"picked":"SKIP","floor":25},{"not_picked":["Go for the Eyes","ReplayTheSpireMod:Omega Cannon","ReplayTheSpireMod:System Scan+1"],"picked":"SKIP","floor":28},{"not_picked":["Conserve Battery","ReplayTheSpireMod:Repulse"],"picked":"Melter+1","floor":29},{"not_picked":["Reinforced Body","Stack"],"picked":"Leap+1","floor":30},{"not_picked":["Go for the Eyes","ReplayRNGCard","Reinforced Body"],"picked":"SKIP","floor":31},{"not_picked":["Hyperbeam","Fission"],"picked":"Thunder Strike","floor":33},{"not_picked":["Leap","Glacier"],"picked":"Core Surge","floor":35},{"not_picked":["Finesse","PanicButton"],"picked":"Jack Of All Trades","floor":36},{"not_picked":["Gash+1","Barrage"],"picked":"Panic Button","floor":38},{"not_picked":["Leap","Self Repair"],"picked":"hubris:PowerSurge","floor":39},{"not_picked":["Reprogram","Self Repair"],"picked":"Glacier+1","floor":40},{"not_picked":["Ball Lightning","Time Bomb","Turbo"],"picked":"SKIP","floor":41},{"not_picked":["Ball Lightning","Time Bomb","Turbo"],"picked":"SKIP","floor":41},{"not_picked":["FTL+1","Self Repair+1"],"picked":"Loop+1","floor":42},{"not_picked":["BasicCrystalCard","Coolheaded","Leap+1"],"picked":"SKIP","floor":46},{"not_picked":["BasicCrystalCard+1","ReplayGash+1"],"picked":"Echo Form+1","floor":47},{"not_picked":["Steam","hubris:Prefetch","White Noise"],"picked":"SKIP","floor":54}],"player_experience":299857,"relics_obtained":[{"floor":6,"key":"hubris:DuctTape"},{"floor":8,"key":"Replay:Rubber Ducky"},{"floor":15,"key":"Akabeko"},{"floor":26,"key":"Potion Belt"},{"floor":28,"key":"Pet Ghost"},{"floor":32,"key":"Omamori"},{"floor":40,"key":"MawBank"},{"floor":42,"key":"Frozen Egg 2"},{"floor":43,"key":"Blue Candle"},{"floor":47,"key":"Bag of Marbles"},{"floor":54,"key":"infinitespire:Midas Blood"}],"event_choices":[{"damage_healed":0,"gold_gain":0,"player_choice":"Full Heal","damage_taken":0,"max_hp_gain":0,"max_hp_loss":0,"event_name":"Wheel of Change","floor":11,"gold_loss":0},{"damage_healed":0,"gold_gain":0,"player_choice":"Traded Relic","damage_taken":0,"relics_obtained":["Nloth\u0027s Gift"],"max_hp_gain":0,"max_hp_loss":0,"event_name":"N\u0027loth","floor":27,"relics_lost":["Potion Belt"],"gold_loss":0},{"damage_healed":0,"gold_gain":0,"player_choice":"Memory 1","damage_taken":0,"max_hp_gain":0,"max_hp_loss":0,"event_name":"SensoryStone","floor":36,"gold_loss":0},{"damage_healed":0,"gold_gain":0,"player_choice":"Ignored","damage_taken":0,"max_hp_gain":0,"max_hp_loss":0,"event_name":"Tomb of Lord Red Mask","floor":44,"gold_loss":0}],"is_beta":false,"boss_relics":[{"not_picked":["Empty Cage","Ectoplasm","Replay:Grab Bag"]},{"not_picked":["hubris:RunicObelisk","Coffee Dripper"],"picked":"Replay:Bronze Core"}],"items_purged_floors":[],"is_endless":false,"potions_floor_spawned":[2,5,13,16,18,19,25,29,30,31,33,35,39,46,47,54],"ascension_level":1}}