{"host":"nkolxg4se00n20yf","time":1609176170,"event":{"mods":["BaseMod","CatGirl Mod","Chen","Colored Map","Colored Powertips","Downfall","Friendly Minions","Infinite Spire","Kiyohime????","Marisa????????","Minty Spire (QoL Compilation)","StSLib","Td1madao Mod","The Administrix","The Cursed","The Exalted","The Hierophant","The Servant 0.9.4"],"gold_per_floor":[118,118,145,145,171,171,207,176,202,227,253,253,253],"floor_reached":12,"playtime":452,"items_purged":[],"score":148,"play_id":"b4819a23-34c5-489b-9f82-e4e270e1445d","local_time":"20201228182250","is_ascension_mode":true,"campfire_choices":[{"floor":6,"key":"REST"}],"circlet_count":0,"master_deck":["AscendersBane","Strike_G","Strike_G","Strike_G","Strike_G","Strike_G","Defend_G","Defend_G","Defend_G","Defend_G","Defend_G","Survivor","Neutralize","Dagger Spray","Deflect","Skewer","PiercingWail","Night Terror","Slice","Flying Knee"],"relics":["Ring of the Snake","CeramicFish","Sundial","Snake Skull"],"acts_visited":["Exordium"],"potions_floor_usage":[7,7,12],"damage_taken":[{"damage":14,"enemies":"Small Slimes","floor":1,"turns":5},{"damage":6,"enemies":"Jaw Worm","floor":3,"turns":5},{"damage":1,"enemies":"Cultist","floor":5,"turns":4},{"damage":41,"enemies":"Lagavulin","floor":7,"turns":8},{"damage":1,"enemies":"Looter","floor":8,"turns":4},{"damage":3,"enemies":"Lots of Slimes","floor":10,"turns":6},{"damage":6,"enemies":"3 Louse","floor":11,"turns":4},{"damage":14,"enemies":"Gremlin Nob","floor":12,"turns":2}],"seed_played":"-6586325388336773613","potions_obtained":[{"floor":1,"key":"Energy Potion"},{"floor":3,"key":"Strength Potion"},{"floor":10,"key":"champ:CounterPotion"},{"floor":11,"key":"Fire Potion"}],"is_trial":false,"path_per_floor":["M","?","M","?","M","R","E","M","T","M","M","E"],"character_chosen":"THE_SILENT","items_purchased":[],"campfire_rested":1,"item_purchase_floors":[],"current_hp_per_floor":[51,51,45,41,40,61,20,19,19,16,10,0,0],"gold":253,"neow_bonus":"TEN_PERCENT_HP_BONUS","is_daily":false,"chose_seed":false,"campfire_upgraded":0,"win_rate":0.0,"timestamp":1609176170,"path_taken":["M","?","M","?","M","R","E","M","T","?","M","E"],"items_purchased_type":[],"build_version":"2020-12-22","purchased_purges":0,"victory":false,"max_hp_per_floor":[72,72,72,72,72,72,72,72,72,72,72,72,72],"card_choices":[{"not_picked":["Prepared","Outmaneuver"],"picked":"Dagger Spray","floor":1},{"not_picked":["Riddle With Holes","Accuracy"],"picked":"Deflect","floor":3},{"not_picked":["Bane","Tactician"],"picked":"Skewer","floor":5},{"not_picked":["Reflex","Sucker Punch"],"picked":"PiercingWail","floor":7},{"not_picked":["Flying Knee","Catalyst"],"picked":"Night Terror","floor":8},{"not_picked":["Riddle With Holes","Acrobatics"],"picked":"Slice","floor":10},{"not_picked":["Outmaneuver","PiercingWail"],"picked":"Flying Knee","floor":11}],"player_experience":1067941,"relics_obtained":[{"floor":2,"key":"CeramicFish"},{"floor":7,"key":"Sundial"},{"floor":9,"key":"Snake Skull"}],"event_choices":[{"damage_healed":0,"gold_gain":0,"player_choice":"Bought 0 Potions","damage_taken":0,"max_hp_gain":0,"max_hp_loss":0,"event_name":"The Woman in Blue","floor":4,"gold_loss":0}],"is_beta":false,"boss_relics":[],"items_purged_floors":[],"is_endless":false,"potions_floor_spawned":[1,3,10,11],"killed_by":"Gremlin Nob","ascension_level":17}}