{"host":"5fasz840ryq7obdf","time":1609153044,"event":{"mods":["AchievementEnabler","BaseMod","Bestiary","Better Altar","Better Skull","Better Third Choice","BetterRewards","Block Reminder","Colored Powertips","Curses Come First","Highlight Path","Minty Spire (QoL Compilation)","Quick Restart","Rare Cards Sparkle","Relic Sorter","Relic Stats","Replay The Spire","Shop Mod","Spicy Shops","StSLib","SuperFastMode"],"gold_per_floor":[132,132,50,88,88,131,210,263,263,263,282,320,320,364,364,478,478,517,557,345,449,497,562,562,607,630,678,733,763,763,800,800,914,914,982,299,21,58,120,184,231,295,376,441,537,575,575,575,575,597,647,647,647,13,82,118],"floor_reached":57,"playtime":3774,"items_purged":["Defend_R","Strike_R","Strike_R","Strike_R","Strike_R","Strike_R","Parasite","Twin Strike"],"score":4799,"play_id":"2f3f533c-01f5-4d30-ac53-0a5ca856cbc4","local_time":"20201228105724","is_ascension_mode":true,"campfire_choices":[{"data":"Demon Form","floor":13,"key":"SMITH"},{"data":"Body Slam","floor":15,"key":"SMITH"},{"data":"Double Tap","floor":24,"key":"SMITH"},{"data":"Double Tap","floor":32,"key":"SMITH"},{"data":"Limit Break","floor":47,"key":"SMITH"},{"floor":49,"key":"RECALL"},{"data":"Barricade","floor":53,"key":"SMITH"}],"circlet_count":0,"master_deck":["AscendersBane","Defend_R+1","Defend_R","Defend_R+1","Bash","Offering","Demon Form+1","Body Slam+1","Offering","Sword Boomerang+1","Heavy Blade","Battle Trance","Reaper+1","Metallicize","Double Tap+1","Thunderclap","Limit Break+1","Dual Wield","Double Tap+1","Pummel+1","ReplayTheSpireMod:Muscle Training","Clothesline+1","ReplayTheSpireMod:Muscle Training","Seeing Red","Metallicize","Brutality+1","Demon Form","Trip","Barricade+1","Shrug It Off","Body Slam","Headbutt","Shrug It Off","Ghostly Armor","Secret Weapon","Heavy Blade","Replay:Many Hands"],"relics":["Burning Blood","Kunai","Pen Nib","InkBottle","Ornamental Fan","Nunchaku","Tiny Chest","Replay:Bandana","Happy Flower","Strawberry","Membership Card","Red Skull","CeramicFish","Thread and Needle","TungstenRod","Bag of Preparation","Bag of Marbles","Unceasing Top","King of Hearts","DollysMirror","Durian","Strange Spoon","PreservedInsect","Sling","ReplayTheSpireMod:Spearhead","Potion Belt","Replay:WaspNest","Vajra","Black Star","Orrery","Ancient Tea Set","Dream Catcher","Blood Vial","Iron Hammer","Replay:Baseball","Orichalcum","Lantern","Cursed Key","Guide Book","Self Forming Clay","Centennial Puzzle","Whetstone","Onion Ring","Pocketwatch","Bottled Lightning","Peace Pipe","ReplayFunnel","Replay:Bottled Snecko","Gremlin Horn","Simple Rune"],"acts_visited":["Exordium","TheCity","TheBeyond","TheEnding"],"potions_floor_usage":[16,33,33,40,56,56,56,56],"damage_taken":[{"damage":5,"enemies":"Jaw Worm","floor":1,"turns":3},{"damage":5,"enemies":"Cultist","floor":4,"turns":2},{"damage":5,"enemies":"Gremlin Nob","floor":6,"turns":1},{"damage":5,"enemies":"Lagavulin Event","floor":7,"turns":2},{"damage":10,"enemies":"Lagavulin","floor":8,"turns":1},{"damage":5,"enemies":"Small Slimes","floor":11,"turns":1},{"damage":0,"enemies":"2 Fungi Beasts","floor":12,"turns":2},{"damage":14,"enemies":"Large Slime","floor":14,"turns":2},{"damage":17,"enemies":"Hexaghost","floor":16,"turns":3},{"damage":4,"enemies":"Chosen","floor":18,"turns":2},{"damage":23,"enemies":"Shell Parasite","floor":19,"turns":2},{"damage":12,"enemies":"Snake Plant","floor":22,"turns":2},{"damage":6,"enemies":"Book of Stabbing","floor":23,"turns":2},{"damage":5,"enemies":"Slavers","floor":25,"turns":3},{"damage":13,"enemies":"Book of Stabbing","floor":27,"turns":2},{"damage":10,"enemies":"Snecko","floor":28,"turns":1},{"damage":16,"enemies":"Centurion and Healer","floor":29,"turns":3},{"damage":11,"enemies":"Snake Plant","floor":31,"turns":1},{"damage":7,"enemies":"Pondfish","floor":33,"turns":6},{"damage":4,"enemies":"3 Darklings","floor":35,"turns":2},{"damage":5,"enemies":"Orb Walker","floor":38,"turns":1},{"damage":10,"enemies":"Maw","floor":39,"turns":1},{"damage":12,"enemies":"R_Hoarder","floor":40,"turns":2},{"damage":17,"enemies":"Transient","floor":41,"turns":5},{"damage":11,"enemies":"Reptomancer","floor":42,"turns":1},{"damage":0,"enemies":"R_Hoarder","floor":44,"turns":2},{"damage":10,"enemies":"2 Orb Walkers","floor":45,"turns":1},{"damage":6,"enemies":"Writhing Mass","floor":46,"turns":2},{"damage":23,"enemies":"Time Eater","floor":50,"turns":3},{"damage":29,"enemies":"Awakened One","floor":51,"turns":4},{"damage":5,"enemies":"Shield and Spear","floor":55,"turns":1},{"damage":50,"enemies":"The Heart","floor":56,"turns":5}],"seed_played":"-886897547309004503","potions_obtained":[{"floor":2,"key":"Weak Potion"},{"floor":2,"key":"Regen Potion"},{"floor":8,"key":"LifebloodPotion"},{"floor":16,"key":"Regen Potion"},{"floor":19,"key":"BlessingOfTheForge"},{"floor":22,"key":"DuplicationPotion"},{"floor":27,"key":"Block Potion"},{"floor":29,"key":"Adrenaline Potion"},{"floor":35,"key":"Ancient Potion"},{"floor":40,"key":"ColorlessPotion"},{"floor":44,"key":"Dexterity Potion"}],"is_trial":false,"path_per_floor":["M","?","$","M","?","E","?","E","T","?","M","M","R","M","R","B",null,"M","M","$","?","M","E","R","E","T","E","M","M","T","M","R","B",null,"M","$","$","M","M","E","M","E","T","E","?","M","R","?","R","B","B",null,"R","$","E","B",null],"character_chosen":"IRONCLAD","items_purchased":["Membership Card","Red Skull","Pen Nib","Offering","Demon Form","CeramicFish","Thread and Needle","Body Slam","TungstenRod","Bag of Preparation","Bag of Marbles","Unceasing Top","King of Hearts","DollysMirror","Durian","Happy Flower","Strange Spoon","Replay:Bandana","PreservedInsect","Sword Boomerang","Sling","Limit Break","Orrery","Guide Book","Ornamental Fan","Self Forming Clay","InkBottle","Demon Form","Trip","ReplayFunnel","Dexterity Potion","Shrug It Off","Ghostly Armor","Replay:Bottled Snecko","Secret Weapon","Heavy Blade"],"campfire_rested":0,"item_purchase_floors":[0,0,0,0,0,0,0,0,0,0,0,0,0,0,0,0,0,0,0,0,3,20,20,36,36,36,36,37,37,54,54,54,54,54,54,54],"current_hp_per_floor":[19,19,19,20,46,47,48,44,44,44,72,80,80,80,80,80,80,80,70,70,39,33,73,73,80,80,80,76,68,68,65,65,66,77,80,80,80,80,80,84,75,72,72,80,82,84,84,90,90,73,72,86,86,86,87,43],"gold":118,"neow_bonus":"","is_daily":false,"chose_seed":false,"campfire_upgraded":6,"win_rate":0.0,"timestamp":1609153044,"path_taken":["M","?","$","?","?","E","?","E","T","?","?","M","R","M","R","BOSS","M","M","$","?","M","E","R","E","T","E","M","M","?","M","R","BOSS","M","?","$","M","M","E","M","E","T","E","?","M","R","?","R","BOSS","BOSS","R","$","E","BOSS"],"items_purchased_type":["Relic","Relic","Relic","Card","Card","Relic","Relic","Card","Relic","Relic","Relic","Relic","Relic","Relic","Relic","Relic","Relic","Relic","Relic","Card","Relic","Card","Relic","Relic","Relic","Relic","Relic","Card","Card","Relic","Potion","Card","Card","Relic","Card","Card"],"build_version":"2020-12-22","purchased_purges":8,"victory":true,"max_hp_per_floor":[80,80,80,80,80,80,80,80,80,80,80,80,80,80,80,80,80,80,80,80,80,80,80,80,80,80,80,80,80,80,80,80,80,80,80,80,80,80,80,90,90,90,90,90,90,90,90,90,90,90,90,90,90,87,87,87],"relic_stats":{"Gremlin Horn":[0,0],"CeramicFish":297,"Bag of Preparation":[72],"Whetstone":["Strike_R","Heavy Blade","Sword Boomerang","Pummel"],"Cursed Key":1,"Burning Blood":681,"Blood Vial":34,"Nunchaku":[35],"Dream Catcher":0,"Centennial Puzzle":[24],"Tiny Chest":1,"Kunai":[14],"InkBottle":[90],"Happy Flower":[104],"counters":[130,435],"Self Forming Clay":[102],"Pen Nib":[30],"PreservedInsect":920,"Orichalcum":[48],"Peace Pipe":0,"Strange Spoon":[107],"Ornamental Fan":[104],"Black Star":10,"obtain_stats":[{"Ginger":0,"Whetstone":9,"Sling":48,"Blood Vial":17,"MealTicket":3,"HandDrill":0,"Kunai":19,"betterAltar:BloodRelic":21,"Blue Candle":48,"Eternal Feather":8,"Pen Nib":0,"Akabeko":17,"Bird Faced Urn":48,"Mark of Pain":34,"Unceasing Top":0,"Lantern":9,"Regal Pillow":21,"Singing Bowl":0,"Torii":0,"StoneCalendar":4,"King of Hearts":0,"Bag of Preparation":48,"Smiling Mask":9,"Cursed Key":34,"Ancient Tea Set":21,"Burning Blood":0,"Matryoshka":0,"Shovel":17,"InkBottle":17,"Paper Frog":28,"Potion Belt":48,"Self Forming Clay":31,"Golden Idol":3,"Thread and Needle":45,"PreservedInsect":0,"The Courier":27,"Omamori":25,"Frozen Egg 2":0,"MawBank":42,"Ornamental Fan":26,"Bloody Idol":21,"Orrery":20,"Art of War":6,"Durian":0,"Bottled Lightning":14,"Toy Ornithopter":23,"Ice Cream":12,"Calipers":0,"Gremlin Horn":55,"CeramicFish":2,"Vajra":20,"Sozu":17,"Centennial Puzzle":21,"HornCleat":55,"DollysMirror":0,"Strawberry":40,"Prayer Wheel":17,"Iron Hammer":25,"Toxic Egg 2":0,"Happy Flower":0,"Oddly Smooth Stone":8,"Charon\u0027s Ashes":26,"Letter Opener":40,"War Paint":41,"Question Card":14,"Du-Vu Doll":0,"OrangePellets":31,"ReplayTheSpireMod:Spearhead":6,"Replay:Baseball":25,"Brimstone":37,"Shuriken":32,"Bronze Scales":42,"Onion Ring":42,"Simple Rune":55,"Black Star":34,"Pocketwatch":44,"Darkstone Periapt":12,"ReplayFunnel":54,"Mango":10,"Incense Burner":38,"ClockworkSouvenir":48,"Nunchaku":26,"Replay:Bandana":0,"Dream Catcher":23,"Mummified Hand":6,"Gambling Chip":0,"Tiny Chest":20,"Replay:Bottled Snecko":54,"Red Skull":20,"Guide Book":36,"Replay:WaspNest":9,"Odd Mushroom":10,"Orichalcum":31,"Mercury Hourglass":46,"Calling Bell":17,"Peace Pipe":45,"Strange Spoon":0,"Anchor":36,"Bag of Marbles":0,"Membership Card":0,"TungstenRod":43,"FossilizedHelix":46},{"Ginger":10,"Whetstone":16,"Sling":66,"Blood Vial":21,"MealTicket":41,"HandDrill":0,"Kunai":50,"betterAltar:BloodRelic":22,"Blue Candle":66,"Eternal Feather":16,"Pen Nib":0,"Akabeko":49,"Bird Faced Urn":66,"Mark of Pain":58,"Unceasing Top":68,"Lantern":4,"Regal Pillow":51,"Singing Bowl":40,"Torii":68,"StoneCalendar":41,"King of Hearts":98,"Bag of Preparation":94,"Smiling Mask":16,"Cursed Key":29,"Ancient Tea Set":109,"Burning Blood":0,"Matryoshka":10,"Shovel":49,"InkBottle":49,"Paper Frog":26,"Potion Belt":94,"Self Forming Clay":28,"Golden Idol":69,"Thread and Needle":36,"PreservedInsect":10,"The Courier":55,"Omamori":24,"Frozen Egg 2":0,"MawBank":64,"Ornamental Fan":24,"Bloody Idol":22,"Orrery":109,"Art of War":14,"Durian":98,"Bottled Lightning":20,"Toy Ornithopter":23,"Ice Cream":46,"Calipers":40,"Gremlin Horn":129,"CeramicFish":11,"Vajra":22,"Sozu":76,"Centennial Puzzle":51,"HornCleat":97,"DollysMirror":98,"Strawberry":121,"Prayer Wheel":21,"Iron Hammer":112,"Toxic Egg 2":0,"Happy Flower":10,"Oddly Smooth Stone":44,"Charon\u0027s Ashes":54,"Letter Opener":34,"War Paint":89,"Question Card":9,"Du-Vu Doll":40,"OrangePellets":28,"ReplayTheSpireMod:Spearhead":101,"Replay:Baseball":112,"Brimstone":31,"Shuriken":57,"Bronze Scales":35,"Onion Ring":123,"Simple Rune":129,"Black Star":85,"Pocketwatch":124,"Darkstone Periapt":19,"ReplayFunnel":128,"Mango":45,"Incense Burner":88,"ClockworkSouvenir":66,"Nunchaku":24,"Replay:Bandana":98,"Dream Catcher":111,"Mummified Hand":71,"Gambling Chip":40,"Tiny Chest":22,"Replay:Bottled Snecko":128,"Red Skull":22,"Guide Book":118,"Replay:WaspNest":103,"Odd Mushroom":5,"Orichalcum":84,"Mercury Hourglass":65,"Calling Bell":21,"Peace Pipe":125,"Strange Spoon":0,"Anchor":59,"Bag of Marbles":98,"Membership Card":10,"TungstenRod":35,"FossilizedHelix":93},{"Ginger":39,"Whetstone":57,"Sling":203,"Blood Vial":72,"MealTicket":129,"HandDrill":0,"Kunai":163,"betterAltar:BloodRelic":74,"Blue Candle":203,"Eternal Feather":57,"Pen Nib":0,"Akabeko":159,"Bird Faced Urn":203,"Mark of Pain":182,"Unceasing Top":212,"Lantern":11,"Regal Pillow":166,"Singing Bowl":127,"Torii":212,"StoneCalendar":129,"King of Hearts":364,"Bag of Preparation":337,"Smiling Mask":57,"Cursed Key":99,"Ancient Tea Set":385,"Burning Blood":0,"Matryoshka":39,"Shovel":159,"InkBottle":159,"Paper Frog":88,"Potion Belt":337,"Self Forming Clay":94,"Golden Idol":215,"Thread and Needle":116,"PreservedInsect":39,"The Courier":176,"Omamori":80,"Frozen Egg 2":0,"MawBank":195,"Ornamental Fan":80,"Bloody Idol":74,"Orrery":385,"Art of War":53,"Durian":364,"Bottled Lightning":66,"Toy Ornithopter":77,"Ice Cream":148,"Calipers":127,"Gremlin Horn":430,"CeramicFish":43,"Vajra":74,"Sozu":241,"Centennial Puzzle":166,"HornCleat":355,"DollysMirror":364,"Strawberry":411,"Prayer Wheel":72,"Iron Hammer":392,"Toxic Egg 2":0,"Happy Flower":39,"Oddly Smooth Stone":142,"Charon\u0027s Ashes":172,"Letter Opener":111,"War Paint":319,"Question Card":33,"Du-Vu Doll":127,"OrangePellets":94,"ReplayTheSpireMod:Spearhead":370,"Replay:Baseball":392,"Brimstone":103,"Shuriken":180,"Bronze Scales":113,"Onion Ring":417,"Simple Rune":430,"Black Star":297,"Pocketwatch":419,"Darkstone Periapt":65,"ReplayFunnel":429,"Mango":144,"Incense Burner":313,"ClockworkSouvenir":203,"Nunchaku":80,"Replay:Bandana":364,"Dream Catcher":389,"Mummified Hand":222,"Gambling Chip":127,"Tiny Chest":74,"Replay:Bottled Snecko":429,"Red Skull":74,"Guide Book":407,"Replay:WaspNest":373,"Odd Mushroom":14,"Orichalcum":286,"Mercury Hourglass":200,"Calling Bell":72,"Peace Pipe":420,"Strange Spoon":0,"Anchor":183,"Bag of Marbles":364,"Membership Card":39,"TungstenRod":113,"FossilizedHelix":334}],"TungstenRod":302,"Unceasing Top":[23],"Pocketwatch":[3]},"card_choices":[{"not_picked":["Cleave","Flex"],"picked":"Heavy Blade","floor":1},{"not_picked":["Combust","Pommel Strike"],"picked":"Twin Strike","floor":4},{"not_picked":["Headbutt","Wild Strike"],"picked":"Battle Trance","floor":6},{"not_picked":["Flame Barrier","Heavy Blade"],"picked":"Reaper","floor":8},{"not_picked":["Anger","ReplayTheSpireMod:LeadingStrike","Flex"],"picked":"SKIP","floor":11},{"not_picked":["Warcry","Pommel Strike","Havoc"],"picked":"SKIP","floor":12},{"not_picked":["Twin Strike","Wild Strike"],"picked":"Metallicize","floor":14},{"not_picked":["Reaper","Brutality"],"picked":"Double Tap","floor":16},{"not_picked":["Spot Weakness+1","Replay:Undeath\u0027s Touch"],"picked":"Thunderclap","floor":18},{"not_picked":["Armaments","Flex","Headbutt"],"picked":"SKIP","floor":19},{"not_picked":["Power Through","ReplayReversal"],"picked":"Dual Wield","floor":20},{"not_picked":["True Grit","Demonic Infusion"],"picked":"Double Tap","floor":20},{"not_picked":["Searing Blow","ReplayReversal"],"picked":"Pummel","floor":20},{"not_picked":["Pommel Strike","Abandon+1"],"picked":"ReplayTheSpireMod:Muscle Training","floor":21},{"not_picked":["Heavy Blade","Anger"],"picked":"Clothesline+1","floor":22},{"not_picked":["Sentinel","Burning Pact"],"picked":"ReplayTheSpireMod:Muscle Training","floor":23},{"not_picked":["Run Through","Dual Wield+1","Havoc"],"picked":"SKIP","floor":25},{"not_picked":["Twin Strike","Blood for Blood+1"],"picked":"Seeing Red","floor":27},{"not_picked":["Clothesline","Heavy Blade"],"picked":"Hemokinesis","floor":28},{"not_picked":["ReplayTheSpireMod:Strike From Hell+1","Dual Wield","Havoc"],"picked":"SKIP","floor":29},{"not_picked":["Replay:Undeath\u0027s Touch+1","Cleave"],"picked":"Metallicize","floor":31},{"not_picked":["Immolate","Demonic Infusion"],"picked":"Brutality","floor":33},{"not_picked":["Flex+1","ReplayTheSpireMod:Strike From Hell","Warcry"],"picked":"SKIP","floor":35},{"not_picked":["Wild Strike","Second Wind","True Grit"],"picked":"SKIP","floor":38},{"not_picked":["Cleave","Massacre","Armaments"],"picked":"SKIP","floor":39},{"not_picked":["Disarm","Feel No Pain"],"picked":"Barricade","floor":40},{"not_picked":["Burning Pact","Power Through+1","Clothesline"],"picked":"SKIP","floor":41},{"not_picked":["Demon Form","Armaments"],"picked":"Shrug It Off","floor":42},{"not_picked":["Feed","Flex"],"picked":"Body Slam","floor":44},{"not_picked":["Warcry","Armaments"],"picked":"Headbutt","floor":46},{"not_picked":["Iron Wave+1","Thunderclap"],"picked":"Replay:Many Hands","floor":55}],"player_experience":1211131,"relics_obtained":[{"floor":6,"key":"ReplayTheSpireMod:Spearhead"},{"floor":7,"key":"Tiny Chest"},{"floor":8,"key":"Potion Belt"},{"floor":9,"key":"Replay:WaspNest"},{"floor":21,"key":"Ancient Tea Set"},{"floor":23,"key":"Dream Catcher"},{"floor":23,"key":"Blood Vial"},{"floor":25,"key":"Iron Hammer"},{"floor":25,"key":"Replay:Baseball"},{"floor":26,"key":"Nunchaku"},{"floor":27,"key":"Orichalcum"},{"floor":27,"key":"Lantern"},{"floor":40,"key":"Strawberry"},{"floor":40,"key":"Centennial Puzzle"},{"floor":42,"key":"Whetstone"},{"floor":42,"key":"Onion Ring"},{"floor":43,"key":"Kunai"},{"floor":44,"key":"Pocketwatch"},{"floor":44,"key":"Bottled Lightning"},{"floor":45,"key":"Peace Pipe"},{"floor":55,"key":"Gremlin Horn"},{"floor":55,"key":"Simple Rune"}],"event_choices":[{"damage_healed":0,"gold_gain":0,"player_choice":"Got Potions","damage_taken":0,"max_hp_gain":0,"max_hp_loss":0,"event_name":"Lab","floor":2,"gold_loss":0},{"damage_healed":26,"gold_gain":0,"player_choice":"Banana","damage_taken":0,"max_hp_gain":0,"max_hp_loss":0,"event_name":"Big Fish","floor":5,"gold_loss":0},{"damage_healed":0,"gold_gain":30,"player_choice":"Searched \u00272\u0027 times","damage_taken":0,"max_hp_gain":0,"max_hp_loss":0,"event_name":"Dead Adventurer","floor":7,"gold_loss":0},{"damage_healed":0,"gold_gain":0,"player_choice":"Gave Potion","damage_taken":0,"relics_obtained":["Vajra"],"max_hp_gain":0,"max_hp_loss":0,"event_name":"WeMeetAgain","floor":10,"gold_loss":0},{"damage_healed":0,"gold_gain":0,"player_choice":"Fight","damage_taken":0,"max_hp_gain":0,"max_hp_loss":0,"event_name":"Mysterious Sphere","floor":45,"gold_loss":0},{"cards_removed":["Hemokinesis"],"damage_healed":6,"gold_gain":0,"player_choice":"Offered Uncommon","damage_taken":0,"max_hp_gain":0,"max_hp_loss":0,"event_name":"Bonfire Elementals","floor":48,"gold_loss":0}],"is_beta":false,"boss_relics":[{"not_picked":["Mark of Pain","Ectoplasm"],"picked":"Black Star"},{"not_picked":["Calling Bell","Ring of Chaos"],"picked":"Cursed Key"}],"items_purged_floors":[0,0,0,20,36,36,54,54],"is_endless":false,"potions_floor_spawned":[6,7,8,16,19,22,27,29,35,40,44,55],"ascension_level":20}}