{"host":"981nlwu0905dw1bz","time":1609169689,"event":{"mods":["BaseMod","DeckTracker","Minty Spire (QoL Compilation)","Rare Cards Sparkle","SuperFastMode"],"gold_per_floor":[112,122,39,39,49,49,69,69,69,69,69,69,95,106,106,203,203,203,203],"floor_reached":18,"playtime":457,"items_purged":[],"score":253,"play_id":"340e26c0-8f2a-467f-a310-fe0649ca504e","local_time":"20201229003449","is_ascension_mode":true,"campfire_choices":[{"data":"Bandage Up","floor":6,"key":"SMITH"},{"floor":8,"key":"REST"},{"data":"Genetic Algorithm","floor":10,"key":"SMITH"},{"data":"Sweeping Beam","floor":12,"key":"SMITH"},{"floor":15,"key":"REST"}],"circlet_count":0,"master_deck":["AscendersBane","Strike_B","Strike_B","Defend_B","Defend_B","Defend_B","Defend_B","Zap","Dualcast","Genetic Algorithm+1","Compile Driver","Bandage Up+1","Sweeping Beam+1","Meteor Strike","Go for the Eyes","Storm","Biased Cognition"],"relics":["Cracked Core","Odd Mushroom","Mummified Hand","Toxic Egg 2","SlaversCollar"],"acts_visited":["Exordium","TheCity"],"potions_floor_usage":[7,16],"damage_taken":[{"damage":4,"enemies":"Jaw Worm","floor":1,"turns":4},{"damage":10,"enemies":"Small Slimes","floor":2,"turns":3},{"damage":5,"enemies":"Cultist","floor":5,"turns":4},{"damage":23,"enemies":"The Mushroom Lair","floor":7,"turns":5},{"damage":49,"enemies":"Gremlin Nob","floor":13,"turns":5},{"damage":8,"enemies":"3 Louse","floor":14,"turns":3},{"damage":40,"enemies":"Slime Boss","floor":16,"turns":7},{"damage":10,"enemies":"3 Byrds","floor":18,"turns":2}],"seed_played":"-1322753793998261201","potions_obtained":[{"floor":2,"key":"PowerPotion"},{"floor":13,"key":"PotionOfCapacity"},{"floor":14,"key":"ColorlessPotion"},{"floor":16,"key":"FearPotion"}],"is_trial":false,"path_per_floor":["M","M","$","?","M","R","?","R","T","R","?","R","E","M","R","B",null,"M"],"character_chosen":"DEFECT","items_purchased":["Bandage Up"],"campfire_rested":2,"item_purchase_floors":[3],"current_hp_per_floor":[64,54,54,54,53,53,36,58,58,58,58,58,15,13,35,1,57,53,53],"gold":203,"neow_bonus":"REMOVE_CARD","is_daily":false,"chose_seed":false,"campfire_upgraded":3,"win_rate":0.0,"timestamp":1609169689,"path_taken":["M","M","$","?","M","R","?","R","T","R","?","R","E","?","R","BOSS","M"],"items_purchased_type":["Card"],"build_version":"2020-12-22","purchased_purges":0,"victory":false,"max_hp_per_floor":[75,75,75,75,75,75,75,75,75,75,75,75,75,75,75,75,75,75,75],"card_choices":[{"not_picked":["Hologram","Beam Cell"],"picked":"Genetic Algorithm","floor":1},{"not_picked":["Fusion","Steam Power"],"picked":"Compile Driver","floor":2},{"not_picked":["Turbo","Rainbow","Redo"],"picked":"SKIP","floor":5},{"not_picked":["Streamline","Cold Snap"],"picked":"Sweeping Beam","floor":7},{"not_picked":["Rip and Tear","Gash"],"picked":"Go for the Eyes","floor":13},{"not_picked":["Rebound","Scrape"],"picked":"Storm","floor":14},{"not_picked":["Reboot+1","Machine Learning"],"picked":"Biased Cognition","floor":16}],"player_experience":510575,"relics_obtained":[{"floor":7,"key":"Odd Mushroom"},{"floor":9,"key":"Mummified Hand"},{"floor":13,"key":"Toxic Egg 2"}],"event_choices":[{"damage_healed":0,"gold_gain":0,"player_choice":"Ignored","damage_taken":0,"max_hp_gain":0,"max_hp_loss":0,"event_name":"Golden Idol","floor":4,"gold_loss":0},{"damage_healed":0,"gold_gain":0,"player_choice":"Fought Mushrooms","damage_taken":0,"max_hp_gain":0,"max_hp_loss":0,"event_name":"Mushrooms","floor":7,"gold_loss":0},{"damage_healed":0,"gold_gain":0,"cards_transformed":["Strike_B"],"player_choice":"Transformed","damage_taken":0,"max_hp_gain":0,"max_hp_loss":0,"event_name":"Transmorgrifier","floor":11,"gold_loss":0,"cards_obtained":["Meteor Strike"]}],"is_beta":false,"boss_relics":[{"not_picked":["Coffee Dripper","Sozu"],"picked":"SlaversCollar"}],"items_purged_floors":[],"is_endless":false,"potions_floor_spawned":[2,13,14,16],"killed_by":"3 Byrds","ascension_level":12}}