{"host":"49c2zf0lajbcs427","time":1609145151,"event":{"mods":["AchievementEnabler","BaseMod","Colored Map","Colored Powertips","Highlight Path","Key Reminder","Minty Spire (QoL Compilation)","Relic Stats","StSLib"],"gold_per_floor":[111,131,131,142,142,142,176,187,210,241,258,258,278,137,137,242,242,256,160,170,170,170,170,205,224,224,259,18,53,53,65,65,164,164,174,187,242,261,272,307,323,341,341,379,398,428,428,447,447,447,447,447,122,157,157],"floor_reached":56,"playtime":3947,"items_purged":[],"score":1945,"play_id":"51f04d04-8175-4b61-a1de-7d1dcecc7996","local_time":"20201228214551","is_ascension_mode":true,"campfire_choices":[{"data":"Perfected Strike","floor":6,"key":"SMITH"},{"data":"Perfected Strike","floor":12,"key":"SMITH"},{"data":"Perfected Strike","floor":15,"key":"SMITH"},{"data":"Perfected Strike","floor":23,"key":"SMITH"},{"floor":32,"key":"REST"},{"data":"Limit Break","floor":47,"key":"SMITH"},{"floor":49,"key":"RECALL"},{"floor":52,"key":"REST"}],"circlet_count":0,"master_deck":["Strike_R","Strike_R","Strike_R","Strike_R","Strike_R","Defend_R","Defend_R","Defend_R","Bash","Pommel Strike","Perfected Strike+1","Clash","Clothesline","Sword Boomerang","Perfected Strike+1","Perfected Strike+1","Pommel Strike","Perfected Strike+1","Pommel Strike","Dual Wield","Offering","Bloodletting","Shrug It Off+1","Shrug It Off","Feed","CurseOfTheBell","Shrug It Off+1","Seeing Red","Flame Barrier","Flame Barrier","Battle Trance+1","Shrug It Off","Shrug It Off","Limit Break+1","Parasite","Body Slam+1","Flame Barrier","Warcry+1","Battle Trance"],"relics":["Black Star","Red Skull","MealTicket","Ornamental Fan","Juzu Bracelet","Letter Opener","Orichalcum","Cursed Key","Mummified Hand","Bronze Scales","Gambling Chip","Strawberry","Blood Vial","Bag of Preparation","TungstenRod","Calling Bell","Oddly Smooth Stone","Question Card","Prayer Wheel","Champion Belt","Akabeko","Matryoshka","Happy Flower","Molten Egg 2","CeramicFish","Pocketwatch","Meat on the Bone","Membership Card","Shuriken","Blue Candle","Pear"],"acts_visited":["Exordium","TheCity","TheBeyond","TheEnding"],"potions_floor_usage":[10,19,24,24,33,33,37,40,50,55,55],"damage_taken":[{"damage":0,"enemies":"Small Slimes","floor":1,"turns":3},{"damage":7,"enemies":"2 Louse","floor":2,"turns":3},{"damage":8,"enemies":"Jaw Worm","floor":4,"turns":4},{"damage":5,"enemies":"Gremlin Nob","floor":7,"turns":3},{"damage":9,"enemies":"3 Louse","floor":8,"turns":3},{"damage":0,"enemies":"Lagavulin","floor":10,"turns":4},{"damage":8,"enemies":"Blue Slaver","floor":11,"turns":2},{"damage":3,"enemies":"Looter","floor":13,"turns":2},{"damage":0,"enemies":"Slime Boss","floor":16,"turns":3},{"damage":6,"enemies":"2 Thieves","floor":18,"turns":1},{"damage":6,"enemies":"Shell Parasite","floor":20,"turns":2},{"damage":11,"enemies":"Slavers","floor":24,"turns":2},{"damage":10,"enemies":"Centurion and Healer","floor":25,"turns":3},{"damage":14,"enemies":"Book of Stabbing","floor":27,"turns":2},{"damage":17,"enemies":"Slavers","floor":29,"turns":4},{"damage":2,"enemies":"Shelled Parasite and Fungi","floor":31,"turns":2},{"damage":33,"enemies":"Champ","floor":33,"turns":8},{"damage":7,"enemies":"3 Darklings","floor":35,"turns":2},{"damage":9,"enemies":"3 Shapes","floor":36,"turns":8},{"damage":5,"enemies":"2 Orb Walkers","floor":37,"turns":2},{"damage":7,"enemies":"Spire Growth","floor":38,"turns":3},{"damage":3,"enemies":"Sphere and 2 Shapes","floor":39,"turns":4},{"damage":13,"enemies":"Reptomancer","floor":40,"turns":6},{"damage":2,"enemies":"Jaw Worm Horde","floor":41,"turns":3},{"damage":27,"enemies":"Spire Growth","floor":42,"turns":4},{"damage":7,"enemies":"Giant Head","floor":44,"turns":5},{"damage":0,"enemies":"3 Darklings","floor":45,"turns":7},{"damage":7,"enemies":"Reptomancer","floor":46,"turns":3},{"damage":0,"enemies":"4 Shapes","floor":48,"turns":4},{"damage":52,"enemies":"Awakened One","floor":50,"turns":13},{"damage":50,"enemies":"Shield and Spear","floor":54,"turns":6},{"damage":134,"enemies":"The Heart","floor":55,"turns":6}],"seed_played":"4808016233145438708","potions_obtained":[{"floor":2,"key":"SpeedPotion"},{"floor":8,"key":"SneckoOil"},{"floor":11,"key":"DistilledChaos"},{"floor":25,"key":"Regen Potion"},{"floor":27,"key":"DistilledChaos"},{"floor":33,"key":"Fruit Juice"},{"floor":36,"key":"SteroidPotion"},{"floor":38,"key":"DuplicationPotion"},{"floor":39,"key":"GamblersBrew"},{"floor":44,"key":"ElixirPotion"},{"floor":45,"key":"Block Potion"},{"floor":54,"key":"LiquidMemories"}],"is_trial":false,"path_per_floor":["M","M","?","M","?","R","E","M","T","E","M","R","M","$","R","B",null,"M","$","M","?","?","R","E","M","T","E","$","E","?","M","R","B",null,"M","M","?","M","M","E","M","M","T","E","M","E","R","M","R","B",null,"R","$","E","B",null],"character_chosen":"IRONCLAD","items_purchased":["Perfected Strike","Pommel Strike","Dual Wield","Fruit Juice","Blood Vial","FairyPotion","FearPotion","Membership Card","Shuriken"],"campfire_rested":2,"item_purchase_floors":[14,14,14,19,28,28,53,53,53],"current_hp_per_floor":[72,65,58,50,43,43,38,29,29,29,21,21,18,33,33,33,68,62,82,76,76,60,60,49,39,39,32,47,32,32,32,61,35,85,83,79,79,74,76,65,68,43,43,38,43,38,38,55,55,17,97,123,123,83,43],"gold":157,"neow_bonus":"BOSS_RELIC","is_daily":false,"chose_seed":false,"campfire_upgraded":5,"win_rate":0.0,"timestamp":1609145151,"path_taken":["M","M","?","M","?","R","E","M","T","E","M","R","M","$","R","BOSS","M","$","M","?","?","R","E","M","T","E","$","E","?","M","R","BOSS","M","M","?","M","M","E","M","M","T","E","M","E","R","M","R","BOSS","R","$","E","BOSS"],"items_purchased_type":["Card","Card","Card","Potion","Relic","Potion","Potion","Relic","Relic"],"build_version":"2020-12-22","purchased_purges":0,"victory":true,"max_hp_per_floor":[80,80,80,80,80,80,80,80,80,80,80,80,80,80,80,80,80,80,85,85,85,90,90,90,90,90,97,97,97,97,97,97,102,102,105,108,111,111,114,114,117,117,117,117,120,120,120,123,123,123,123,123,123,133,133],"relic_stats":{"Happy Flower":[14],"counters":[32,127],"CeramicFish":36,"Blue Candle":[0],"Juzu Bracelet":0,"Bag of Preparation":[34],"Letter Opener":[215],"Orichalcum":[84],"Cursed Key":1,"Question Card":21,"Blood Vial":34,"Ornamental Fan":[156],"Mummified Hand":[0],"Shuriken":[5],"Bronze Scales":[293],"Gambling Chip":[66],"MealTicket":45,"Prayer Wheel":8,"Black Star":9,"Champion Belt":[6],"obtain_stats":[{"CeramicFish":44,"Juzu Bracelet":9,"Bag of Preparation":29,"Cursed Key":17,"Burning Blood":0,"Blood Vial":28,"Matryoshka":40,"Mummified Hand":24,"Gambling Chip":27,"Strawberry":27,"MealTicket":7,"Prayer Wheel":34,"Red Skull":5,"Pear":54,"Happy Flower":43,"Blue Candle":54,"Oddly Smooth Stone":34,"Letter Opener":10,"Orichalcum":10,"Question Card":34,"Akabeko":40,"Calling Bell":34,"keyreminder:keyreminder":40,"Ornamental Fan":7,"Shuriken":53,"Bronze Scales":24,"Molten Egg 2":44,"Black Star":0,"Champion Belt":37,"Membership Card":53,"TungstenRod":29,"Pocketwatch":46,"Meat on the Bone":46},{"CeramicFish":26,"Juzu Bracelet":5,"Bag of Preparation":15,"Cursed Key":9,"Burning Blood":0,"Blood Vial":14,"Matryoshka":23,"Mummified Hand":12,"Gambling Chip":14,"Strawberry":14,"MealTicket":4,"Prayer Wheel":17,"Red Skull":3,"Pear":31,"Happy Flower":25,"Blue Candle":31,"Oddly Smooth Stone":17,"Letter Opener":6,"Orichalcum":6,"Question Card":17,"Akabeko":23,"Calling Bell":17,"keyreminder:keyreminder":23,"Ornamental Fan":4,"Shuriken":30,"Bronze Scales":12,"Molten Egg 2":26,"Black Star":0,"Champion Belt":20,"Membership Card":30,"TungstenRod":15,"Pocketwatch":28,"Meat on the Bone":28},{"CeramicFish":88,"Juzu Bracelet":16,"Bag of Preparation":41,"Cursed Key":27,"Burning Blood":0,"Blood Vial":37,"Matryoshka":76,"Mummified Hand":32,"Gambling Chip":37,"Strawberry":37,"MealTicket":13,"Prayer Wheel":51,"Red Skull":10,"Pear":121,"Happy Flower":83,"Blue Candle":121,"Oddly Smooth Stone":51,"Letter Opener":20,"Orichalcum":20,"Question Card":51,"Akabeko":76,"Calling Bell":51,"keyreminder:keyreminder":76,"Ornamental Fan":13,"Shuriken":115,"Bronze Scales":32,"Molten Egg 2":88,"Black Star":0,"Champion Belt":63,"Membership Card":115,"TungstenRod":41,"Pocketwatch":98,"Meat on the Bone":98}],"TungstenRod":88,"Pocketwatch":[30],"Meat on the Bone":36},"card_choices":[{"not_picked":["Body Slam","Havoc"],"picked":"Pommel Strike","floor":1},{"not_picked":["Shrug It Off","Armaments"],"picked":"Perfected Strike","floor":2},{"not_picked":["Exhume","Armaments"],"picked":"Clash","floor":4},{"not_picked":["Pommel Strike","Heavy Blade"],"picked":"Clothesline","floor":7},{"not_picked":["True Grit","Heavy Blade"],"picked":"Sword Boomerang","floor":8},{"not_picked":["Thunderclap","Havoc"],"picked":"Perfected Strike","floor":10},{"not_picked":["Havoc","Clothesline"],"picked":"Perfected Strike","floor":11},{"not_picked":["Limit Break","Cleave"],"picked":"Pommel Strike","floor":13},{"not_picked":["Demon Form","Double Tap"],"picked":"Offering","floor":16},{"not_picked":["Sword Boomerang","Reckless Charge","Body Slam"],"picked":"SKIP","floor":18},{"not_picked":["Cleave","Headbutt+1","Clash+1"],"picked":"SKIP","floor":20},{"not_picked":["Intimidate","Armaments"],"picked":"Bloodletting","floor":24},{"not_picked":["Cleave","Perfected Strike"],"picked":"Shrug It Off+1","floor":25},{"not_picked":["Evolve","Heavy Blade+1","Cleave"],"picked":"SKIP","floor":27},{"not_picked":["Anger","Dropkick","Bludgeon"],"picked":"SKIP","floor":29},{"not_picked":["Feel No Pain","Headbutt","Havoc"],"picked":"SKIP","floor":31},{"not_picked":["Immolate","Berserk"],"picked":"Feed","floor":33},{"not_picked":["Heavy Blade","Flex","Iron Wave"],"picked":"Shrug It Off+1","floor":35},{"not_picked":["Thunderclap+1","Sentinel","Reckless Charge"],"picked":"Seeing Red","floor":35},{"not_picked":["Demon Form","Warcry+1","Dropkick+1"],"picked":"Flame Barrier","floor":36},{"not_picked":["Perfected Strike+1","Cleave","Thunderclap","Whirlwind"],"picked":"SKIP","floor":36},{"not_picked":["Corruption","Anger","Dual Wield+1"],"picked":"Flame Barrier","floor":37},{"not_picked":["Body Slam+1","Carnage+1","Evolve","Headbutt+1"],"picked":"SKIP","floor":38},{"not_picked":["Armaments","Heavy Blade+1","Wild Strike","Headbutt+1"],"picked":"SKIP","floor":38},{"not_picked":["Thunderclap+1","Metallicize","Searing Blow"],"picked":"Battle Trance+1","floor":39},{"not_picked":["Spot Weakness+1","Rampage","Ghostly Armor+1","Power Through+1"],"picked":"SKIP","floor":39},{"not_picked":["Entrench","Armaments","Reaper","Evolve"],"picked":"SKIP","floor":40},{"not_picked":["Pommel Strike+1","True Grit","Rage+1"],"picked":"Shrug It Off","floor":41},{"not_picked":["Body Slam+1","Wild Strike","Havoc"],"picked":"Shrug It Off","floor":41},{"not_picked":["Iron Wave","Ghostly Armor+1","Combust+1"],"picked":"Limit Break","floor":42},{"not_picked":["Combust","Reckless Charge+1","Dark Embrace+1","Shrug It Off+1"],"picked":"SKIP","floor":42},{"not_picked":["Wild Strike+1","Pommel Strike+1","Clash+1"],"picked":"Body Slam+1","floor":44},{"not_picked":["Carnage+1","Clothesline+1","Thunderclap+1"],"picked":"Flame Barrier","floor":45},{"not_picked":["Wild Strike+1","Double Tap","Clothesline+1","Iron Wave+1"],"picked":"SKIP","floor":45},{"not_picked":["Dual Wield+1","Iron Wave+1","Anger+1","Infernal Blade+1"],"picked":"SKIP","floor":46},{"not_picked":["Second Wind","Sentinel","Combust"],"picked":"Warcry+1","floor":48},{"not_picked":["Warcry","Sword Boomerang+1","Combust+1","Rampage+1"],"picked":"SKIP","floor":48},{"not_picked":["Whirlwind+1","True Grit","Havoc+1"],"picked":"Battle Trance","floor":54}],"player_experience":2189981,"relics_obtained":[{"floor":7,"key":"MealTicket"},{"floor":7,"key":"Ornamental Fan"},{"floor":9,"key":"Juzu Bracelet"},{"floor":10,"key":"Letter Opener"},{"floor":10,"key":"Orichalcum"},{"floor":24,"key":"Mummified Hand"},{"floor":24,"key":"Bronze Scales"},{"floor":27,"key":"Gambling Chip"},{"floor":27,"key":"Strawberry"},{"floor":29,"key":"Bag of Preparation"},{"floor":29,"key":"TungstenRod"},{"floor":34,"key":"Oddly Smooth Stone"},{"floor":34,"key":"Question Card"},{"floor":34,"key":"Prayer Wheel"},{"floor":37,"key":"Champion Belt"},{"floor":40,"key":"Akabeko"},{"floor":40,"key":"Matryoshka"},{"floor":43,"key":"Happy Flower"},{"floor":44,"key":"Molten Egg 2"},{"floor":44,"key":"CeramicFish"},{"floor":46,"key":"Pocketwatch"},{"floor":46,"key":"Meat on the Bone"},{"floor":54,"key":"Blue Candle"},{"floor":54,"key":"Pear"}],"event_choices":[{"cards_removed":["Defend_R"],"damage_healed":0,"gold_gain":0,"player_choice":"Card Removal","damage_taken":7,"max_hp_gain":0,"max_hp_loss":0,"event_name":"Golden Wing","floor":3,"gold_loss":0},{"damage_healed":0,"gold_gain":0,"player_choice":"Success","damage_taken":7,"relics_obtained":["Red Skull"],"max_hp_gain":0,"max_hp_loss":0,"event_name":"Scrap Ooze","floor":5,"gold_loss":0},{"damage_healed":0,"gold_gain":0,"player_choice":"Ignored","damage_taken":0,"max_hp_gain":0,"max_hp_loss":0,"event_name":"Beggar","floor":21,"gold_loss":0},{"damage_healed":0,"gold_gain":0,"player_choice":"Shed Blood","damage_taken":21,"max_hp_gain":5,"max_hp_loss":0,"event_name":"Forgotten Altar","floor":22,"gold_loss":0},{"damage_healed":0,"gold_gain":0,"player_choice":"Read","damage_taken":0,"max_hp_gain":0,"max_hp_loss":0,"event_name":"The Library","floor":30,"gold_loss":0,"cards_obtained":["Shrug It Off"]},{"damage_healed":0,"gold_gain":0,"player_choice":"Fight","damage_taken":0,"max_hp_gain":0,"max_hp_loss":0,"event_name":"Mysterious Sphere","floor":37,"gold_loss":0}],"is_beta":false,"boss_relics":[{"not_picked":["Mark of Pain","Runic Dome"],"picked":"Cursed Key"},{"not_picked":["Tiny House","Philosopher\u0027s Stone"],"picked":"Calling Bell"}],"items_purged_floors":[],"is_endless":false,"potions_floor_spawned":[2,8,11,25,27,33,36,38,39,44,45,46,48,54],"ascension_level":8}}