{"host":"yer03dsd277nstsn","time":1609154940,"event":{"mods":["BaseMod","Colored Powertips","Minty Spire (QoL Compilation)"],"gold_per_floor":[117,127,137,156,96,96,16,16,16,16,47,57,77,104,104,182,182,199,213,231,131,145,180,215,244,268,280,320,347,395,407,419,506,518,549,561,573,599,611,623,671,683,772,827,870,882,925,949,961,1050,1062,1062],"floor_reached":51,"playtime":4542,"items_purged":["Strike_R","Strike_G","Strike_B"],"score":2371,"play_id":"f2b78629-2cf7-4acc-9541-d439c391f416","local_time":"20201228052900","daily_mods":["Chimera","Vintage","ControlledChaos","Diverse","Heirloom","Time Dilation","Flight","Elite Swarm"],"is_ascension_mode":true,"campfire_choices":[{"floor":6.0,"key":"REST"},{"floor":8.0,"key":"REST"},{"floor":15.0,"key":"REST"},{"floor":27.0,"key":"REST"},{"data":"Impervious","floor":32.0,"key":"SMITH"},{"data":"Vault","floor":40,"key":"SMITH"},{"floor":42,"key":"REST"},{"floor":46,"key":"REST"},{"data":"Bash","floor":49,"key":"SMITH"}],"circlet_count":0,"master_deck":["AscendersBane","Bash+1","Survivor","Zap","Eruption","Defend_R","Defend_G","Defend_P","Bludgeon+1","Bludgeon+1","Vault+1","Impervious+1","Bludgeon+1","Echo Form+1"],"relics":["Snecko Eye","Calipers","The Courier","Singing Bowl","Molten Egg 2","Darkstone Periapt","Thread and Needle","Pear","Symbiotic Virus","Oddly Smooth Stone","Runic Pyramid","MealTicket","Frozen Egg 2","Matryoshka","Orichalcum","Happy Flower","Smiling Mask","MawBank","CeramicFish","PreservedInsect","Lantern","Kunai","Pen Nib","Pantograph","Ginger","Blood Vial","Bottled Lightning","Cables","CaptainsWheel","Emotion Chip"],"acts_visited":["Exordium","TheCity","TheBeyond"],"potions_floor_usage":[50,51,51],"damage_taken":[{"damage":14.0,"enemies":"2 Louse","floor":1.0,"turns":3.0},{"damage":14.0,"enemies":"Small Slimes","floor":2.0,"turns":3.0},{"damage":0.0,"enemies":"Cultist","floor":3.0,"turns":2.0},{"damage":21.0,"enemies":"Exordium Wildlife","floor":4.0,"turns":4.0},{"damage":0.0,"enemies":"Lagavulin","floor":11.0,"turns":4.0},{"damage":0.0,"enemies":"Red Slaver","floor":12.0,"turns":1.0},{"damage":10.0,"enemies":"Lots of Slimes","floor":13.0,"turns":4.0},{"damage":0.0,"enemies":"Gremlin Nob","floor":14.0,"turns":1.0},{"damage":0.0,"enemies":"The Guardian","floor":16.0,"turns":2.0},{"damage":5.0,"enemies":"Shell Parasite","floor":18.0,"turns":2.0},{"damage":0.0,"enemies":"Spheric Guardian","floor":19.0,"turns":2.0},{"damage":0.0,"enemies":"Shelled Parasite and Fungi","floor":20.0,"turns":2.0},{"damage":0.0,"enemies":"Snecko","floor":22.0,"turns":1.0},{"damage":0.0,"enemies":"Book of Stabbing","floor":23.0,"turns":1.0},{"damage":0.0,"enemies":"Gremlin Leader","floor":24.0,"turns":2.0},{"damage":27.0,"enemies":"Book of Stabbing","floor":25.0,"turns":4.0},{"damage":0.0,"enemies":"Slavers","floor":28.0,"turns":2.0},{"damage":0.0,"enemies":"3 Cultists","floor":29.0,"turns":3.0},{"damage":0.0,"enemies":"Book of Stabbing","floor":30.0,"turns":3.0},{"damage":0.0,"enemies":"Automaton","floor":33.0,"turns":5.0},{"damage":49,"enemies":"3 Darklings","floor":35,"turns":5},{"damage":0,"enemies":"3 Shapes","floor":38,"turns":3},{"damage":45,"enemies":"Nemesis","floor":41,"turns":4},{"damage":21,"enemies":"Giant Head","floor":44,"turns":5},{"damage":0,"enemies":"Reptomancer","floor":45,"turns":2},{"damage":3,"enemies":"Giant Head","floor":47,"turns":4},{"damage":0,"enemies":"Maw","floor":48,"turns":2},{"damage":11,"enemies":"Donu and Deca","floor":50,"turns":6},{"damage":113,"enemies":"Awakened One","floor":51,"turns":6}],"seed_played":"-7373944473286345579","potions_obtained":[{"floor":1.0,"key":"FocusPotion"},{"floor":3.0,"key":"LiquidBronze"},{"floor":19.0,"key":"DistilledChaos"},{"floor":29.0,"key":"SteroidPotion"},{"floor":33,"key":"ColorlessPotion"},{"floor":35,"key":"EssenceOfDarkness"},{"floor":48,"key":"ColorlessPotion"},{"floor":50,"key":"SteroidPotion"}],"is_trial":true,"path_per_floor":["M","M","M","M","$","R","$","R","T","$","E","M","M","E","R","B",null,"M","M","M","$","M","E","E","E","T","R","E","M","E","$","R","B",null,"M","?","?","M","?","R","E","R","T","E","E","R","E","M","R","B","B"],"character_chosen":"DEFECT","items_purchased":[],"campfire_rested":6,"item_purchase_floors":[],"current_hp_per_floor":[50,36,36,15,15,36,36,57,57,57,57,67,57,57,81,83,83,78,78,78,83,83,83,85,58,58,83,85,85,85,87,87,89,89,40,40,40,40,99,99,54,83,83,64,68,98,99,101,101,94,0,0],"gold":1062,"neow_bonus":"","is_daily":false,"chose_seed":false,"campfire_upgraded":3,"win_rate":0.0,"timestamp":1609154940,"path_taken":["M","M","M","M","$","R","$","R","T","$","E","M","M","E","R","BOSS","M","M","M","$","M","E","E","E","T","R","E","M","E","$","R","BOSS","BOSS","M","?","?","M","?","R","E","R","T","E","E","R","E","?","R","BOSS","BOSS"],"items_purchased_type":[],"build_version":"2020-12-22","purchased_purges":3,"victory":false,"max_hp_per_floor":[71,71,71,71,71,71,71,71,71,71,71,81,81,81,81,83,83,83,83,83,83,83,83,85,85,85,85,87,87,87,87,87,89,89,89,89,89,89,99,99,99,99,99,99,101,101,103,103,103,105,105,105],"card_choices":[{"not_picked":["Wish","Thunder Strike+1"],"picked":"Bludgeon+1","floor":11.0},{"not_picked":["Berserk","Thunder Strike+1"],"picked":"Bludgeon+1","floor":14.0},{"not_picked":["Establishment","Malaise","Offering"],"picked":"Singing Bowl","floor":16.0},{"not_picked":["Thunder Strike+1","Phantasmal Killer"],"picked":"LessonLearned+1","floor":23.0},{"not_picked":["Corpse Explosion","MasterReality+1","Unload+1"],"picked":"Singing Bowl","floor":24.0},{"not_picked":["Biased Cognition+1","Establishment+1"],"picked":"Vault","floor":25.0},{"not_picked":["Corpse Explosion","Scrawl","Berserk+1"],"picked":"Singing Bowl","floor":28.0},{"not_picked":["Adrenaline","Tools of the Trade+1"],"picked":"Impervious","floor":30.0},{"not_picked":["MasterReality+1","Multi-Cast","Ragnarok+1"],"picked":"Singing Bowl","floor":33},{"not_picked":["Fission","Doppelganger"],"picked":"Bludgeon+1","floor":41},{"not_picked":["Wish","Ragnarok+1"],"picked":"Echo Form+1","floor":44},{"not_picked":["Biased Cognition+1","Rainbow","SpiritShield"],"picked":"Singing Bowl","floor":45},{"not_picked":["Berserk+1","After Image+1","Double Tap"],"picked":"Singing Bowl","floor":47},{"not_picked":["Die Die Die+1","Fission","Barricade+1"],"picked":"Singing Bowl","floor":50}],"player_experience":384016,"relics_obtained":[{"floor":1.0,"key":"The Courier"},{"floor":2.0,"key":"Singing Bowl"},{"floor":3.0,"key":"Molten Egg 2"},{"floor":4.0,"key":"Darkstone Periapt"},{"floor":11.0,"key":"Thread and Needle"},{"floor":12.0,"key":"Pear"},{"floor":13.0,"key":"Symbiotic Virus"},{"floor":14.0,"key":"Oddly Smooth Stone"},{"floor":18.0,"key":"MealTicket"},{"floor":19.0,"key":"Frozen Egg 2"},{"floor":22.0,"key":"Matryoshka"},{"floor":23.0,"key":"Orichalcum"},{"floor":24.0,"key":"Happy Flower"},{"floor":25.0,"key":"Smiling Mask"},{"floor":26.0,"key":"MawBank"},{"floor":26.0,"key":"CeramicFish"},{"floor":28.0,"key":"PreservedInsect"},{"floor":29.0,"key":"Lantern"},{"floor":30.0,"key":"Kunai"},{"floor":35,"key":"Pen Nib"},{"floor":38,"key":"Pantograph"},{"floor":41,"key":"Ginger"},{"floor":43,"key":"Blood Vial"},{"floor":43,"key":"Bottled Lightning"},{"floor":45,"key":"Cables"},{"floor":47,"key":"CaptainsWheel"},{"floor":48,"key":"Emotion Chip"}],"event_choices":[{"damage_healed":0,"gold_gain":0,"player_choice":"Ignored","damage_taken":0,"max_hp_gain":0,"max_hp_loss":0,"event_name":"The Moai Head","floor":36,"gold_loss":0},{"damage_healed":0,"gold_gain":0,"player_choice":"Ignored","damage_taken":0,"max_hp_gain":0,"max_hp_loss":0,"event_name":"Tomb of Lord Red Mask","floor":37,"gold_loss":0},{"cards_removed":["LessonLearned"],"damage_healed":49,"gold_gain":0,"player_choice":"Offered Rare","damage_taken":0,"max_hp_gain":10,"max_hp_loss":0,"event_name":"Bonfire Elementals","floor":39,"gold_loss":0}],"is_beta":false,"boss_relics":[{"not_picked":["SacredBark","Black Star"],"picked":"Runic Pyramid"},{"not_picked":["Cursed Key","Runic Dome","Inserter"]}],"items_purged_floors":[5,7,21],"is_endless":true,"potions_floor_spawned":[1,3,11,14,19,22,25,29,33,35,48,50],"killed_by":"Awakened One","ascension_level":20}}