{"host":"d1ko3fbbyfpftrlc","time":1609178675,"event":{"mods":["AchievementEnabler","BaseMod","Curses Come First","Minty Spire (QoL Compilation)","Replay The Spire","StSLib"],"gold_per_floor":[13,188,207,221,231,231,231,262,272,272,272],"floor_reached":10,"playtime":426,"items_purged":[],"score":70,"play_id":"e987d8ef-4f30-456b-a5bf-183f592bf8d2","local_time":"20201229010435","is_ascension_mode":false,"campfire_choices":[],"circlet_count":0,"master_deck":["Strike_R","Strike_R","Strike_R","Strike_R","Strike_R","Defend_R","Defend_R","Defend_R","Seeing Red","Disarm","Defy Death","Doubt","Metallicize","Battle Trance","Dark Embrace","Twin Strike","Infernal Blade"],"relics":["Burning Blood","Happy Flower"],"acts_visited":["Exordium"],"potions_floor_usage":[8,8,9],"damage_taken":[{"damage":10,"enemies":"Cultist","floor":1,"turns":4},{"damage":3,"enemies":"2 Louse","floor":3,"turns":4},{"damage":8,"enemies":"Jaw Worm","floor":4,"turns":7},{"damage":4,"enemies":"Red Slaver","floor":5,"turns":6},{"damage":34,"enemies":"Gremlin Nob","floor":8,"turns":6},{"damage":15,"enemies":"Exordium Thugs","floor":9,"turns":6},{"damage":49,"enemies":"Lagavulin","floor":10,"turns":6}],"seed_played":"1550381251153433508","potions_obtained":[{"floor":3,"key":"Fire Potion"},{"floor":5,"key":"SneckoOil"},{"floor":8,"key":"Fire Potion"}],"is_trial":false,"path_per_floor":["M","?","M","M","M","PTL","PTL","E","M","E"],"character_chosen":"IRONCLAD","items_purchased":[],"campfire_rested":0,"item_purchase_floors":[],"current_hp_per_floor":[76,76,79,77,79,79,79,51,42,0,0],"gold":272,"neow_bonus":"TRANSFORM_TWO_CARDS","is_daily":false,"chose_seed":false,"campfire_upgraded":0,"win_rate":0.0,"timestamp":1609178675,"path_taken":["M","?","M","M","M","PTL","PTL","E","M","E"],"items_purchased_type":[],"build_version":"2020-12-22","purchased_purges":0,"victory":false,"max_hp_per_floor":[80,80,80,80,80,80,80,80,80,80,80],"card_choices":[{"not_picked":["Cleave","Iron Wave"],"picked":"Defy Death","floor":1},{"not_picked":["Warcry","Havoc"],"picked":"Metallicize","floor":3},{"not_picked":["Havoc","Seeing Red"],"picked":"Battle Trance","floor":4},{"not_picked":["Shockwave","Perfected Strike"],"picked":"Dark Embrace","floor":5},{"not_picked":["Spot Weakness","Dropkick"],"picked":"Twin Strike","floor":8},{"not_picked":["Dropkick","ReplayReversal"],"picked":"Infernal Blade","floor":9}],"player_experience":32881,"relics_obtained":[{"floor":8,"key":"Happy Flower"}],"event_choices":[{"damage_healed":0,"gold_gain":175,"player_choice":"AGREE","damage_taken":0,"max_hp_gain":0,"max_hp_loss":0,"event_name":"Liars Game","floor":2,"gold_loss":0,"cards_obtained":["Doubt"]}],"is_beta":false,"boss_relics":[],"items_purged_floors":[],"is_endless":false,"potions_floor_spawned":[3,5,8],"killed_by":"Lagavulin","ascension_level":0}}