{"host":"zpql4quw4g2j1hsh","time":1609131864,"event":{"mods":["Act Like it!","BaseMod","Better-Laid Plans","Challenge The Spire","Lobotomy","LobotomyExtend","Minty Spire (QoL Compilation)","Permanent Neow","Quick Restart","Relic Stats","Remilia（蕾米莉亚）","Spicy Shops","StSLib","SuperFastMode","【遗物卡牌】REMEMod","篝火指南"],"gold_per_floor":[118,137,154,166,179,179,179,129,129,129,160,174,197,272,272,272,272],"floor_reached":16,"playtime":1039,"items_purged":[],"score":104,"play_id":"c680e571-50d5-4a2a-81b5-7ef1bcecb915","local_time":"20201228130424","is_ascension_mode":false,"campfire_choices":[{"data":"BloodHunter","floor":6,"key":"SMITH"},{"data":"RedNightlessCastle","floor":10,"key":"SMITH"},{"data":"ScarletShoot","floor":15,"key":"SMITH"}],"circlet_count":0,"master_deck":["Strike_RM","Strike_RM","Strike_RM","Strike_RM","Defend_RM","Defend_RM","Defend_RM","RedMoon","ScarletShoot+1","RedNightlessCastle+1","Woodsman","MastersStateliness","MeatLantern","VampireFantasy","Wellcheers","Porccubus","BloodHunter+1","OSAHOGD","UnstableMagic","KillingBlow","CherryBlossoms","QueenOfHatred","MillenniumVampire","NightDance","Bloodbath"],"relics":["ScarletHat","REME_ComplimentaryCards","CogitoBucket","LetterFromLob","Golden Idol","Happy Flower","Bronze Scales","HellTrain"],"acts_visited":["Exordium"],"potions_floor_usage":[11,11],"damage_taken":[{"damage":0,"enemies":"Cultist","floor":1,"turns":3},{"damage":7,"enemies":"2 Louse","floor":2,"turns":5},{"damage":0,"enemies":"Jaw Worm","floor":3,"turns":4},{"damage":0,"enemies":"2 Fungi Beasts","floor":4,"turns":2},{"damage":18,"enemies":"Gremlin Gang","floor":5,"turns":5},{"damage":37,"enemies":"Gremlin Nob","floor":11,"turns":7},{"damage":20,"enemies":"Large Slime","floor":12,"turns":4},{"damage":1,"enemies":"Lots of Slimes","floor":13,"turns":3},{"damage":52,"enemies":"The Guardian","floor":16,"turns":8}],"seed_played":"1806314401163419943","potions_obtained":[{"floor":2,"key":"DistilledChaos"},{"floor":4,"key":"DistilledChaos"}],"is_trial":false,"path_per_floor":["M","M","M","M","M","R","?","?","T","R","E","M","M","?","R","B"],"character_chosen":"REMILIA","items_purchased":[],"campfire_rested":0,"item_purchase_floors":[],"current_hp_per_floor":[75,75,75,75,57,57,39,39,39,39,16,5,37,26,26,0,0],"gold":272,"neow_bonus":"","is_daily":false,"chose_seed":false,"campfire_upgraded":3,"win_rate":0.0,"timestamp":1609131864,"path_taken":["M","M","M","M","M","R","?","?","T","R","E","M","M","?","R","BOSS"],"items_purchased_type":[],"build_version":"2020-12-22","purchased_purges":0,"victory":false,"max_hp_per_floor":[75,75,75,75,75,75,75,75,75,75,75,75,75,75,75,75,75],"relic_stats":{"Happy Flower":[7],"counters":[10,42],"Golden Idol":14,"Bronze Scales":[54],"obtain_stats":[{"CogitoBucket":0,"Happy Flower":9,"Golden Idol":7,"Bronze Scales":11,"LetterFromLob":1,"HellTrain":12,"ScarletHat":0,"REME_ComplimentaryCards":0},{"CogitoBucket":0,"Happy Flower":5,"Golden Idol":5,"Bronze Scales":6,"LetterFromLob":1,"HellTrain":8,"ScarletHat":0,"REME_ComplimentaryCards":0},{"CogitoBucket":0,"Happy Flower":19,"Golden Idol":19,"Bronze Scales":26,"LetterFromLob":3,"HellTrain":31,"ScarletHat":0,"REME_ComplimentaryCards":0}]},"card_choices":[{"not_picked":["ChainGang","CharismaGuard"],"picked":"RedNightlessCastle","floor":1},{"not_picked":["ShyLook","PunishingBird"],"picked":"Woodsman","floor":1},{"not_picked":["GlobalNightmare","VampireKiss"],"picked":"MastersStateliness","floor":2},{"not_picked":["VoidDream","BeautyBeast"],"picked":"MeatLantern","floor":2},{"not_picked":["UnderTheZenith","ScarletNetherworld"],"picked":"VampireFantasy","floor":3},{"not_picked":["Murderer","SpiderBud"],"picked":"Wellcheers","floor":3},{"not_picked":["MHz","Scorched"],"picked":"Porccubus","floor":4},{"not_picked":["MillenniumVampire","RedRainbow"],"picked":"BloodHunter","floor":4},{"not_picked":["Murderer","MHz"],"picked":"OSAHOGD","floor":5},{"not_picked":["StarOfDavid","BloodHunter"],"picked":"UnstableMagic","floor":5},{"not_picked":["AfternoonTea","Stigmanizer"],"picked":"KillingBlow","floor":11},{"not_picked":["Murderer","Funeral","PunishingBird"],"picked":"Singing Bowl","floor":11},{"not_picked":["BlackSwan","Freischutz"],"picked":"CherryBlossoms","floor":11},{"not_picked":["Yin","DespairKnight"],"picked":"QueenOfHatred","floor":12},{"not_picked":["BlasphemousPunishment","BloodAndWine"],"picked":"MillenniumVampire","floor":12},{"not_picked":["VampireKiss","ScarletGensokyo"],"picked":"NightDance","floor":13},{"not_picked":["Yin","BeautyBeast","ShyLook"],"picked":"Singing Bowl","floor":13},{"not_picked":["VoidDream","FairyFestival"],"picked":"Bloodbath","floor":13}],"player_experience":1046,"relics_obtained":[{"floor":1,"key":"LetterFromLob"},{"floor":9,"key":"Happy Flower"},{"floor":11,"key":"Bronze Scales"}],"event_choices":[{"damage_healed":0,"gold_gain":0,"player_choice":"Take Damage","damage_taken":18,"relics_obtained":["Golden Idol"],"max_hp_gain":0,"max_hp_loss":0,"event_name":"Golden Idol","floor":7,"gold_loss":0},{"cards_removed":["Defend_RM"],"damage_healed":0,"gold_gain":0,"player_choice":"Card Removal","damage_taken":0,"max_hp_gain":0,"max_hp_loss":0,"event_name":"The Cleric","floor":8,"gold_loss":50},{"damage_healed":0,"gold_gain":75,"player_choice":"Gather Gold","damage_taken":11,"max_hp_gain":0,"max_hp_loss":0,"event_name":"World of Goop","floor":14,"gold_loss":0}],"is_beta":false,"boss_relics":[],"items_purged_floors":[],"is_endless":false,"potions_floor_spawned":[2,4],"killed_by":"The Guardian","ascension_level":0}}