{"host":"1zjc08c6hob33401","time":1609173225,"event":{"mods":["AchievementEnabler","Act Like it!","Aspiration","BaseMod","Downfall","Energized Spire","GifTheSpireLib","Hubris","Infinite Spire","Jedi Mod","Minty Spire (QoL Compilation)","Pale of the Ancients","Quick Restart","Replay The Spire","Retaliation","Shop Mod","StSLib","Stuff the Spire","The Blue Laboratory","Wandering Minibosses","vexMod"],"gold_per_floor":[109,123,48,48,48,62,62,62,86,86,102,102,118,135,135,233,183,199,214,114,114,114,114,125,125,125,152,152,27,46,63,63,163,163,181,181,196,196,49,49,49,83,83,83,117,132,132,145,145,145,145,145],"floor_reached":50,"playtime":3728,"items_purged":["Slimebound:Defend_Slimebound","Slimebound:Defend_Slimebound","Slimebound:Defend_Slimebound+1"],"score":535,"play_id":"9d7f637c-b2c2-406f-930c-e19f77e3838c","local_time":"20201228183345","is_ascension_mode":false,"campfire_choices":[{"data":"Slimebound:AcidTongue","floor":7,"key":"SMITH"},{"data":"Slimebound:RainOfGoop","floor":10,"key":"SMITH"},{"data":"Slimebound:RainOfGoop","floor":12,"key":"SMITH"},{"data":"Slimebound:HauntingLick","floor":15,"key":"SMITH"},{"data":"Slimebound:LeechLife","floor":23,"key":"SMITH"},{"data":"Slimebound:CorrosiveSpit","floor":25,"key":"SMITH"},{"data":"Slimebound:RainOfGoop","floor":28,"key":"SMITH"},{"data":"Slimebound:RejuvenatingLick","floor":32,"key":"SMITH"},{"data":"Slimebound:DouseInSlime","floor":40,"key":"SMITH"},{"data":"Slimebound:Split","floor":44,"key":"SMITH"},{"data":"Slimebound:SpikyOuterGoop","floor":44,"key":"SMITH"},{"data":"Slimebound:Darklings","floor":47,"key":"SMITH"},{"data":"StuffTheSpire:Innocence","floor":47,"key":"SMITH"},{"data":"Slimebound:SlimeTap","floor":49,"key":"SMITH"},{"data":"Slimebound:Tackle","floor":49,"key":"SMITH"}],"circlet_count":0,"master_deck":["Slimebound:Strike_Slimebound+1","Slimebound:Strike_Slimebound+1","Slimebound:Split+1","Slimebound:CorrosiveSpit+1","Slimebound:RainOfGoop+1","Slimebound:AcidTongue+1","StuffTheSpire:Innocence+1","Slimebound:RainOfGoop+1","Slimebound:Tackle+1","Slimebound:HauntingLick+1","Slimebound:SpikyOuterGoop+1","Slimebound:LeechLife+1","Slimebound:Strike_Slimebound+1","Slimebound:RejuvenatingLick+1","Slimebound:RejuvenatingLick+1","Slimebound:RainOfGoop+1","Slimebound:DouseInSlime+1","Slimebound:Prepare+1","Slimebound:SlimeTap+1","Slimebound:LeechLife+1","Slimebound:Darklings+1"],"relics":["Slimebound:AbsorbEndCombat","aspiration:Nostalgia","Sizzling Blood","StuffTheSpire:Mouthbags","energizedSpire:HugeHouse","StuffTheSpire:RubySignet","hubris:TenFootPole","energizedSpire:DeadBattery","wanderingMiniBosses:AbyssPearl","DollysMirror","Replay:Arrowhead","StuffTheSpire:Barrel","Boot"],"acts_visited":["Exordium","TheCity","TheBeyond"],"potions_floor_usage":[18,19,27,33,42,46,50],"damage_taken":[{"damage":8,"enemies":"2 Louse","floor":1,"turns":3},{"damage":14,"enemies":"Cultist","floor":2,"turns":5},{"damage":10,"enemies":"Jaw Worm","floor":6,"turns":3},{"damage":15,"enemies":"Exordium Wildlife","floor":11,"turns":4},{"damage":16,"enemies":"Exordium Thugs","floor":13,"turns":2},{"damage":10,"enemies":"Looter","floor":14,"turns":2},{"damage":56,"enemies":"Hexaghost","floor":16,"turns":6},{"damage":40,"enemies":"Chosen","floor":18,"turns":6},{"damage":40,"enemies":"3 Byrds","floor":19,"turns":5},{"damage":40,"enemies":"Centurion and Healer","floor":24,"turns":6},{"damage":34,"enemies":"Gremlin Leader","floor":27,"turns":5},{"damage":3,"enemies":"Snake Plant","floor":30,"turns":1},{"damage":5,"enemies":"Snecko","floor":31,"turns":3},{"damage":14,"enemies":"hubris:MusketHawk","floor":33,"turns":6},{"damage":10,"enemies":"Orb Walker","floor":35,"turns":2},{"damage":41,"enemies":"3 Shapes","floor":37,"turns":5},{"damage":68,"enemies":"Reptomancer","floor":42,"turns":4},{"damage":33,"enemies":"Nightmare","floor":45,"turns":6},{"damage":13,"enemies":"3 Darklings","floor":46,"turns":3},{"damage":35,"enemies":"Maw","floor":48,"turns":4},{"damage":101,"enemies":"Awakened One","floor":50,"turns":6}],"seed_played":"-5824293600245133483","potions_obtained":[{"floor":2,"key":"blueLaboratory:FrostheartPotion"},{"floor":13,"key":"blueLaboratory:CorrosionFlask"},{"floor":14,"key":"Elixir"},{"floor":16,"key":"Slimebound:SpawnSlimePotion"},{"floor":18,"key":"Adrenaline Potion"},{"floor":19,"key":"Strength Potion"},{"floor":30,"key":"blueLaboratory:NullPotion"},{"floor":31,"key":"blueLaboratory:HorrorPotion"},{"floor":37,"key":"Regen Potion"},{"floor":45,"key":"DistilledChaos"}],"is_trial":false,"path_per_floor":["M","M","$","?","?","M","R","$","T","R","M","R","M","M","R","B",null,"M","M","$","?","?","R","M","R","T","E","R","$","M","M","R","B",null,"M","?","M","?","$","R","?","E","T","R","NM","M","R","M","R","B"],"character_chosen":"SLIMEBOUND","items_purchased":["DollysMirror"],"campfire_rested":0,"item_purchase_floors":[39],"current_hp_per_floor":[64,64,64,57,57,63,63,63,63,63,64,64,60,58,58,22,59,34,47,47,47,47,47,36,36,36,37,37,37,44,59,59,59,59,59,59,59,59,59,59,59,59,59,59,59,59,59,57,57,0,0,0],"gold":145,"neow_bonus":"NOSTALGIA","is_daily":false,"chose_seed":false,"campfire_upgraded":15,"win_rate":0.0,"timestamp":1609173225,"path_taken":["M","M","$","?","?","M","R","$","T","R","M","R","M","M","R","BOSS","M","?","$","?","?","R","?","R","T","E","R","?","M","M","R","BOSS","M","?","?","?","$","R","?","E","T","R","NM","M","R","M","R","BOSS"],"items_purchased_type":["Relic"],"build_version":"2020-12-22","purchased_purges":3,"victory":false,"max_hp_per_floor":[64,64,64,64,64,64,64,64,64,64,64,64,64,64,64,64,59,59,59,59,59,59,59,59,59,59,59,59,59,59,59,59,59,59,59,59,59,59,59,59,59,59,59,59,59,59,59,59,59,59,59,59],"card_choices":[{"not_picked":["Slimebound:SlimeBarrage","Slimebound:SamplingLick"],"picked":"Slimebound:RainOfGoop","floor":1},{"not_picked":["Slimebound:GoopSpray","Slimebound:LeechEnergy"],"picked":"Slimebound:AcidTongue","floor":2},{"not_picked":["Slimebound:SplitAcid","Slimebound:FlameTackle"],"picked":"Slimebound:RainOfGoop","floor":6},{"not_picked":["Slimebound:Chomp","Slimebound:SplitMire"],"picked":"Slimebound:GoopSpray","floor":11},{"not_picked":["Slimebound:Prepare","Slimebound:LeechingTouch"],"picked":"Slimebound:HauntingLick","floor":13},{"not_picked":["Slimebound:ForwardTackle","Slimebound:Schlurp"],"picked":"Slimebound:SpikyOuterGoop","floor":14},{"not_picked":["Slimebound:MassFeed","Slimebound:SelfFormingGoo"],"picked":"Slimebound:LeechLife","floor":16},{"not_picked":["Slimebound:ComboTackle","Slimebound:LeechEnergy"],"picked":"Slimebound:RejuvenatingLick+1","floor":18},{"not_picked":["Slimebound:LeechingTouch","Slimebound:SplitAcid+1","Slimebound:SplitBruiser+1"],"picked":"SKIP","floor":19},{"not_picked":["Slimebound:Schlurp","Slimebound:GoopTackle","Slimebound:SlimeSpikes+1"],"picked":"SKIP","floor":24},{"not_picked":["Slimebound:Prepare","Slimebound:SpikyOuterGoop+1"],"picked":"Slimebound:RainOfGoop","floor":27},{"not_picked":["Slimebound:TongueLash","Slimebound:Chomp","Slimebound:PressTheAttack"],"picked":"SKIP","floor":30},{"not_picked":["Slimebound:RollThrough","Slimebound:Dissolve+1","Slimebound:SamplingLick"],"picked":"SKIP","floor":31},{"not_picked":["Slimebound:LeechLife","Slimebound:Recycling"],"picked":"Slimebound:DouseInSlime","floor":33},{"not_picked":["Slimebound:Chomp+1","Slimebound:AcidTongue"],"picked":"Slimebound:Prepare+1","floor":35},{"not_picked":["Slimebound:GrowthPunch+1","Slimebound:RollThrough+1","Slimebound:Grow+1"],"picked":"SKIP","floor":37},{"not_picked":["Slimebound:SamplingLick","Slimebound:AcidTongue","Slimebound:Grow+1"],"picked":"SKIP","floor":42},{"not_picked":["Slimebound:FinishingTackle+1","Slimebound:SplitAcid"],"picked":"Slimebound:Darklings","floor":45},{"not_picked":["Slimebound:ViciousTackle+1","Slimebound:GrowthPunch","Slimebound:SplitBruiser"],"picked":"SKIP","floor":46},{"not_picked":["Slimebound:Schlurp","Slimebound:BestDefense+1","Slimebound:SplitMire"],"picked":"SKIP","floor":48}],"player_experience":396678,"relics_obtained":[{"floor":9,"key":"StuffTheSpire:Mouthbags"},{"floor":26,"key":"StuffTheSpire:RubySignet"},{"floor":27,"key":"hubris:TenFootPole"},{"floor":37,"key":"wanderingMiniBosses:AbyssPearl"},{"floor":42,"key":"Replay:Arrowhead"},{"floor":43,"key":"StuffTheSpire:Barrel"},{"floor":45,"key":"Boot"}],"event_choices":[{"cards_removed":["Slimebound:Defend_Slimebound"],"damage_healed":0,"gold_gain":0,"player_choice":"Purged","damage_taken":0,"max_hp_gain":0,"max_hp_loss":0,"event_name":"Purifier","floor":5,"gold_loss":0},{"damage_healed":0,"gold_gain":0,"player_choice":"Simplicity","damage_taken":0,"max_hp_gain":0,"max_hp_loss":0,"event_name":"Back to Basics","floor":21,"gold_loss":0,"cards_upgraded":["Slimebound:Strike_Slimebound","Slimebound:Strike_Slimebound","Slimebound:Strike_Slimebound","Slimebound:Defend_Slimebound","Slimebound:Strike_Slimebound"]},{"damage_healed":0,"gold_gain":0,"player_choice":"Ignored","damage_taken":0,"max_hp_gain":0,"max_hp_loss":0,"event_name":"Vampires","floor":22,"gold_loss":0},{"damage_healed":0,"gold_gain":0,"cards_transformed":["Slimebound:Strike_Slimebound"],"player_choice":"Transformed","damage_taken":0,"max_hp_gain":0,"max_hp_loss":0,"event_name":"Transmorgrifier","floor":36,"gold_loss":0,"cards_obtained":["Slimebound:SlimeTap"]}],"is_beta":false,"boss_relics":[{"not_picked":["energizedSpire:StickyHand","Empty Cage"],"picked":"energizedSpire:HugeHouse"},{"not_picked":["Astrolabe","hubris:CrackedHourglass"],"picked":"energizedSpire:DeadBattery"}],"items_purged_floors":[3,20,29],"is_endless":false,"potions_floor_spawned":[2,13,14,16,18,19,30,31,37,45],"killed_by":"Awakened One","ascension_level":0}}