{"host":"3qkmyeoym75lj4wn","time":1609177956,"event":{"mods":["2.2 Compatiblity","BaseMod","Block Reminder","Colored Powertips","Highlight Path","Minty Spire (QoL Compilation)","Permanent Neow","Potion Indicator Mod","Rare Cards Sparkle","Relic Stats","StSLib"],"gold_per_floor":[116,81,97,97,111,111,111,145,169,180,199,199,199],"floor_reached":12,"playtime":425,"items_purged":[],"score":180,"play_id":"d3fd617d-a34b-444f-85c8-922eb3214233","local_time":"20201228175236","is_ascension_mode":true,"campfire_choices":[{"data":"Cloak And Dagger","floor":7,"key":"SMITH"}],"circlet_count":0,"master_deck":["AscendersBane","Strike_G","Strike_G","Strike_G","Strike_G","Strike_G","Defend_G","Defend_G","Defend_G","Defend_G","Defend_G","Survivor","Neutralize+1","Dagger Spray+1","Cloak And Dagger+1","Skewer"],"relics":["Ring of the Snake","Smiling Mask","Regal Pillow"],"acts_visited":["Exordium"],"potions_floor_usage":[6,8,12],"damage_taken":[{"damage":3,"enemies":"Cultist","floor":1,"turns":4},{"damage":0,"enemies":"2 Louse","floor":3,"turns":3},{"damage":2,"enemies":"Jaw Worm","floor":5,"turns":4},{"damage":0,"enemies":"Lagavulin","floor":6,"turns":2},{"damage":35,"enemies":"3 Sentries","floor":8,"turns":12},{"damage":1,"enemies":"2 Fungi Beasts","floor":10,"turns":3},{"damage":12,"enemies":"Exordium Wildlife","floor":11,"turns":5},{"damage":26,"enemies":"Gremlin Nob","floor":12,"turns":3}],"seed_played":"7219655255104733269","potions_obtained":[{"floor":1,"key":"GamblersBrew"},{"floor":5,"key":"SmokeBomb"},{"floor":11,"key":"DuplicationPotion"}],"is_trial":false,"path_per_floor":["M","?","M","?","M","E","R","E","T","M","M","E"],"character_chosen":"THE_SILENT","items_purchased":[],"campfire_rested":0,"item_purchase_floors":[],"current_hp_per_floor":[56,66,66,66,64,64,64,29,29,28,16,0,0],"gold":199,"neow_bonus":"UPGRADE_CARD","is_daily":false,"chose_seed":false,"campfire_upgraded":1,"win_rate":0.0,"timestamp":1609177956,"path_taken":["M","?","M","?","M","E","R","E","T","M","M","E"],"items_purchased_type":[],"build_version":"2020-12-22","purchased_purges":0,"victory":false,"max_hp_per_floor":[66,66,66,66,66,66,66,66,66,66,66,66,66],"relic_stats":{"Regal Pillow":0,"counters":[8,36],"Smiling Mask":0,"obtain_stats":[{"Regal Pillow":9,"Smiling Mask":8,"Ring of the Snake":0},{"Regal Pillow":5,"Smiling Mask":5,"Ring of the Snake":0},{"Regal Pillow":25,"Smiling Mask":25,"Ring of the Snake":0}],"Ring of the Snake":[16]},"card_choices":[{"not_picked":["Heel Hook","Terror","Sucker Punch"],"picked":"SKIP","floor":1},{"not_picked":["Quick Slash","Flying Knee"],"picked":"Dagger Spray","floor":3},{"not_picked":["Quick Slash","Outmaneuver"],"picked":"Cloak And Dagger","floor":5},{"not_picked":["Outmaneuver","Underhanded Strike","Sucker Punch"],"picked":"SKIP","floor":8},{"not_picked":["Outmaneuver","Distraction","Sucker Punch"],"picked":"SKIP","floor":10},{"not_picked":["Acrobatics","Bane"],"picked":"Skewer","floor":11}],"player_experience":1600011,"relics_obtained":[{"floor":8,"key":"Smiling Mask"},{"floor":9,"key":"Regal Pillow"}],"event_choices":[{"damage_healed":16,"gold_gain":0,"player_choice":"Healed","damage_taken":0,"max_hp_gain":0,"max_hp_loss":0,"event_name":"The Cleric","floor":2,"gold_loss":35},{"damage_healed":0,"gold_gain":0,"player_choice":"Grow","damage_taken":0,"max_hp_gain":0,"max_hp_loss":0,"event_name":"Living Wall","floor":4,"gold_loss":0,"cards_upgraded":["Dagger Spray"]}],"is_beta":false,"boss_relics":[],"items_purged_floors":[],"is_endless":false,"potions_floor_spawned":[1,5,11],"killed_by":"Gremlin Nob","ascension_level":20}}