{"host":"usqe6yg0e0rryp0e","time":1609196141,"event":{"mods":["BaseMod","Colored Map","Colored Powertips","Minty Spire (QoL Compilation)","Relic Stats"],"gold_per_floor":[114,114,114,131,206,232,232,232,232,232,232,232,157,172,172,249,249,268,193,193,211,228,228,258,258,258,258,289,289,9,59,59,136,136,150,175,192,192,9,9,9,9,62,62,75,106,106,121,121,121,121,121,121,26,57,57,57],"floor_reached":56,"playtime":7522,"items_purged":["Pain","Strike_G"],"score":2020,"play_id":"8921201b-922b-4a3c-b563-4cb154fde8d2","local_time":"20201228235541","is_ascension_mode":true,"campfire_choices":[{"data":"Burst","floor":8.0,"key":"SMITH"},{"data":"Neutralize","floor":11.0,"key":"SMITH"},{"data":"Footwork","floor":15.0,"key":"SMITH"},{"data":"Leg Sweep","floor":23.0,"key":"SMITH"},{"data":"Terror","floor":25.0,"key":"SMITH"},{"floor":27.0,"key":"REST"},{"data":"Footwork","floor":32.0,"key":"SMITH"},{"floor":40,"key":"RECALL"},{"data":"Footwork","floor":42,"key":"SMITH"},{"floor":49,"key":"REST"},{"floor":53,"key":"REST"}],"circlet_count":0,"master_deck":["AscendersBane","Strike_G","Defend_G","Defend_G","Defend_G","Defend_G","Defend_G","Survivor","Neutralize+1","Deadly Poison","Unload","Escape Plan","Burst+1","Footwork+1","Corpse Explosion","Poisoned Stab","Leg Sweep+1","Terror+1","Deadly Poison+1","Footwork+1","Footwork+1","Venomology","Acrobatics+1","Dash+1","Deflect","PiercingWail","Normality","Dodge and Roll+1","Doppelganger","Master of Strategy","Good Instincts","Chrysalis","Backflip","Footwork","Well Laid Plans","Prepared+1"],"relics":["Ring of the Snake","NeowsBlessing","Anchor","Thread and Needle","Question Card","Gremlin Horn","WarpedTongs","Philosopher\u0027s Stone","Strawberry","The Courier","Bottled Flame","Pear","Lee\u0027s Waffle","Cursed Key","TungstenRod","Frozen Eye","Art of War","Letter Opener"],"acts_visited":["Exordium","TheCity","TheBeyond","TheEnding"],"potions_floor_usage":[35,37,37,44,45,48,50,51,51,51,55,56,56],"damage_taken":[{"damage":0.0,"enemies":"Small Slimes","floor":1.0,"turns":1.0},{"damage":0.0,"enemies":"2 Louse","floor":4.0,"turns":1.0},{"damage":0.0,"enemies":"Gremlin Nob","floor":6.0,"turns":1.0},{"damage":0.0,"enemies":"Cultist","floor":14.0,"turns":3.0},{"damage":12.0,"enemies":"Hexaghost","floor":16.0,"turns":12.0},{"damage":2.0,"enemies":"2 Thieves","floor":18.0,"turns":2.0},{"damage":0.0,"enemies":"Shell Parasite","floor":21.0,"turns":5.0},{"damage":0.0,"enemies":"3 Cultists","floor":22.0,"turns":3.0},{"damage":25.0,"enemies":"Slavers","floor":24.0,"turns":4.0},{"damage":16.0,"enemies":"Book of Stabbing","floor":28.0,"turns":6.0},{"damage":70.0,"enemies":"Champ","floor":33.0,"turns":15.0},{"damage":0,"enemies":"3 Darklings","floor":35,"turns":2},{"damage":7,"enemies":"Mind Bloom Boss Battle","floor":36,"turns":8},{"damage":0,"enemies":"3 Shapes","floor":37,"turns":4},{"damage":0,"enemies":"Reptomancer","floor":44,"turns":2},{"damage":8,"enemies":"Transient","floor":45,"turns":6},{"damage":9,"enemies":"Nemesis","floor":46,"turns":9},{"damage":0,"enemies":"Maw","floor":48,"turns":9},{"damage":27,"enemies":"Awakened One","floor":50,"turns":28},{"damage":31,"enemies":"Donu and Deca","floor":51,"turns":13},{"damage":56,"enemies":"Shield and Spear","floor":55,"turns":10},{"damage":65,"enemies":"The Heart","floor":56,"turns":3}],"seed_played":"-2761460255718200901","potions_obtained":[{"floor":14.0,"key":"CunningPotion"},{"floor":22.0,"key":"BlessingOfTheForge"},{"floor":24.0,"key":"Block Potion"},{"floor":28.0,"key":"Fire Potion"},{"floor":33.0,"key":"Fruit Juice"},{"floor":36,"key":"Regen Potion"}],"is_trial":false,"path_per_floor":["M","?","?","M","?","E","?","R","T","T","R","?","$","M","R","B",null,"M","?","?","M","M","R","E","R","T","R","E","T","$","?","R","B",null,"M","?","M","?","$","R","?","R","T","E","M","E","?","M","R","B","B",null,"R","$","E","B"],"character_chosen":"THE_SILENT","items_purchased":["Lee\u0027s Waffle","Footwork","Frozen Eye","PiercingWail","Footwork","Well Laid Plans"],"campfire_rested":3,"item_purchase_floors":[30,30,39,39,54,54],"current_hp_per_floor":[59,59,54,54,43,43,43,43,43,43,43,43,43,43,43,31,57,55,55,55,55,55,55,37,37,37,58,42,52,90,81,81,16,75,75,68,82,82,82,82,82,82,82,82,74,65,56,56,84,57,26,78,95,95,39,0,0],"gold":57,"neow_bonus":"THREE_ENEMY_KILL","is_daily":false,"chose_seed":false,"campfire_upgraded":7,"win_rate":0.0,"timestamp":1609196141,"path_taken":["M","?","?","M","?","E","?","R","T","?","R","?","$","M","R","BOSS","M","?","?","M","M","R","E","R","T","R","E","?","$","?","R","BOSS","M","?","M","?","$","R","?","R","T","E","?","E","?","M","R","BOSS","BOSS","R","$","E","BOSS"],"items_purchased_type":["Relic","Card","Relic","Card","Card","Card"],"build_version":"2020-12-22","purchased_purges":2,"victory":false,"max_hp_per_floor":[66,66,66,66,66,66,66,66,66,66,66,66,66,66,66,66,66,66,66,66,66,66,66,73,73,73,73,73,83,90,90,90,95,95,95,95,95,95,95,95,95,95,95,95,95,95,95,95,95,95,95,95,95,95,95,95,95],"relic_stats":{"Lee\u0027s Waffle":38,"Gremlin Horn":[5,5],"counters":[22,147],"Art of War":[23],"Letter Opener":[15],"Question Card":18,"Cursed Key":1,"obtain_stats":[{"Lee\u0027s Waffle":30,"Pear":29,"NeowsBlessing":0,"Gremlin Horn":10,"Thread and Needle":7,"The Courier":26,"Letter Opener":55,"Question Card":9,"Cursed Key":34,"WarpedTongs":12,"Frozen Eye":39,"Anchor":3,"Bottled Flame":28,"Strawberry":24,"Philosopher\u0027s Stone":17,"Art of War":46,"TungstenRod":36,"Ring of the Snake":0},{"Lee\u0027s Waffle":10,"Pear":10,"NeowsBlessing":0,"Gremlin Horn":3,"Thread and Needle":3,"The Courier":9,"Letter Opener":21,"Question Card":3,"Cursed Key":11,"WarpedTongs":3,"Frozen Eye":14,"Anchor":1,"Bottled Flame":10,"Strawberry":9,"Philosopher\u0027s Stone":5,"Art of War":17,"TungstenRod":13,"Ring of the Snake":0},{"Lee\u0027s Waffle":38,"Pear":38,"NeowsBlessing":0,"Gremlin Horn":3,"Thread and Needle":3,"The Courier":32,"Letter Opener":144,"Question Card":3,"Cursed Key":53,"WarpedTongs":3,"Frozen Eye":67,"Anchor":1,"Bottled Flame":38,"Strawberry":32,"Philosopher\u0027s Stone":18,"Art of War":84,"TungstenRod":63,"Ring of the Snake":0}],"TungstenRod":29,"Ring of the Snake":[44],"WarpedTongs":[130]},"card_choices":[{"not_picked":["Bane","Backflip"],"picked":"Deadly Poison","floor":1.0},{"not_picked":["Prepared","Cloak And Dagger"],"picked":"Escape Plan","floor":4.0},{"not_picked":["Setup","PiercingWail"],"picked":"Burst","floor":6.0},{"not_picked":["Infinite Blades","Blur","Finisher"],"picked":"Footwork","floor":14.0},{"not_picked":["Phantasmal Killer","Unload","A Thousand Cuts"],"picked":"Corpse Explosion","floor":16.0},{"not_picked":["Riddle With Holes","Heel Hook","All Out Attack"],"picked":"Poisoned Stab","floor":18.0},{"not_picked":["Dagger Spray","Sucker Punch","Poisoned Stab"],"picked":"Terror","floor":21.0},{"not_picked":["Sucker Punch","Eviscerate","Dagger Spray+1"],"picked":"Deadly Poison+1","floor":22.0},{"not_picked":["Distraction","A Thousand Cuts","Predator","Cloak And Dagger"],"picked":"SKIP","floor":24.0},{"not_picked":["Phantasmal Killer","Quick Slash","Blade Dance"],"picked":"Footwork","floor":28.0},{"not_picked":["Corpse Explosion","Tools of the Trade","Storm of Steel"],"picked":"Venomology","floor":33.0},{"not_picked":["PiercingWail","Well Laid Plans","Dodge and Roll"],"picked":"Acrobatics+1","floor":35},{"not_picked":["Underhanded Strike","Well Laid Plans","Prepared"],"picked":"Dash+1","floor":36},{"not_picked":["Underhanded Strike","Dodge and Roll","Accuracy"],"picked":"Deflect","floor":37},{"not_picked":["Reflex","PiercingWail","Cloak And Dagger"],"picked":"Dodge and Roll+1","floor":45},{"not_picked":["PiercingWail+1","Sucker Punch","Outmaneuver"],"picked":"Doppelganger","floor":46},{"not_picked":["Mind Blast","Forethought","Bandage Up"],"picked":"Master of Strategy","floor":47},{"not_picked":["Mayhem","Purity","Discovery"],"picked":"Good Instincts","floor":47},{"not_picked":["Panache","Impatience","Trip"],"picked":"Chrysalis","floor":47},{"not_picked":["Blade Dance","Cloak And Dagger","Quick Slash"],"picked":"Backflip","floor":48},{"not_picked":["Endless Agony","Bane+1","Flechettes"],"picked":"Prepared+1","floor":55}],"player_experience":1068089,"relics_obtained":[{"floor":9.0,"key":"Question Card"},{"floor":10.0,"key":"Gremlin Horn"},{"floor":24.0,"key":"Strawberry"},{"floor":26.0,"key":"The Courier"},{"floor":28.0,"key":"Bottled Flame"},{"floor":29.0,"key":"Pear"},{"floor":36,"key":"TungstenRod"},{"floor":46,"key":"Art of War"},{"floor":55,"key":"Letter Opener"}],"event_choices":[{"damage_healed":0.0,"max_hp_gain":0.0,"max_hp_loss":0.0,"gold_gain":0.0,"cards_transformed":["Strike_G"],"event_name":"Living Wall","player_choice":"Change","floor":2.0,"gold_loss":0.0,"damage_taken":0.0,"cards_obtained":["Unload"]},{"damage_healed":0.0,"max_hp_gain":0.0,"max_hp_loss":0.0,"gold_gain":0.0,"event_name":"Scrap Ooze","player_choice":"Success","floor":3.0,"gold_loss":0.0,"damage_taken":5.0,"relics_obtained":["Anchor"]},{"damage_healed":0.0,"max_hp_gain":0.0,"max_hp_loss":0.0,"gold_gain":75.0,"event_name":"World of Goop","player_choice":"Gather Gold","floor":5.0,"gold_loss":0.0,"damage_taken":11.0},{"damage_healed":0.0,"max_hp_gain":0.0,"max_hp_loss":0.0,"gold_gain":0.0,"event_name":"Dead Adventurer","player_choice":"Searched \u00271\u0027 times","floor":7.0,"gold_loss":0.0,"damage_taken":0.0,"relics_obtained":["Thread and Needle"]},{"damage_healed":0.0,"max_hp_gain":0.0,"max_hp_loss":0.0,"gold_gain":0.0,"event_name":"Accursed Blacksmith","player_choice":"Rummage","floor":12.0,"gold_loss":0.0,"damage_taken":0.0,"relics_obtained":["WarpedTongs"],"cards_obtained":["Pain"]},{"cards_removed":["Strike_G"],"damage_healed":0.0,"max_hp_gain":0.0,"max_hp_loss":0.0,"gold_gain":0.0,"event_name":"Beggar","player_choice":"Gave Gold","floor":19.0,"gold_loss":75.0,"damage_taken":0.0},{"damage_healed":0.0,"max_hp_gain":0.0,"max_hp_loss":0.0,"gold_gain":0.0,"event_name":"The Library","player_choice":"Read","floor":20.0,"gold_loss":0.0,"damage_taken":0.0,"cards_obtained":["Leg Sweep"]},{"damage_healed":0.0,"max_hp_gain":0.0,"max_hp_loss":0.0,"gold_gain":50.0,"event_name":"FaceTrader","player_choice":"Touch","floor":31.0,"gold_loss":0.0,"damage_taken":9.0},{"damage_healed":0,"gold_gain":0,"player_choice":"Fight","damage_taken":0,"max_hp_gain":0,"max_hp_loss":0,"event_name":"MindBloom","floor":36,"gold_loss":0},{"damage_healed":0,"gold_gain":0,"player_choice":"Ignored","damage_taken":0,"max_hp_gain":0,"max_hp_loss":0,"event_name":"Tomb of Lord Red Mask","floor":38,"gold_loss":0},{"cards_removed":["Strike_G"],"damage_healed":0,"gold_gain":0,"player_choice":"Offered Basic","damage_taken":0,"max_hp_gain":0,"max_hp_loss":0,"event_name":"Bonfire Elementals","floor":41,"gold_loss":0},{"damage_healed":0,"gold_gain":0,"player_choice":"Memory 3","damage_taken":10,"max_hp_gain":0,"max_hp_loss":0,"event_name":"SensoryStone","floor":47,"gold_loss":0}],"is_beta":false,"boss_relics":[{"not_picked":["Velvet Choker","SlaversCollar"],"picked":"Philosopher\u0027s Stone"},{"not_picked":["Busted Crown","Empty Cage"],"picked":"Cursed Key"}],"items_purged_floors":[13,30],"is_endless":false,"potions_floor_spawned":[14,22,24,28,33,36,44,46,48],"killed_by":"The Heart","ascension_level":20}}