{"host":"wk46m6kgjezp23jj","time":1609180507,"event":{"mods":["AchievementEnabler","BaseMod","Beaked The Cultist","Bestiary","Colored Map","Colored Powertips","Downfall","Hermit","Minty Spire (QoL Compilation)","Replay The Spire","StSLib","The Bladedancer","The Construct","The Cursed","The Marked","The Servant 0.9.4"],"gold_per_floor":[110,126,126,126,106,106,8,28,55,85,85,95,113,130,130,228,228,242,242,253,253,264,264,290,290,290,290,306,306,325,20,20,117,117,129,144,144,1,1,33,44,59,106,76,93,110,110,0,0,0],"floor_reached":51,"playtime":5432,"items_purged":[],"score":749,"play_id":"ac5d5c11-a1b0-4a05-af21-42753b7c74d0","local_time":"20201228133507","is_ascension_mode":false,"campfire_choices":[{"data":"Replay:Undeath\u0027s Touch","floor":6,"key":"SMITH"},{"data":"Infernal Blade","floor":11,"key":"SMITH"},{"data":"Infernal Blade","floor":15,"key":"SMITH"},{"data":"ReplayTheSpireMod:Muscle Training","floor":23,"key":"SMITH"},{"data":"Feed","floor":27,"key":"SMITH"},{"floor":32,"key":"DIG"},{"floor":47,"key":"REST"},{"data":"Barricade","floor":49,"key":"SMITH"}],"circlet_count":0,"master_deck":["Strike_R","Strike_R","Strike_R","Strike_R","Defend_R","Defend_R","Defend_R","Bash","Armaments+1","Replay:Undeath\u0027s Touch+1","expansioncontent:Flail","Seeing Red","Infernal Blade+1","Thunderclap","Infernal Blade+1","Feed+1","Reckless Charge+1","Shockwave+1","Iron Wave","ReplayTheSpireMod:Muscle Training+1","Flex","Thunderclap","Cleave","Rupture","Distraction+1","Slimebound:RainOfGoop+1","Reaper","Writhe","Heel Hook+1","Guardian:Planning+1","Hidden Blade","Anger","expansioncontent:Torchfire","ReplayTheSpireMod:IOU","Barricade+1","Eclipse"],"relics":["Burning Blood","Ring of Peace","ReplayTheSpireMod:Ring of Addiction","Toy Ornithopter","SacredBark","Nunchaku","Chameleon Ring","Astrolabe","Oddly Smooth Stone","King of Hearts","Replay:Baseball","PrismaticShard","Unceasing Top","Painkiller Herb","Vajra","Strawberry","ReplayTheSpireMod:CursedCoin"],"acts_visited":["Exordium","TheCity","TheBeyond"],"potions_floor_usage":[10,14,16,16,24,24,24,24,28,28,30,30,33,40,45,50,50],"damage_taken":[{"damage":5.0,"enemies":"Jaw Worm","floor":1.0,"turns":4.0},{"damage":9.0,"enemies":"Small Slimes","floor":2.0,"turns":5.0},{"damage":0,"enemies":"Cultist","floor":8,"turns":4},{"damage":12,"enemies":"Replay:BlueRogue","floor":10,"turns":8},{"damage":0,"enemies":"Exordium Thugs","floor":12,"turns":5},{"damage":0,"enemies":"Blue Slaver","floor":13,"turns":4},{"damage":7,"enemies":"Gremlin Gang","floor":14,"turns":5},{"damage":29,"enemies":"The Guardian","floor":16,"turns":16},{"damage":0,"enemies":"3 Byrds","floor":18,"turns":7},{"damage":2,"enemies":"Chosen","floor":20,"turns":6},{"damage":13,"enemies":"Snecko","floor":22,"turns":6},{"damage":10,"enemies":"Replay:Snechameleon","floor":24,"turns":3},{"damage":26,"enemies":"Cultist and Chosen","floor":28,"turns":5},{"damage":20,"enemies":"Snake Plant","floor":30,"turns":4},{"damage":56,"enemies":"Champ","floor":33,"turns":9},{"damage":15,"enemies":"3 Shapes","floor":35,"turns":4},{"damage":25,"enemies":"Orb Walker","floor":36,"turns":5},{"damage":22,"enemies":"beaked:SuperParasite","floor":40,"turns":6},{"damage":26,"enemies":"Transient","floor":41,"turns":5},{"damage":6,"enemies":"3 Darklings","floor":42,"turns":3},{"damage":25,"enemies":"4 Shapes","floor":45,"turns":6},{"damage":37,"enemies":"Maw","floor":46,"turns":8},{"damage":81,"enemies":"Awakened One","floor":50,"turns":12}],"seed_played":"1821896712965193788","potions_obtained":[{"floor":1.0,"key":"sneckomod:MuddlingPotion"},{"floor":4,"key":"Energy Potion"},{"floor":4,"key":"Fire Potion"},{"floor":4,"key":"Block Potion"},{"floor":13,"key":"SkillPotion"},{"floor":14,"key":"Explosive Potion"},{"floor":18,"key":"Elixir"},{"floor":20,"key":"EntropicBrew"},{"floor":28,"key":"FearPotion"},{"floor":29,"key":"AttackPotion"},{"floor":29,"key":"Regen Potion"},{"floor":36,"key":"DuplicationPotion"},{"floor":41,"key":"Doom Potion"},{"floor":42,"key":"GamblersBrew"},{"floor":44,"key":"Swift Potion"},{"floor":44,"key":"Dexterity Potion"}],"is_trial":false,"path_per_floor":["M","M","?","?","?","R","$","M","T","E","R","M","M","M","R","B",null,"M","?","M","?","M","R","E","?","T","R","M","R","M","$","R_BF","B",null,"?","?","?","T","?","E","?","?","T","?","?","?","T","T","T","B",null],"character_chosen":"IRONCLAD","items_purchased":["expansioncontent:Flail","Replay:Baseball","PrismaticShard","Reaper","ReplayTheSpireMod:CursedCoin","Barricade","Eclipse","Fire Potion"],"campfire_rested":1,"item_purchase_floors":[7,31,31,38,48,48,48,48],"current_hp_per_floor":[80,77,77,77,77,77,77,78,78,72,72,78,78,76,76,56,76,80,80,78,78,74,74,79,89,89,89,76,76,91,91,91,41,91,86,67,67,67,90,76,63,78,85,85,80,58,88,88,88,42],"gold":0,"neow_bonus":"","is_daily":false,"chose_seed":false,"campfire_upgraded":6,"win_rate":0.0,"timestamp":1609180507,"path_taken":["M","M","?","?","?","R","$","M","T","E","R","M","M","M","R","BOSS","M","?","M","?","M","R","E","?","T","R","M","R","M","$","R_BF","BOSS","?","?","?","T","?","E","?","?","T","?","?","?","T","T","T","BOSS"],"items_purchased_type":["Card","Relic","Relic","Card","Relic","Card","Card","Potion"],"build_version":"2020-12-22","purchased_purges":0,"victory":true,"max_hp_per_floor":[80,80,80,80,80,80,80,78,78,78,78,78,78,76,76,76,76,80,80,78,78,81,79,79,89,89,89,91,91,91,91,91,91,91,95,95,93,93,93,91,91,91,98,96,96,100,100,100,98,98],"card_choices":[{"not_picked":["Massacre","Whirlwind"],"picked":"Armaments","floor":1.0},{"not_picked":["Armaments","Defy Death"],"picked":"Replay:Undeath\u0027s Touch","floor":2},{"not_picked":["Clothesline","Intimidate"],"picked":"Seeing Red","floor":8},{"not_picked":["Iron Wave","Carnage"],"picked":"Infernal Blade","floor":10},{"not_picked":["Bloodletting","Shrug It Off"],"picked":"Thunderclap","floor":12},{"not_picked":["Flex","ReplayTheSpireMod:LeadingStrike"],"picked":"Infernal Blade","floor":13},{"not_picked":["Run Through","Dropkick"],"picked":"Corruption","floor":14},{"not_picked":["Juggernaut","Fiend Fire"],"picked":"Feed","floor":16},{"not_picked":["Thunderclap","Perfected Strike"],"picked":"Iron Wave","floor":18},{"not_picked":["Armaments","Cleave"],"picked":"ReplayTheSpireMod:Muscle Training","floor":20},{"not_picked":["Warcry+1","Shockwave"],"picked":"Thunderclap","floor":22},{"not_picked":["Dual Wield","Abandon","Massacre"],"picked":"SKIP","floor":24},{"not_picked":["Pummel","Metallicize+1"],"picked":"Cleave","floor":28},{"not_picked":["Blood for Blood","Rage+1"],"picked":"Rupture","floor":30},{"not_picked":["Heatsinks+1","Guardian:Planning+1"],"picked":"Distraction+1","floor":35},{"not_picked":["sneckomod:TrashToTreasure","Reckless Charge"],"picked":"Slimebound:RainOfGoop+1","floor":36},{"not_picked":["sneckomod:UnknownUncommonSkill+1","hermit:Spite+1"],"picked":"Heel Hook+1","floor":40},{"not_picked":["Replay:AtTheReady","Replay:BluntJabs"],"picked":"Guardian:Planning+1","floor":41},{"not_picked":["Slimebound:PressTheAttack","hermit:LowProfile"],"picked":"Hidden Blade","floor":42},{"not_picked":["champ:GladiatorStyle+1","champ:Backstep+1"],"picked":"Anger","floor":45},{"not_picked":["champ:AdrenalArmor+1","champ:GladiatorsShout"],"picked":"expansioncontent:Torchfire","floor":46}],"player_experience":0,"relics_obtained":[{"floor":4,"key":"Ring of Peace"},{"floor":4,"key":"ReplayTheSpireMod:Ring of Addiction"},{"floor":4,"key":"Toy Ornithopter"},{"floor":4,"key":"SacredBark"},{"floor":9,"key":"Nunchaku"},{"floor":10,"key":"Chameleon Ring"},{"floor":24,"key":"Oddly Smooth Stone"},{"floor":26,"key":"King of Hearts"},{"floor":32,"key":"Unceasing Top"},{"floor":40,"key":"Vajra"},{"floor":43,"key":"Strawberry"}],"event_choices":[{"damage_healed":0,"gold_gain":0,"player_choice":"Grow","damage_taken":0,"max_hp_gain":0,"max_hp_loss":0,"event_name":"Living Wall","floor":3,"gold_loss":0,"cards_upgraded":["Armaments"]},{"damage_healed":0,"gold_gain":0,"player_choice":"Left Gold","damage_taken":0,"max_hp_gain":0,"max_hp_loss":0,"event_name":"World of Goop","floor":5,"gold_loss":20},{"damage_healed":0,"gold_gain":0,"player_choice":"Ignored","damage_taken":0,"max_hp_gain":0,"max_hp_loss":0,"event_name":"Ghosts","floor":19,"gold_loss":0},{"damage_healed":0,"gold_gain":0,"player_choice":"Read","damage_taken":0,"max_hp_gain":0,"max_hp_loss":0,"event_name":"The Library","floor":21,"gold_loss":0,"cards_obtained":["Flex"]},{"cards_removed":["Demonic Infusion"],"damage_healed":0,"gold_gain":0,"player_choice":"Offered Rare","damage_taken":0,"max_hp_gain":10,"max_hp_loss":0,"event_name":"Bonfire Elementals","floor":25,"gold_loss":0},{"damage_healed":0,"gold_gain":0,"player_choice":"Ignored","damage_taken":0,"max_hp_gain":0,"max_hp_loss":0,"event_name":"Mysterious Sphere","floor":37,"gold_loss":0},{"damage_healed":23,"gold_gain":0,"player_choice":"Writhe","damage_taken":0,"max_hp_gain":0,"max_hp_loss":0,"event_name":"Winding Halls","floor":39,"gold_loss":0,"cards_obtained":["Writhe"]},{"damage_healed":0,"gold_gain":0,"player_choice":"Bought 2 Potions","damage_taken":0,"max_hp_gain":0,"max_hp_loss":0,"event_name":"The Woman in Blue","floor":44,"gold_loss":0}],"is_beta":false,"boss_relics":[{"not_picked":["ChewingGum","ReplayTheSpireMod:DimensionalGlitch"],"picked":"Astrolabe"},{"not_picked":["Runic Pyramid","beaked:SacredDeck"],"picked":"Painkiller Herb"}],"items_purged_floors":[],"is_endless":false,"potions_floor_spawned":[1,13,14,18,20,28,36,41,42],"ascension_level":0}}