{"host":"augq31c17g2ieuye","time":1609181263,"event":{"mods":["AchievementEnabler","Aspiration","BaseMod","Better Altar","Better Match","Better Note","Better Sensory Stone","Better Skull","Better Third Choice","Better Vampires","BetterRewards","Card Forge","Displayed Cursed Tome","Downfall","Energized Spire","GifTheSpireLib","Gold Saver","Hubris","Minty Spire (QoL Compilation)","Replay The Spire","Spicy Shops","StSLib","Stuff the Spire","The Necromancer","The Servant 0.9.4"],"gold_per_floor":[1030,1043,1058,1058,1076,1104,1104,1139,1139,1139,1158,1177,1205,1216,1216,1313,1313,1329,1347,1347,1363,1376,1406,1406,1426,1426,1457,1472,1487,1516,1528,1528,1624,1624,1639,1656,1656,1670,1670,1698,1698,1727,1727,1498,1529,1548,1561,1577,1577,1577,1577,1577,1223,1253,1253],"floor_reached":56,"playtime":4448,"items_purged":[],"score":2140,"play_id":"fc643b31-02f0-4eec-aa17-267aa54defeb","local_time":"20201228194743","is_ascension_mode":true,"campfire_choices":[{"floor":7,"key":"RECALL"},{"data":"Stop_Heart","floor":10,"key":"SMITH"},{"data":"Summon_Lich","floor":15,"key":"SMITH"},{"floor":24,"key":"REST"},{"data":"Phantasmal Killer","floor":32,"key":"SMITH"},{"floor":49,"key":"REST"},{"floor":52,"key":"REST"}],"circlet_count":0,"master_deck":["Negative_Energy_Arrows+1","Bone_Wall+1","Summon_Undead_Army+1","expansioncontent:LastStand+1","Metamorphosis+1","Blind+1","Summon_Undead_Army+1","Siphon_Strength+1","Siphon_Strength+1","Stop_Heart+1","Bone_Wall+1","Bone_Wall+1","Bone_Wall+1","Summon_Lich+1","Siphon_Strength+1","Stop_Heart+1","Hellfire+1","Outmaneuver+1","Footwork+1","Phantasmal Killer+1","Vampiric_Strike+1","StuffTheSpire:MirrorStance+1","StuffTheSpire:BrainWave+1","ReplayTheSpireMod:Speed Training+1","Summon_Vampire_Lady+1","Backflip+1","Cloak And Dagger+1","Outmaneuver+1","Outmaneuver+1","Outmaneuver+1","Poison Darts"],"relics":["Vampire_Amulet","Hammer of Thor","Seething Fire","Anvil of the Gods","Membership Card","Quantum Egg","PreservedInsect","StuffTheSpire:OccultApparatus","Potion Belt","StuffTheSpire:Experiment12","StoneCalendar","StuffTheSpire:ForceGauntlet","StuffTheSpire:Mouthbags","aspiration:SilentSkillbook","hubris:Zylophone","Bronze Scales","ReplayTheSpireMod:Ninjato","hubris:TenFootPole","hubris:VirtuousBlindfold","StuffTheSpire:Barrel","Letter Opener","hubris:DeckOfHolding","Chemical X","hubris:SlimyHat","Ice Cream","hubris:EmptyBottle","ReplayTheSpireMod:Lightbulb"],"acts_visited":["Exordium","TheCity","TheBeyond","TheEnding"],"potions_floor_usage":[8,11,19,25,27,27,30,30,33,50,55,55,55,55,55,55,55,55,55],"damage_taken":[{"damage":0,"enemies":"Small Slimes","floor":1,"turns":4},{"damage":0,"enemies":"Cultist","floor":2,"turns":2},{"damage":0,"enemies":"Jaw Worm","floor":3,"turns":2},{"damage":0,"enemies":"3 Louse","floor":5,"turns":2},{"damage":0,"enemies":"Replay:BlueRogue","floor":6,"turns":4},{"damage":0,"enemies":"3 Sentries","floor":8,"turns":4},{"damage":8,"enemies":"Gremlin Gang","floor":11,"turns":3},{"damage":6,"enemies":"Blue Slaver","floor":12,"turns":2},{"damage":7,"enemies":"Gremlin Nob","floor":13,"turns":3},{"damage":1,"enemies":"2 Fungi Beasts","floor":14,"turns":2},{"damage":0,"enemies":"The Guardian","floor":16,"turns":6},{"damage":10,"enemies":"Shell Parasite","floor":18,"turns":3},{"damage":3,"enemies":"2 Thieves","floor":19,"turns":3},{"damage":12,"enemies":"3 Cultists","floor":21,"turns":5},{"damage":0,"enemies":"Snecko","floor":22,"turns":3},{"damage":0,"enemies":"Gremlin Leader","floor":23,"turns":5},{"damage":6,"enemies":"Snake Plant","floor":25,"turns":4},{"damage":13,"enemies":"Slavers","floor":27,"turns":3},{"damage":14,"enemies":"Centurion and Healer","floor":28,"turns":3},{"damage":6,"enemies":"Cultist and Chosen","floor":29,"turns":4},{"damage":18,"enemies":"Replay:Snechameleon","floor":30,"turns":5},{"damage":14,"enemies":"Shelled Parasite and Fungi","floor":31,"turns":3},{"damage":22,"enemies":"Automaton","floor":33,"turns":6},{"damage":0,"enemies":"3 Shapes","floor":35,"turns":4},{"damage":11,"enemies":"3 Darklings","floor":36,"turns":4},{"damage":8,"enemies":"Writhing Mass","floor":38,"turns":4},{"damage":0,"enemies":"Giant Head","floor":40,"turns":5},{"damage":12,"enemies":"Nemesis","floor":42,"turns":3},{"damage":0,"enemies":"R_Hoarder","floor":45,"turns":5},{"damage":9,"enemies":"Sphere and 2 Shapes","floor":46,"turns":4},{"damage":0,"enemies":"Maw","floor":47,"turns":3},{"damage":0,"enemies":"Writhing Mass","floor":48,"turns":4},{"damage":89,"enemies":"hubris:GrandSnecko","floor":50,"turns":9},{"damage":54,"enemies":"Shield and Spear","floor":54,"turns":5},{"damage":9,"enemies":"The Heart","floor":55,"turns":6}],"seed_played":"-7985515702221872705","potions_obtained":[{"floor":1,"key":"Fire Potion"},{"floor":5,"key":"Swift Potion"},{"floor":12,"key":"SpeedPotion"},{"floor":13,"key":"SteroidPotion"},{"floor":14,"key":"Languid Potion"},{"floor":16,"key":"Energy Potion"},{"floor":19,"key":"Adrenaline Potion"},{"floor":22,"key":"Weak Potion"},{"floor":23,"key":"Block Potion"},{"floor":31,"key":"ColorlessPotion"},{"floor":33,"key":"SpeedPotion"},{"floor":40,"key":"Fire Potion"},{"floor":42,"key":"Regen Potion"},{"floor":46,"key":"Strength Potion"},{"floor":48,"key":"hexamod:EctoCoolerPotion"}],"is_trial":false,"path_per_floor":["M","M","M","?","M","E","R","E","T","R","M","M","E","M","R","B",null,"M","M","?","M","M","E","R","M","T","E","M","M","E","M","R","B",null,"M","M","?","M","?","E","?","E","T","$","E","M","M","M","R","B",null,"R","$","E","B",null],"character_chosen":"NECROMANCER","items_purchased":["Summon_Undead_Army","Membership Card","Quantum Egg","PreservedInsect","Chemical X","Backflip+1","Flashbang","Dexterity Potion","Cloak And Dagger","Ice Cream","hubris:EmptyBottle","Poison Darts","SpeedPotion"],"campfire_rested":3,"item_purchase_floors":[0,0,0,0,44,44,44,44,44,53,53,53,53],"current_hp_per_floor":[75,75,75,75,75,75,75,75,75,75,73,69,64,67,67,69,74,66,67,71,65,67,75,75,71,71,73,63,61,45,35,35,22,62,75,66,66,60,60,75,75,74,74,74,75,75,75,75,75,23,62,75,75,31,71],"gold":1253,"neow_bonus":"","is_daily":false,"chose_seed":false,"campfire_upgraded":3,"win_rate":0.0,"timestamp":1609181263,"path_taken":["M","M","M","?","M","E","R","E","T","R","M","M","E","?","R","BOSS","M","M","?","M","M","E","R","?","T","E","M","M","E","M","R","BOSS","M","?","?","M","?","E","?","E","T","?","E","M","M","M","R","BOSS","R","$","E","BOSS"],"items_purchased_type":["Card","Relic","Relic","Relic","Relic","Card","Potion","Potion","Card","Relic","Relic","Card","Potion"],"build_version":"2020-12-22","purchased_purges":0,"victory":true,"max_hp_per_floor":[75,75,75,75,75,75,75,75,75,75,75,75,75,75,75,75,75,75,75,75,75,75,75,75,75,75,75,75,75,75,75,75,75,75,75,75,75,75,75,75,75,75,75,75,75,75,75,75,75,75,75,75,75,75,75],"card_choices":[{"not_picked":["Epidemic","Bone_Bullets"],"picked":"Siphon_Strength","floor":1},{"not_picked":["Death_Knell","Bones_to_Steel"],"picked":"Finger_Of_Death","floor":2},{"not_picked":["Pandemic","Shackles_Of_Pain"],"picked":"Siphon_Strength","floor":3},{"not_picked":["Blood_Is_Power","Death_Coil","Plague_Bolt"],"picked":"SKIP","floor":5},{"not_picked":["Bone_Armor","Negative_Energy_Javelin"],"picked":"Stop_Heart","floor":6},{"not_picked":["Blood_Magic","Bone_Armor","Bone_Bullets"],"picked":"SKIP","floor":8},{"not_picked":["Blood_for_Blood","Chill_Blood"],"picked":"Summon_Lich","floor":11},{"not_picked":["Necromantic_Selection","Negative_Energy_Mist","Toxic_Smoke_Screen"],"picked":"SKIP","floor":12},{"not_picked":["Bone_Spikes","Death_Coil"],"picked":"Siphon_Strength","floor":13},{"not_picked":["Bone_Shift","Death_March_Dance"],"picked":"Stop_Heart","floor":14},{"not_picked":["Summon_Vampire_Lady","Detonate_Bones"],"picked":"Hellfire","floor":16},{"not_picked":["Sucker Punch","Hidden Blade+1","Strike_from_Beyond"],"picked":"Deadly Poison","floor":18},{"not_picked":["Flying Knee","Dagger Throw","Chill_Blood"],"picked":"Outmaneuver+1","floor":19},{"not_picked":["Acid_Javelin","Prepared","StuffTheSpire:Repulse","Finger_Of_Death+1"],"picked":"SKIP","floor":21},{"not_picked":["StuffTheSpire:BumpUp","Negative_Energy_Shield","ReplayTheSpireMod:From All Sides","Acid_Javelin"],"picked":"SKIP","floor":22},{"not_picked":["StuffTheSpire:Sprint+1","Bone_Shift","Pandemic"],"picked":"Cloak And Dagger+1","floor":23},{"not_picked":["Skewer","Bone_Armor","Shackles_Of_Pain","Bone_Shift"],"picked":"SKIP","floor":25},{"not_picked":["Prepared+1","Corpse Explosion","Hidden Blade"],"picked":"Blade Dance+1","floor":27},{"not_picked":["Chill_Blood","Dagger Spray","Sucker Punch+1","Death_Coil+1"],"picked":"SKIP","floor":28},{"not_picked":["Slice","Death_Coil","Thousand_Bone_Knives"],"picked":"Footwork","floor":29},{"not_picked":["Vampiric_Strike","Death_Coil+1","Negative_Energy_Bomb"],"picked":"Phantasmal Killer","floor":30},{"not_picked":["Life_Drain+1","Negative_Energy_Shield","Death_Coil"],"picked":"Vampiric_Strike+1","floor":31},{"not_picked":["Deflect","hubris:TrickCloak","Acrobatics+1"],"picked":"StuffTheSpire:MirrorStance+1","floor":35},{"not_picked":["StuffTheSpire:BumpUp","Quick Slash+1","Slice","Death_Knell+1"],"picked":"SKIP","floor":36},{"not_picked":["StuffTheSpire:Brawn","StuffTheSpire:Harmony"],"picked":"StuffTheSpire:BrainWave","floor":37},{"not_picked":["Plague_Bolt","Blood_Whip","Death_Coil+1"],"picked":"ReplayTheSpireMod:Speed Training+1","floor":38},{"not_picked":["StuffTheSpire:BrimstoneBlast","Shackles_Of_Pain","StuffTheSpire:Injection+1"],"picked":"Strike_from_Beyond+1","floor":40},{"not_picked":["Negative_Energy_Sphere+1","Negative_Energy_Shield","Finger_Of_Death","ReplayTheSpireMod:Necrosis"],"picked":"SKIP","floor":42},{"not_picked":["Bone_Spikes+1","Dodge and Roll","Quick Slash","Death_March_Dance+1"],"picked":"SKIP","floor":45},{"not_picked":["Corrupt","Dash","Flying Knee+1"],"picked":"Outmaneuver","floor":46},{"not_picked":["Death_Coil","Acrobatics","Uncharnel"],"picked":"Outmaneuver+1","floor":47},{"not_picked":["Accuracy","Blood_Curse","Strike_from_Beyond"],"picked":"Outmaneuver+1","floor":48},{"not_picked":["ReplayTheSpireMod:From All Sides","Tactician","Flying Knee","Blood_Whip+1"],"picked":"SKIP","floor":54}],"player_experience":256299,"relics_obtained":[{"floor":6,"key":"StoneCalendar"},{"floor":8,"key":"StuffTheSpire:ForceGauntlet"},{"floor":13,"key":"StuffTheSpire:Mouthbags"},{"floor":23,"key":"hubris:Zylophone"},{"floor":26,"key":"Bronze Scales"},{"floor":27,"key":"ReplayTheSpireMod:Ninjato"},{"floor":30,"key":"hubris:TenFootPole"},{"floor":40,"key":"StuffTheSpire:Barrel"},{"floor":42,"key":"Letter Opener"},{"floor":43,"key":"hubris:DeckOfHolding"},{"floor":45,"key":"hubris:SlimyHat"},{"floor":54,"key":"ReplayTheSpireMod:Lightbulb"}],"event_choices":[{"damage_healed":0,"gold_gain":0,"player_choice":"Ignored","damage_taken":0,"max_hp_gain":0,"max_hp_loss":0,"event_name":"Transmorgrifier","floor":4,"gold_loss":0},{"damage_healed":4,"gold_gain":0,"player_choice":"LEAVE ","damage_taken":0,"relics_obtained":[],"max_hp_gain":0,"max_hp_loss":0,"event_name":"betterSkull:BetterSkull","floor":20,"gold_loss":0,"cards_upgraded":[]},{"damage_healed":0,"gold_gain":3,"player_choice":"4","damage_taken":0,"max_hp_gain":0,"max_hp_loss":0,"event_name":"betterStone:BetterStone","floor":39,"gold_loss":0,"cards_obtained":["Summon_Vampire_Lady"]},{"cards_removed":["Strike_from_Beyond"],"damage_healed":0,"gold_gain":0,"player_choice":"Removed Attack","damage_taken":0,"max_hp_gain":0,"max_hp_loss":0,"event_name":"Falling","floor":41,"gold_loss":0}],"is_beta":false,"boss_relics":[{"not_picked":["Tiny House","Sozu"],"picked":"aspiration:SilentSkillbook"},{"not_picked":["Runic Dome","SacredBark"],"picked":"hubris:VirtuousBlindfold"}],"items_purged_floors":[],"is_endless":false,"potions_floor_spawned":[1,5,12,13,14,16,19,22,23,31,33,40,42,46,48,54],"ascension_level":5}}