{"host":"6wux4armhsntp4yb","time":1609165340,"event":{"mods":["BaseMod","Colored Map","DeckTracker","Minty Spire (QoL Compilation)","Relic Stats"],"gold_per_floor":[118,131,149,149,224,224,250,262,316,316,330,330,330,340,340,340,340],"floor_reached":16,"playtime":581,"items_purged":[],"score":204,"play_id":"a48f1a3c-5a3a-4642-b49d-71fde41ea2b5","local_time":"20201228232220","is_ascension_mode":true,"campfire_choices":[{"floor":6,"key":"REST"},{"floor":10,"key":"REST"},{"data":"Neutralize","floor":12,"key":"SMITH"},{"data":"Corpse Explosion","floor":15,"key":"SMITH"}],"circlet_count":0,"master_deck":["AscendersBane","Strike_G","Strike_G","Strike_G","Defend_G","Defend_G","Defend_G","Defend_G","Defend_G","Survivor","Neutralize+1","Flying Knee","Corpse Explosion+1","Dagger Throw","Blade Dance","Dash+1","Backstab","Sucker Punch"],"relics":["Ring of the Snake","Gremlin Horn","Blood Vial","Boot"],"acts_visited":["Exordium"],"potions_floor_usage":[7,8,16],"damage_taken":[{"damage":3,"enemies":"Small Slimes","floor":1,"turns":6},{"damage":0,"enemies":"2 Louse","floor":2,"turns":2},{"damage":0,"enemies":"Cultist","floor":3,"turns":3},{"damage":52,"enemies":"Lagavulin","floor":7,"turns":8},{"damage":2,"enemies":"Large Slime","floor":8,"turns":4},{"damage":0,"enemies":"2 Fungi Beasts","floor":11,"turns":2},{"damage":0,"enemies":"Red Slaver","floor":14,"turns":3},{"damage":27,"enemies":"Slime Boss","floor":16,"turns":8}],"seed_played":"1071852500769384517","potions_obtained":[{"floor":1,"key":"Regen Potion"},{"floor":2,"key":"Explosive Potion"},{"floor":8,"key":"SneckoOil"}],"is_trial":false,"path_per_floor":["M","M","M","?","?","R","E","M","T","R","M","R","?","M","R","B"],"character_chosen":"THE_SILENT","items_purchased":[],"campfire_rested":2,"item_purchase_floors":[],"current_hp_per_floor":[41,41,41,30,19,38,1,1,1,20,22,22,22,24,24,0,0],"gold":340,"neow_bonus":"TRANSFORM_TWO_CARDS","is_daily":false,"chose_seed":false,"campfire_upgraded":2,"win_rate":0.0,"timestamp":1609165340,"path_taken":["M","M","M","?","?","R","E","M","T","R","M","R","?","M","R","BOSS"],"items_purchased_type":[],"build_version":"2020-12-22","purchased_purges":0,"victory":false,"max_hp_per_floor":[66,66,66,66,66,66,66,66,66,66,66,66,66,66,66,66,66],"relic_stats":{"Blood Vial":8,"Gremlin Horn":[1,1],"counters":[8,36],"Boot":[10],"obtain_stats":[{"Blood Vial":7,"Gremlin Horn":4,"Boot":9,"Ring of the Snake":0},{"Blood Vial":4,"Gremlin Horn":3,"Boot":5,"Ring of the Snake":0},{"Blood Vial":19,"Gremlin Horn":11,"Boot":23,"Ring of the Snake":0}],"Ring of the Snake":[16]},"card_choices":[{"not_picked":["Tactician","Blade Dance"],"picked":"Dagger Throw","floor":1},{"not_picked":["Finisher","Concentrate"],"picked":"Blade Dance","floor":2},{"not_picked":["Escape Plan","Skewer"],"picked":"Dash","floor":3},{"not_picked":["Cloak And Dagger","Acrobatics"],"picked":"Backstab","floor":7},{"not_picked":["Backstab","Phantasmal Killer","Flying Knee"],"picked":"SKIP","floor":8},{"not_picked":["Masterful Stab","Dagger Throw"],"picked":"Sucker Punch","floor":11},{"not_picked":["Deadly Poison","Prepared","Flying Knee"],"picked":"SKIP","floor":14}],"player_experience":5717020,"relics_obtained":[{"floor":7,"key":"Blood Vial"},{"floor":9,"key":"Boot"}],"event_choices":[{"damage_healed":0,"gold_gain":0,"player_choice":"Success","damage_taken":11,"relics_obtained":["Gremlin Horn"],"max_hp_gain":0,"max_hp_loss":0,"event_name":"Scrap Ooze","floor":4,"gold_loss":0},{"damage_healed":0,"gold_gain":75,"player_choice":"Gather Gold","damage_taken":11,"max_hp_gain":0,"max_hp_loss":0,"event_name":"World of Goop","floor":5,"gold_loss":0},{"damage_healed":0,"gold_gain":0,"player_choice":"Grow","damage_taken":0,"max_hp_gain":0,"max_hp_loss":0,"event_name":"Living Wall","floor":13,"gold_loss":0,"cards_upgraded":["Dash"]}],"is_beta":false,"boss_relics":[],"items_purged_floors":[],"is_endless":false,"potions_floor_spawned":[1,2,3,8],"killed_by":"Slime Boss","ascension_level":20}}