{"host":"yo9wwslrag05lh37","time":1609191612,"event":{"mods":["AchievementEnabler","BaseMod","Block Reminder","Colored Map","Colored Powertips","GifTheSpireLib","HexUI Lib","Highlight Path","Minty Spire (QoL Compilation)","Rare Cards Sparkle","Relic Stats","StSLib","everything is the same but u backflip on backflip"],"gold_per_floor":[118,135,154,154,171,199,199,238,238,238,238,258,291,314,314,410,410,426,446,459,47,80,80,93,137,164,164,208,208,246,267,267,267,267],"floor_reached":33,"playtime":1531,"items_purged":["Strike_B"],"score":804,"play_id":"985ef24b-d902-426a-a197-c0386e6873c9","local_time":"20201228224012","is_ascension_mode":true,"campfire_choices":[{"floor":10.0,"key":"REST"},{"data":"Sunder","floor":15.0,"key":"SMITH"},{"floor":23.0,"key":"REST"},{"floor":27.0,"key":"RECALL"},{"floor":29,"key":"REST"},{"floor":32,"key":"REST"}],"circlet_count":0,"master_deck":["AscendersBane","Strike_B","Strike_B","Defend_B","Defend_B","Defend_B","Defend_B","Zap+1","Dualcast","Core Surge","Sunder+1","FTL+1","Reinforced Body","Conserve Battery+1","Chill","Doom and Gloom+1","Cold Snap","Echo Form","Seek","Glacier+1","Consume","Self Repair+1","Reboot"],"relics":["Cracked Core","Shuriken","Golden Idol","Matryoshka","Strawberry","Gremlin Horn","Whetstone","War Paint","Fusion Hammer","FossilizedHelix","Red Mask","Symbiotic Virus","Oddly Smooth Stone","Juzu Bracelet","MealTicket"],"acts_visited":["Exordium","TheCity"],"potions_floor_usage":[28,30],"damage_taken":[{"damage":7.0,"enemies":"Jaw Worm","floor":1.0,"turns":2.0},{"damage":1.0,"enemies":"Cultist","floor":2.0,"turns":3.0},{"damage":8.0,"enemies":"Small Slimes","floor":3.0,"turns":2.0},{"damage":8.0,"enemies":"Exordium Wildlife","floor":5.0,"turns":3.0},{"damage":10.0,"enemies":"3 Sentries","floor":6.0,"turns":6.0},{"damage":28.0,"enemies":"Gremlin Nob","floor":8.0,"turns":4.0},{"damage":1.0,"enemies":"Looter","floor":12.0,"turns":4.0},{"damage":18.0,"enemies":"3 Sentries","floor":13.0,"turns":7.0},{"damage":0.0,"enemies":"Blue Slaver","floor":14.0,"turns":3.0},{"damage":0.0,"enemies":"Slime Boss","floor":16.0,"turns":6.0},{"damage":7.0,"enemies":"Chosen","floor":18.0,"turns":5.0},{"damage":0.0,"enemies":"2 Thieves","floor":19.0,"turns":2.0},{"damage":17.0,"enemies":"Shelled Parasite and Fungi","floor":20.0,"turns":3.0},{"damage":0.0,"enemies":"Masked Bandits","floor":22.0,"turns":3.0},{"damage":0.0,"enemies":"Centurion and Healer","floor":24.0,"turns":6.0},{"damage":21.0,"enemies":"Gremlin Leader","floor":25.0,"turns":6.0},{"damage":0,"enemies":"Slavers","floor":28,"turns":5},{"damage":7,"enemies":"Book of Stabbing","floor":30,"turns":5},{"damage":0,"enemies":"Sentry and Sphere","floor":31,"turns":6},{"damage":74,"enemies":"Champ","floor":33,"turns":10}],"seed_played":"7173540064634067417","potions_obtained":[{"floor":2.0,"key":"Fire Potion"},{"floor":8.0,"key":"Regen Potion"},{"floor":13.0,"key":"Block Potion"},{"floor":14.0,"key":"GamblersBrew"},{"floor":16.0,"key":"Block Potion"},{"floor":19.0,"key":"BlessingOfTheForge"},{"floor":24.0,"key":"DuplicationPotion"},{"floor":30,"key":"LiquidBronze"}],"is_trial":false,"path_per_floor":["M","M","M","?","M","E","?","E","T","R","T","M","E","M","R","B",null,"M","M","M","$","?","R","M","E","T","R","E","R","E","M","R","B"],"character_chosen":"DEFECT","items_purchased":["FossilizedHelix"],"campfire_rested":4,"item_purchase_floors":[21],"current_hp_per_floor":[57,56,48,48,40,30,30,2,9,30,30,29,26,26,26,26,60,53,53,36,36,36,57,57,46,46,46,56,71,71,71,71,0,0],"gold":267,"neow_bonus":"ONE_RANDOM_RARE_CARD","is_daily":false,"chose_seed":false,"campfire_upgraded":1,"win_rate":0.0,"timestamp":1609191612,"path_taken":["M","M","M","?","?","E","?","E","T","R","?","M","E","M","R","BOSS","M","M","M","$","?","R","M","E","T","R","E","R","E","M","R","BOSS"],"items_purchased_type":["Relic"],"build_version":"2020-12-22","purchased_purges":1,"victory":false,"max_hp_per_floor":[71,71,71,71,71,71,64,64,71,71,71,71,71,71,71,71,71,71,71,71,71,71,71,71,71,71,71,71,71,71,71,71,71,71],"relic_stats":{"Gremlin Horn":[16,16],"counters":[20,91],"Shuriken":[19],"Golden Idol":93,"MealTicket":0,"Juzu Bracelet":0,"Whetstone":["FTL","Doom and Gloom"],"War Paint":["Conserve Battery","Zap"],"obtain_stats":[{"Gremlin Horn":9,"Golden Idol":7,"Oddly Smooth Stone":26,"Juzu Bracelet":28,"Whetstone":11,"War Paint":13,"Matryoshka":8,"Shuriken":6,"Strawberry":9,"MealTicket":30,"Fusion Hammer":17,"Red Mask":22,"Cracked Core":0,"Symbiotic Virus":25,"FossilizedHelix":21},{"Gremlin Horn":6,"Golden Idol":5,"Oddly Smooth Stone":16,"Juzu Bracelet":17,"Whetstone":6,"War Paint":8,"Matryoshka":6,"Shuriken":5,"Strawberry":6,"MealTicket":18,"Fusion Hammer":10,"Red Mask":14,"Cracked Core":0,"Symbiotic Virus":16,"FossilizedHelix":13},{"Gremlin Horn":20,"Golden Idol":16,"Oddly Smooth Stone":65,"Juzu Bracelet":70,"Whetstone":20,"War Paint":31,"Matryoshka":20,"Shuriken":16,"Strawberry":20,"MealTicket":75,"Fusion Hammer":40,"Red Mask":53,"Cracked Core":0,"Symbiotic Virus":65,"FossilizedHelix":50}]},"card_choices":[{"not_picked":["Leap","Compile Driver"],"picked":"Sunder","floor":1.0},{"not_picked":["Streamline","Hello World","Beam Cell"],"picked":"SKIP","floor":2.0},{"not_picked":["Coolheaded","Tempest"],"picked":"FTL","floor":3.0},{"not_picked":["Streamline","Tempest"],"picked":"Conserve Battery","floor":5.0},{"not_picked":["Barrage","Lockon"],"picked":"Chill","floor":6.0},{"not_picked":["Go for the Eyes","Lockon"],"picked":"Doom and Gloom","floor":8.0},{"not_picked":["Scrape","Conserve Battery","Rebound"],"picked":"SKIP","floor":12.0},{"not_picked":["Leap","Hello World"],"picked":"Cold Snap","floor":13.0},{"not_picked":["Storm","Steam"],"picked":"Echo Form","floor":14.0},{"not_picked":["Reboot","Meteor Strike"],"picked":"Seek","floor":16.0},{"not_picked":["Ball Lightning+1","Tempest"],"picked":"Glacier+1","floor":18.0},{"not_picked":["Beam Cell","Stack"],"picked":"Consume","floor":19.0},{"not_picked":["Rebound","Double Energy","Doom and Gloom+1"],"picked":"SKIP","floor":20.0},{"not_picked":["Steam+1","Leap"],"picked":"Self Repair+1","floor":24.0},{"not_picked":["Hello World","Beam Cell","Thunder Strike"],"picked":"SKIP","floor":25.0},{"not_picked":["Multi-Cast","Coolheaded"],"picked":"Reboot","floor":28},{"not_picked":["Stack","Hyperbeam","Melter"],"picked":"SKIP","floor":30},{"not_picked":["Rebound","Fusion","Skim"],"picked":"SKIP","floor":31}],"player_experience":1401755,"relics_obtained":[{"floor":6.0,"key":"Shuriken"},{"floor":8.0,"key":"Matryoshka"},{"floor":9.0,"key":"Strawberry"},{"floor":9.0,"key":"Gremlin Horn"},{"floor":11.0,"key":"Whetstone"},{"floor":13.0,"key":"War Paint"},{"floor":22.0,"key":"Red Mask"},{"floor":25.0,"key":"Symbiotic Virus"},{"floor":26.0,"key":"Oddly Smooth Stone"},{"floor":28,"key":"Juzu Bracelet"},{"floor":30,"key":"MealTicket"}],"event_choices":[{"damage_healed":0.0,"max_hp_gain":0.0,"max_hp_loss":0.0,"gold_gain":0.0,"cards_transformed":["Strike_B"],"event_name":"Transmorgrifier","player_choice":"Transformed","floor":4.0,"gold_loss":0.0,"damage_taken":0.0,"cards_obtained":["Reinforced Body"]},{"damage_healed":0.0,"max_hp_gain":0.0,"max_hp_loss":7.0,"gold_gain":0.0,"event_name":"Golden Idol","player_choice":"Lose Max HP","floor":7.0,"gold_loss":0.0,"damage_taken":0.0,"relics_obtained":["Golden Idol"]},{"damage_healed":0.0,"max_hp_gain":0.0,"max_hp_loss":0.0,"gold_gain":0.0,"event_name":"Masked Bandits","player_choice":"Fought Bandits","floor":22.0,"gold_loss":0.0,"damage_taken":0.0}],"is_beta":false,"boss_relics":[{"not_picked":["FrozenCore","SacredBark"],"picked":"Fusion Hammer"}],"items_purged_floors":[21],"is_endless":false,"potions_floor_spawned":[2,8,13,14,16,19,24,25,30],"killed_by":"Champ","ascension_level":20}}