{"host":"f14d6hm2349s9jse","time":1609168952,"event":{"mods":["2.2 Compatiblity","BaseMod","Hermit","Minty Spire (QoL Compilation)","StSLib"],"gold_per_floor":[119,129,129,109,128,128,171,190,242,242,262,298,314,314,314,314,314],"floor_reached":16,"playtime":974,"items_purged":[],"score":118,"play_id":"d545774e-b4a7-4bb3-8c9c-cf0b80164e46","local_time":"20201228102232","is_ascension_mode":true,"campfire_choices":[{"data":"hermit:BodyArmor","floor":6.0,"key":"SMITH"},{"floor":10.0,"key":"REST"},{"floor":15,"key":"REST"}],"circlet_count":0,"master_deck":["hermit:Strike_Hermit","hermit:Strike_Hermit","hermit:Defend_Hermit","hermit:Defend_Hermit","hermit:Defend_Hermit","hermit:Snapshot","hermit:Covet","hermit:Purgatory+1","hermit:Snipe+1","hermit:ItchyTrigger+1","hermit:Deadeye","hermit:TakeAim","hermit:BodyArmor+1","hermit:Vantage","hermit:Dive","hermit:Dive","hermit:HighCaliber","hermit:Roulette"],"relics":["Astrolabe","Golden Idol","Letter Opener","Regal Pillow","Smiling Mask"],"acts_visited":["Exordium"],"potions_floor_usage":[],"damage_taken":[{"damage":1.0,"enemies":"Jaw Worm","floor":1.0,"turns":4.0},{"damage":2.0,"enemies":"Small Slimes","floor":2.0,"turns":3.0},{"damage":0.0,"enemies":"Cultist","floor":5.0,"turns":2.0},{"damage":31.0,"enemies":"Lagavulin","floor":7.0,"turns":6.0},{"damage":12.0,"enemies":"Blue Slaver","floor":8.0,"turns":5.0},{"damage":2.0,"enemies":"2 Fungi Beasts","floor":11.0,"turns":4.0},{"damage":9.0,"enemies":"Gremlin Nob","floor":12.0,"turns":6.0},{"damage":36.0,"enemies":"Gremlin Gang","floor":13.0,"turns":1.0},{"damage":0,"enemies":"Hexaghost","floor":16,"turns":1}],"seed_played":"-171479874778394565","potions_obtained":[{"floor":2.0,"key":"Strength Potion"},{"floor":4.0,"key":"LiquidBronze"},{"floor":5.0,"key":"SneckoOil"},{"floor":8.0,"key":"Swift Potion"},{"floor":11.0,"key":"Weak Potion"},{"floor":13.0,"key":"Dexterity Potion"}],"is_trial":false,"path_per_floor":["M","M","?","?","M","R","E","M","T","R","M","E","M","?","R","B"],"character_chosen":"HERMIT","items_purchased":[],"campfire_rested":2,"item_purchase_floors":[],"current_hp_per_floor":[74,72,54,54,54,54,23,11,11,48,46,37,1,1,38,38,38],"gold":314,"neow_bonus":"BOSS_RELIC","is_daily":false,"chose_seed":false,"campfire_upgraded":1,"win_rate":0.0,"timestamp":1609168952,"path_taken":["M","M","?","?","?","R","E","M","T","R","M","E","M","?","R","BOSS"],"items_purchased_type":[],"build_version":"2020-12-22","purchased_purges":0,"victory":false,"max_hp_per_floor":[75,75,75,75,75,75,75,75,75,75,75,75,75,75,75,75,75],"card_choices":[{"not_picked":["hermit:Feint","hermit:ItchyTrigger"],"picked":"hermit:Deadeye","floor":1.0},{"not_picked":["hermit:Horror","hermit:HoleUp"],"picked":"hermit:TakeAim","floor":2.0},{"not_picked":["hermit:LuckOfTheDraw","hermit:CalledShot"],"picked":"hermit:BodyArmor","floor":5.0},{"not_picked":["hermit:Misfire","hermit:HoleUp"],"picked":"hermit:Vantage","floor":7.0},{"not_picked":["hermit:Feint","hermit:Misfire"],"picked":"hermit:Dive","floor":8.0},{"not_picked":["hermit:Cheat","hermit:SprayPray"],"picked":"hermit:Dive","floor":11.0},{"not_picked":["hermit:Gambit","hermit:SprayPray"],"picked":"hermit:HighCaliber","floor":12.0},{"not_picked":["hermit:CalledShot","hermit:Feint"],"picked":"hermit:Roulette","floor":13.0}],"player_experience":2476950,"relics_obtained":[{"floor":7.0,"key":"Letter Opener"},{"floor":9.0,"key":"Regal Pillow"},{"floor":12.0,"key":"Smiling Mask"}],"event_choices":[{"damage_healed":0.0,"max_hp_gain":0.0,"max_hp_loss":0.0,"gold_gain":0.0,"event_name":"Golden Idol","player_choice":"Take Damage","floor":3.0,"gold_loss":0.0,"damage_taken":18.0,"relics_obtained":["Golden Idol"]},{"damage_healed":0.0,"max_hp_gain":0.0,"max_hp_loss":0.0,"gold_gain":0.0,"event_name":"The Woman in Blue","player_choice":"Bought 1 Potion","floor":4.0,"gold_loss":0.0,"damage_taken":0.0},{"damage_healed":0,"gold_gain":0,"player_choice":"Searched \u00270\u0027 times","damage_taken":0,"max_hp_gain":0,"max_hp_loss":0,"event_name":"Dead Adventurer","floor":14,"gold_loss":0}],"is_beta":false,"boss_relics":[],"items_purged_floors":[],"is_endless":false,"potions_floor_spawned":[2,5,8,11,13],"killed_by":"Hexaghost","ascension_level":1}}