{"host":"hione0pk5ff35p8e","time":1609185989,"event":{"mods":["AchievementEnabler","Aspiration","Bard","BaseMod","Beaked The Cultist","Better Altar","Better Match","Better Sensory Stone","Better Skull","Better Third Choice","BetterRewards","CCEM","Clawfect","Colored Map","Conspire","Downfall","GifTheSpireLib","GungeonMod","Halation","Hermit","Highlight Path","Hubris","Infinite Spire","Jorbs\u0027s Wanderer Trilogy","Koishi","Lobotomy","Minty Spire (QoL Compilation)","Permanent Neow","Rare Cards Sparkle","Replay The Spire","Shade Mod","Shop Mod","Spicy Shops","StSLib","Stuff the Spire","Td1madao Mod","The Administrix","The Bug Knight","The Construct","The Cursed","The Disciple","The Hierophant","The IronCluck","The Jungle","The Marked","The Mystic","The Necromancer","The Runesmith","The Servant 0.9.4","The Witch","Unceasing Turn Reminder","[IsaacMod]????","everything is the same but u backflip on backflip","slay the spire mod where everything is the same but ironclad has a cowboy hat"],"gold_per_floor":[115,166,182,182,195,195,1,17,43,53,84,84,102,122,122,122,122],"floor_reached":16,"playtime":886,"items_purged":["NakedNest"],"score":129,"play_id":"6231da02-2e7b-4e0c-8efa-ba4aff9dffbc","local_time":"20201228210629","is_ascension_mode":false,"campfire_choices":[{"data":"Runesmith:CraftFirestone","floor":6,"key":"SMITH"},{"floor":12,"key":"RECALL"},{"floor":15,"key":"REST"}],"circlet_count":0,"master_deck":["Runesmith:Strike_RS","Runesmith:Strike_RS","Runesmith:Strike_RS","Runesmith:Strike_RS","Runesmith:Defend_RS","Runesmith:Defend_RS","Runesmith:Defend_RS","Runesmith:Defend_RS","Runesmith:CraftFirestone+1","Runesmith:Fortify","VoidDream","Runesmith:FrozenChisel","BlackArmy","Runesmith:ReplicatingBarrier+1","Runesmith:HammerThrow","Runesmith:Accelerate","Replay:SS_fish_1","LittleHelper","Runesmith:RuneHurl","Runesmith:UnstableHammer","Runesmith:LithiumIon","Runesmith:CraftMagma","FairyFestival"],"relics":["Runesmith:BrokenRuby","HushsDoor","CogitoBucket","GuppysHead","BargainBundle","halation:PromiseList","ChangeAnything"],"acts_visited":["Exordium"],"potions_floor_usage":[7,11,11,16,16],"damage_taken":[{"damage":2,"enemies":"Small Slimes","floor":1,"turns":2},{"damage":0,"enemies":"Jaw Worm","floor":3,"turns":3},{"damage":0,"enemies":"Cultist","floor":5,"turns":5},{"damage":0,"enemies":"Large Slime","floor":8,"turns":6},{"damage":13,"enemies":"3 Louse","floor":10,"turns":3},{"damage":0,"enemies":"Gremlin Nob","floor":11,"turns":3},{"damage":27,"enemies":"Blue Slaver","floor":13,"turns":3},{"damage":23,"enemies":"Red Slaver","floor":14,"turns":3},{"damage":44,"enemies":"The Guardian","floor":16,"turns":10}],"seed_played":"8771629802968354983","potions_obtained":[{"floor":1,"key":"Block Potion"},{"floor":3,"key":"AttackPotion"},{"floor":5,"key":"SteroidPotion"},{"floor":14,"key":"Dexterity Potion"}],"is_trial":false,"path_per_floor":["M","?","M","?","M","R","$","M","T","M","E","R","M","M","R","B"],"character_chosen":"RUNESMITH_CLASS","items_purchased":["BargainBundle","Runesmith:Accelerate","Fruit Juice","ColorlessPotion","Replay:SS_fish_1"],"campfire_rested":1,"item_purchase_floors":[7,7,7,7,7],"current_hp_per_floor":[68,53,53,53,55,55,60,64,64,51,51,51,24,4,26,0,0],"gold":122,"neow_bonus":"","is_daily":false,"chose_seed":false,"campfire_upgraded":1,"win_rate":0.0,"timestamp":1609185989,"path_taken":["M","?","M","?","?","R","$","M","T","M","E","R","M","M","R","BOSS"],"items_purchased_type":["Relic","Card","Potion","Potion","Card"],"build_version":"2020-12-22","purchased_purges":1,"victory":false,"max_hp_per_floor":[70,70,70,70,70,70,75,75,75,75,75,75,75,75,75,75,75],"card_choices":[{"not_picked":[],"picked":"ChaosCard","floor":0},{"not_picked":["MeatLantern","WallGazer"],"picked":"VoidDream","floor":1},{"not_picked":["Runesmith:FieryHammer","Runesmith:Repurpose"],"picked":"Runesmith:FrozenChisel","floor":1},{"not_picked":["NakedNest","WallGazer"],"picked":"BlackArmy","floor":3},{"not_picked":["Runesmith:CraftIncendium","Runesmith:Augment"],"picked":"Runesmith:CraftProtectio","floor":3},{"not_picked":["Runesmith:Augment","Runesmith:Grindstone"],"picked":"Runesmith:HammerThrow","floor":5},{"not_picked":["MHz","OldLady"],"picked":"NakedNest","floor":5},{"not_picked":["Bloodbath","LongBird"],"picked":"LittleHelper","floor":8},{"not_picked":["Runesmith:EarthShield","Runesmith:Refine"],"picked":"Runesmith:RuneHurl","floor":8},{"not_picked":["Runesmith:Empowerment","Runesmith:CraftProtectio"],"picked":"Runesmith:UnstableHammer","floor":10},{"not_picked":["Runesmith:MakeshiftArmor","Runesmith:ChargedHammer"],"picked":"Runesmith:LithiumIon","floor":11},{"not_picked":["Runesmith:HeatedChisel","Runesmith:CraftProtectio"],"picked":"Runesmith:CraftMagma","floor":13},{"not_picked":["BigBird","LittlePrince"],"picked":"FairyFestival","floor":13},{"not_picked":["Runesmith:ElementalConversion","Runesmith:BackupBattery","Runesmith:ShiftingStrike"],"picked":"SKIP","floor":14},{"not_picked":["Runesmith:ElementalConversion","Runesmith:BackupBattery","Runesmith:ShiftingStrike"],"picked":"SKIP","floor":14}],"player_experience":25844,"relics_obtained":[{"floor":11,"key":"halation:PromiseList"}],"event_choices":[],"is_beta":false,"boss_relics":[],"items_purged_floors":[7],"is_endless":false,"potions_floor_spawned":[1,3,5,14],"killed_by":"The Guardian","ascension_level":0}}