{"host":"alk2ftu785mujiir","time":1609196333,"event":{"mods":["BaseMod","Colored Map","Downfall","Minty Spire (QoL Compilation)","StSLib"],"gold_per_floor":[0,0,20,38,52,84,109,127,142,67,67,25,50,50,65,164,164,164,176,195,207,307,317,342,354,372,388,413,338,338,7,27,129,129,129,143,157,7,7,19,19,39,39,58,58,58,58,68,83,83],"floor_reached":51,"playtime":2789,"items_purged":["Slimebound:Strike_Slimebound"],"score":687,"play_id":"1eaed2c0-4f80-4281-9ea7-3a09fa8e6902","local_time":"20201228175853","is_ascension_mode":false,"campfire_choices":[{"data":"Slimebound:Split","floor":1.0,"key":"SMITH"},{"floor":10.0,"key":"REST"},{"floor":18,"key":"RECALL"},{"data":"Slimebound:Equalize","floor":29,"key":"SMITH"},{"data":"Slimebound:GrowthPunch","floor":35,"key":"SMITH"},{"data":"Slimebound:FinishingTackle","floor":43,"key":"SMITH"},{"floor":45,"key":"REST"},{"data":"Slimebound:RainOfGoop","floor":47,"key":"SMITH"}],"circlet_count":0,"master_deck":["Slimebound:Tackle","Slimebound:Defend_Slimebound","Slimebound:Defend_Slimebound","Slimebound:Split+1","Slimebound:CorrosiveSpit","Slimebound:Repurpose","Slimebound:Equalize+1","Slimebound:GrowthPunch+1","Slimebound:RainOfGoop+1","Slimebound:RejuvenatingLick","Slimebound:LivingWall","Slimebound:MegaLick","Slimebound:FinishingTackle+1","Slimebound:SlimeSpikes","Slimebound:GoopSpray","Slimebound:SplitBruiser","Slimebound:SplitBruiser","Slimebound:SlimeSpikes+1","Slimebound:MegaLick","Slimebound:SpikyOuterGoop+1","Slimebound:AcidTongue+1","Slimebound:PressTheAttack+1","Slimebound:LeechEnergy+1","Slimebound:SplitMire","Slimebound:CheckThePlaybook","Slimebound:BestDefense+1","Regret","Slimebound:Recollect+1"],"relics":["Slimebound:AbsorbEndCombat","Oddly Smooth Stone","Bronze Scales","downfall:HeartBlessingGreen","Ancient Tea Set","Runic Dome","Anchor","Toy Ornithopter","downfall:HeartBlessingRed","Enchiridion","Mummified Hand","Cursed Key"],"acts_visited":["Exordium","TheCity","TheBeyond"],"potions_floor_usage":[38,42,50,50,50],"damage_taken":[{"damage":18.0,"enemies":"Jaw Worm","floor":3.0,"turns":2.0},{"damage":12.0,"enemies":"Cultist","floor":4.0,"turns":3.0},{"damage":14.0,"enemies":"Small Slimes","floor":5.0,"turns":3.0},{"damage":25.0,"enemies":"Lagavulin","floor":6.0,"turns":7.0},{"damage":33.0,"enemies":"Exordium Thugs","floor":8.0,"turns":3.0},{"damage":7.0,"enemies":"3 Louse","floor":9.0,"turns":3.0},{"damage":8.0,"enemies":"downfall:FleeingMerchant","floor":12.0,"turns":4.0},{"damage":32.0,"enemies":"3 Sentries","floor":13.0,"turns":7.0},{"damage":8,"enemies":"Lots of Slimes","floor":15,"turns":4},{"damage":37,"enemies":"downfall:Silent","floor":16,"turns":7},{"damage":7,"enemies":"3 Byrds","floor":19,"turns":2},{"damage":16,"enemies":"Cultist and Chosen","floor":20,"turns":4},{"damage":23,"enemies":"3 Cultists","floor":21,"turns":4},{"damage":41,"enemies":"Snecko","floor":23,"turns":6},{"damage":4,"enemies":"Snake Plant","floor":25,"turns":3},{"damage":16,"enemies":"3 Cultists","floor":26,"turns":5},{"damage":16,"enemies":"Snecko","floor":27,"turns":5},{"damage":28,"enemies":"Slavers","floor":28,"turns":4},{"damage":16,"enemies":"downfall:FleeingMerchant","floor":31,"turns":4},{"damage":7,"enemies":"Snake Plant","floor":32,"turns":2},{"damage":58,"enemies":"downfall:Watcher","floor":33,"turns":8},{"damage":46,"enemies":"3 Darklings","floor":36,"turns":3},{"damage":8,"enemies":"Orb Walker","floor":37,"turns":3},{"damage":8,"enemies":"downfall:FleeingMerchant","floor":38,"turns":4},{"damage":16,"enemies":"4 Shapes","floor":40,"turns":3},{"damage":36,"enemies":"Transient","floor":42,"turns":5},{"damage":52,"enemies":"Spire Growth","floor":44,"turns":4},{"damage":28,"enemies":"3 Darklings","floor":48,"turns":5},{"damage":4,"enemies":"4 Shapes","floor":49,"turns":3},{"damage":62,"enemies":"downfall:Defect","floor":50,"turns":7}],"seed_played":"3181730021091902392","potions_obtained":[{"floor":3.0,"key":"Fruit Juice"},{"floor":5.0,"key":"ColorlessPotion"},{"floor":13.0,"key":"Dexterity Potion"},{"floor":16,"key":"sneckomod:MuddlingPotion"},{"floor":20,"key":"Slimebound:SlimedPotion"},{"floor":25,"key":"Weak Potion"},{"floor":27,"key":"Block Potion"},{"floor":40,"key":"LiquidMemories"},{"floor":42,"key":"PowerPotion"},{"floor":46,"key":"downfall:CursedFountainPotion"}],"is_trial":false,"path_per_floor":["R","?","M","M","M","E","T","M","M","R","?","$","E","?","M","B",null,"R","M","M","M","?","M","T","M","M","M","E","R","?","$","M","B",null,"R","M","M","$","?","M","T","M","R","M","R","?","R","M","M","B",null],"character_chosen":"SLIMEBOUND","items_purchased":["Slimebound:SlimeSpikes","Mummified Hand","Slimebound:CheckThePlaybook"],"campfire_rested":2,"item_purchase_floors":[12,31,38],"current_hp_per_floor":[60,60,57,59,59,50,50,37,36,55,55,65,51,51,65,48,65,65,65,65,63,63,44,44,50,54,56,48,48,32,44,43,31,65,65,34,40,57,57,60,60,51,51,37,56,56,56,53,63,49],"gold":83,"neow_bonus":"REMOVE_TWO","is_daily":false,"chose_seed":false,"campfire_upgraded":5,"win_rate":0.0,"timestamp":1609196333,"path_taken":["R","?","?","M","M","E","T","M","M","R","?","?","E","?","M","BOSS","R","M","M","?","?","M","T","?","M","?","E","R","?","$","M","BOSS","R","M","M","$","?","M","T","M","R","M","R","?","R","?","M","BOSS"],"items_purchased_type":["Card","Relic","Card"],"build_version":"2020-12-22","purchased_purges":1,"victory":true,"max_hp_per_floor":[60,60,65,65,65,65,65,65,65,65,65,65,65,65,65,65,65,65,65,65,65,65,65,65,65,65,65,65,65,65,65,65,65,65,65,65,65,65,65,65,65,65,65,65,65,65,65,65,65,65],"card_choices":[{"not_picked":["Slimebound:Dissolve","Slimebound:Prepare"],"picked":"Slimebound:Equalize","floor":3.0},{"not_picked":["Slimebound:ViciousTackle","Slimebound:RollThrough"],"picked":"Slimebound:GrowthPunch","floor":4.0},{"not_picked":["Slimebound:MegaLick","Slimebound:LeechingTouch"],"picked":"Slimebound:RainOfGoop","floor":5.0},{"not_picked":["Slimebound:Schlurp","Slimebound:Gluttony"],"picked":"Slimebound:RejuvenatingLick","floor":6.0},{"not_picked":["Slimebound:LeechEnergy","Slimebound:LeadByExample"],"picked":"Slimebound:LivingWall","floor":8.0},{"not_picked":["Slimebound:FinishingTackle","Slimebound:Schlurp"],"picked":"Slimebound:MegaLick","floor":9.0},{"not_picked":["Slimebound:DivideAndConquer","Slimebound:ComboTackle"],"picked":"Slimebound:FinishingTackle","floor":12.0},{"not_picked":["Slimebound:MassRepurpose","Slimebound:MegaLick"],"picked":"Slimebound:GoopSpray","floor":13.0},{"not_picked":["Slimebound:SamplingLick","Slimebound:LeechingTouch"],"picked":"Slimebound:SplitBruiser","floor":15},{"not_picked":["Slimebound:GoopSpray+1","Slimebound:SplitAcid"],"picked":"Slimebound:SplitBruiser","floor":19},{"not_picked":["Slimebound:SlimeBrawl+1","Slimebound:SplitLeeching","Slimebound:SlimeTap"],"picked":"SKIP","floor":20},{"not_picked":["Slimebound:FirmFortitude","Slimebound:RollThrough","Slimebound:SpikyOuterGoop"],"picked":"SKIP","floor":21},{"not_picked":["Slimebound:FormOfPuddle","Slimebound:GoopSpray+1"],"picked":"Slimebound:SlimeSpikes+1","floor":23},{"not_picked":["Slimebound:ForwardTackle","Slimebound:SlimeTap","Slimebound:Grow+1"],"picked":"SKIP","floor":25},{"not_picked":["Slimebound:Schlurp","Slimebound:SlimeSpikes+1"],"picked":"Slimebound:MegaLick","floor":26},{"not_picked":["Slimebound:LeechingTouch","Slimebound:SplitMire"],"picked":"Slimebound:SpikyOuterGoop+1","floor":27},{"not_picked":["Slimebound:Chomp","Slimebound:SlimeTap","Slimebound:Gluttony"],"picked":"SKIP","floor":28},{"not_picked":["Slimebound:SlimeSpikes","Slimebound:Gluttony","Slimebound:GoopSpray"],"picked":"SKIP","floor":31},{"not_picked":["Slimebound:LivingWall","Slimebound:Replication"],"picked":"Slimebound:AcidTongue+1","floor":32},{"not_picked":["Slimebound:Replication+1","Slimebound:SplitAcid+1"],"picked":"Slimebound:PressTheAttack+1","floor":36},{"not_picked":["Slimebound:Equalize+1","Slimebound:LivingWall+1"],"picked":"Slimebound:LeechEnergy+1","floor":37},{"not_picked":["Slimebound:FirmFortitude+1","Slimebound:GrowthPunch"],"picked":"Slimebound:SplitMire","floor":38},{"not_picked":["Slimebound:FinishingTackle+1","Slimebound:Prepare"],"picked":"Slimebound:BestDefense+1","floor":40},{"not_picked":["Slimebound:FlameTackle+1","Slimebound:LeadByExample+1"],"picked":"Slimebound:Recollect+1","floor":42},{"not_picked":["Slimebound:GrowthPunch","Slimebound:Grow","Slimebound:GoopSpray+1"],"picked":"SKIP","floor":44},{"not_picked":["Slimebound:MegaLick+1","Slimebound:LeechEnergy","Slimebound:PressTheAttack"],"picked":"SKIP","floor":48},{"not_picked":["Slimebound:SlimeSpikes+1","Slimebound:RollThrough+1","Slimebound:SlimeTap"],"picked":"SKIP","floor":49}],"player_experience":1725606,"relics_obtained":[{"floor":6.0,"key":"Oddly Smooth Stone"},{"floor":7.0,"key":"Bronze Scales"},{"floor":13.0,"key":"Ancient Tea Set"},{"floor":24,"key":"Anchor"},{"floor":28,"key":"Toy Ornithopter"},{"floor":30,"key":"Enchiridion"}],"event_choices":[{"damage_healed":0.0,"max_hp_gain":0.0,"max_hp_loss":0.0,"gold_gain":0.0,"cards_transformed":["Slimebound:Defend_Slimebound"],"event_name":"Transmorgrifier","player_choice":"Transformed","floor":2.0,"gold_loss":0.0,"damage_taken":0.0,"cards_obtained":["Slimebound:Repurpose"]},{"damage_healed":0,"gold_gain":0,"player_choice":"Leave","damage_taken":0,"max_hp_gain":0,"max_hp_loss":0,"event_name":"FaceTrader","floor":14,"gold_loss":0},{"cards_removed":["Slimebound:Strike_Slimebound"],"damage_healed":0,"gold_gain":0,"player_choice":"Removed Attack","damage_taken":0,"max_hp_gain":0,"max_hp_loss":0,"event_name":"Falling","floor":39,"gold_loss":0}],"is_beta":false,"boss_relics":[{"not_picked":["Astrolabe","Velvet Choker"],"picked":"Runic Dome"},{"not_picked":["Runic Pyramid","Empty Cage"],"picked":"Cursed Key"}],"items_purged_floors":[31],"is_endless":false,"potions_floor_spawned":[3,5,13,16,20,23,25,27,33,40,42,49],"ascension_level":0}}