{"host":"bq4pt811tk9yrmjl","time":1609154613,"event":{"mods":["AchievementEnabler","BaseMod","Colored Map","Colored Powertips","Defuse TimeMaze Blight","Hermit","Minty Spire (QoL Compilation)","StSLib","SuperFastMode"],"gold_per_floor":[110,110,130,92,92,92,119,147,147,147,167,185,185,214,214,319,319,333,333,333],"floor_reached":19,"playtime":350,"items_purged":[],"score":210,"play_id":"c750ef0c-d99b-48ce-815a-1bb97d228166","local_time":"20201228092333","is_ascension_mode":true,"campfire_choices":[{"data":"Infinite Blades","floor":6,"key":"SMITH"},{"floor":15,"key":"REST"}],"circlet_count":0,"master_deck":["Strike_G","Strike_G","Strike_G","Strike_G","Strike_G","Defend_G","Defend_G","Defend_G","Defend_G","Defend_G","Survivor","Neutralize","Dodge and Roll+1","Dash","Infinite Blades+1","Blade Dance+1","Noxious Fumes+1","Decay","Noxious Fumes+1","Malaise"],"relics":["Ring of the Snake","NeowsBlessing","Frozen Egg 2","Odd Mushroom","Blue Candle","SacredBark"],"acts_visited":["Exordium","TheCity"],"potions_floor_usage":[8,14,16],"damage_taken":[{"damage":0,"enemies":"Small Slimes","floor":1,"turns":1},{"damage":0,"enemies":"Jaw Worm","floor":3,"turns":1},{"damage":0,"enemies":"3 Sentries","floor":7,"turns":1},{"damage":11,"enemies":"The Mushroom Lair","floor":8,"turns":8},{"damage":0,"enemies":"2 Louse","floor":11,"turns":2},{"damage":0,"enemies":"Exordium Thugs","floor":12,"turns":4},{"damage":15,"enemies":"Lagavulin","floor":14,"turns":5},{"damage":44,"enemies":"Slime Boss","floor":16,"turns":9},{"damage":19,"enemies":"Spheric Guardian","floor":18,"turns":5},{"damage":0,"enemies":"2 Thieves","floor":19,"turns":1}],"seed_played":"-1968938553012002807","potions_obtained":[{"floor":3,"key":"Regen Potion"},{"floor":11,"key":"ColorlessPotion"},{"floor":12,"key":"BlessingOfTheForge"},{"floor":16,"key":"Dexterity Potion"}],"is_trial":false,"path_per_floor":["M","$","M","$","?","R","E","?","T","?","M","M","?","E","R","B",null,"M","M"],"character_chosen":"THE_SILENT","items_purchased":["Infinite Blades"],"campfire_rested":1,"item_purchase_floors":[4],"current_hp_per_floor":[70,70,70,70,70,70,70,70,70,56,56,56,56,41,62,18,70,51,51,51],"gold":333,"neow_bonus":"THREE_ENEMY_KILL","is_daily":false,"chose_seed":false,"campfire_upgraded":1,"win_rate":0.0,"timestamp":1609154613,"path_taken":["M","$","M","$","?","R","E","?","T","?","M","M","?","E","R","BOSS","M","M"],"items_purchased_type":["Card"],"build_version":"2020-12-22","purchased_purges":0,"victory":false,"max_hp_per_floor":[70,70,70,70,70,70,70,70,70,70,70,70,70,70,70,70,70,70,70,70],"card_choices":[{"not_picked":["Quick Slash","Dagger Spray"],"picked":"Dodge and Roll","floor":1},{"not_picked":["PiercingWail","Bane"],"picked":"Dash","floor":3},{"not_picked":["Skewer","Deadly Poison","Heel Hook"],"picked":"SKIP","floor":7},{"not_picked":["Sucker Punch","Heel Hook"],"picked":"Blade Dance","floor":8},{"not_picked":["Skewer","Dodge and Roll"],"picked":"Noxious Fumes+1","floor":11},{"not_picked":["Reflex","Setup","Choke"],"picked":"SKIP","floor":12},{"not_picked":["PiercingWail","Caltrops+1"],"picked":"Noxious Fumes+1","floor":14},{"not_picked":["Doppelganger","Storm of Steel"],"picked":"Malaise","floor":16},{"not_picked":["Sucker Punch+1","Infinite Blades+1","Setup"],"picked":"SKIP","floor":18}],"player_experience":134863,"relics_obtained":[{"floor":7,"key":"Frozen Egg 2"},{"floor":8,"key":"Odd Mushroom"},{"floor":14,"key":"Blue Candle"}],"event_choices":[{"damage_healed":0,"gold_gain":0,"player_choice":"Ignored","damage_taken":0,"max_hp_gain":0,"max_hp_loss":0,"event_name":"Liars Game","floor":5,"gold_loss":0},{"damage_healed":0,"gold_gain":0,"player_choice":"Fought Mushrooms","damage_taken":0,"max_hp_gain":0,"max_hp_loss":0,"event_name":"Mushrooms","floor":8,"gold_loss":0},{"damage_healed":0,"gold_gain":0,"player_choice":"Entered Light","damage_taken":14,"max_hp_gain":0,"max_hp_loss":0,"event_name":"Shining Light","floor":10,"gold_loss":0,"cards_upgraded":["Dodge and Roll","Blade Dance"]},{"damage_healed":0,"gold_gain":0,"player_choice":"Cursed","damage_taken":0,"max_hp_gain":0,"max_hp_loss":0,"event_name":"Wheel of Change","floor":13,"gold_loss":0,"cards_obtained":["Decay"]}],"is_beta":false,"boss_relics":[{"not_picked":["Runic Dome","Calling Bell"],"picked":"SacredBark"}],"items_purged_floors":[],"is_endless":false,"potions_floor_spawned":[3,11,12,16],"killed_by":"2 Thieves","ascension_level":1}}