{"host":"uflv0e3ja7hvnij7","time":1609174955,"event":{"mods":["BaseMod","Better Altar","Better Match","Better Note","Better Sensory Stone","Better Skull","Better Third Choice","Minty Spire (QoL Compilation)","Permanent Neow","StSLib"],"gold_per_floor":[117,42,42,42,52,52,71,71,71,71,105,122,122,122,122,247,247,263,188,113,113,113,113],"floor_reached":22,"playtime":808,"items_purged":["Defend_P"],"score":236,"play_id":"fac279d1-0712-407f-8abe-c173d10bd3e4","local_time":"20201228120235","is_ascension_mode":true,"campfire_choices":[{"data":"Eruption","floor":6,"key":"SMITH"},{"data":"Vigilance","floor":10,"key":"SMITH"},{"data":"Worship","floor":13,"key":"SMITH"},{"data":"MasterReality","floor":15,"key":"SMITH"}],"circlet_count":0,"master_deck":["Strike_P","Strike_P","Strike_P","Strike_P","Defend_P","Eruption+1","Vigilance+1","Worship+1","Perseverance+1","Good Instincts+1","MasterReality+1","Establishment","TalkToTheHand+1","Writhe"],"relics":["PureWater","Letter Opener","Bag of Marbles","Golden Idol","Black Star","Turnip"],"acts_visited":["Exordium","TheCity"],"potions_floor_usage":[4,11,11,12,16],"damage_taken":[{"damage":1,"enemies":"Small Slimes","floor":1,"turns":3},{"damage":0,"enemies":"Cultist","floor":5,"turns":3},{"damage":0,"enemies":"2 Louse","floor":7,"turns":4},{"damage":0,"enemies":"Gremlin Nob","floor":11,"turns":4},{"damage":0,"enemies":"Red Slaver","floor":12,"turns":2},{"damage":20,"enemies":"Slime Boss","floor":16,"turns":6},{"damage":48,"enemies":"2 Thieves","floor":18,"turns":5},{"damage":39,"enemies":"Shell Parasite","floor":22,"turns":2}],"seed_played":"-6932422345780481479","potions_obtained":[{"floor":0,"key":"LiquidMemories"},{"floor":0,"key":"Weak Potion"},{"floor":0,"key":"Strength Potion"},{"floor":4,"key":"Fruit Juice"},{"floor":4,"key":"Energy Potion"},{"floor":11,"key":"SkillPotion"},{"floor":12,"key":"SpeedPotion"},{"floor":18,"key":"CultistPotion"}],"is_trial":false,"path_per_floor":["M","?","?","?","M","R","M","$","T","R","E","M","R","?","R","B",null,"M","?","$","?","M"],"character_chosen":"WATCHER","items_purchased":[],"campfire_rested":0,"item_purchase_floors":[],"current_hp_per_floor":[71,71,71,76,76,76,76,76,76,76,76,76,76,57,57,37,77,29,29,29,29,0,0],"gold":113,"neow_bonus":"THREE_SMALL_POTIONS","is_daily":false,"chose_seed":false,"campfire_upgraded":4,"win_rate":0.0,"timestamp":1609174955,"path_taken":["M","?","?","?","?","R","M","$","T","R","E","M","R","?","R","BOSS","M","?","$","?","M"],"items_purchased_type":[],"build_version":"2020-12-22","purchased_purges":1,"victory":false,"max_hp_per_floor":[72,72,72,77,77,77,77,77,77,77,77,77,77,77,77,77,77,77,77,77,77,77,77],"card_choices":[{"not_picked":["Nirvana","Adaptation"],"picked":"Worship","floor":1},{"not_picked":["Wallop+1","Nirvana+1"],"picked":"Perseverance+1","floor":2},{"not_picked":["Panacea+1","Flash of Steel+1"],"picked":"Good Instincts+1","floor":2},{"not_picked":["SashWhip","SignatureMove"],"picked":"MasterReality","floor":5},{"not_picked":["SashWhip","JustLucky","Meditate"],"picked":"SKIP","floor":7},{"not_picked":["EmptyMind","JustLucky","ClearTheMind"],"picked":"SKIP","floor":11},{"not_picked":["ThirdEye","Prostrate","JustLucky"],"picked":"SKIP","floor":12},{"not_picked":["Wish","DeusExMachina"],"picked":"Establishment","floor":16},{"not_picked":["JustLucky","Evaluate"],"picked":"TalkToTheHand+1","floor":18}],"player_experience":422426,"relics_obtained":[{"floor":9,"key":"Letter Opener"},{"floor":11,"key":"Bag of Marbles"}],"event_choices":[{"damage_healed":0,"gold_gain":0,"player_choice":"2","damage_taken":0,"max_hp_gain":0,"max_hp_loss":0,"event_name":"betterMatch:BetterMatch","floor":2,"gold_loss":0,"cards_obtained":["betterMatch:UncommonCard","betterMatch:ColorlessUncommonCard"]},{"cards_removed":["Defend_P"],"damage_healed":0,"gold_gain":0,"player_choice":"Forget","damage_taken":0,"max_hp_gain":0,"max_hp_loss":0,"event_name":"Living Wall","floor":3,"gold_loss":0},{"damage_healed":0,"gold_gain":0,"player_choice":"Got Potions","damage_taken":0,"max_hp_gain":0,"max_hp_loss":0,"event_name":"Lab","floor":4,"gold_loss":0},{"damage_healed":0,"gold_gain":0,"player_choice":"Take Damage","damage_taken":19,"relics_obtained":["Golden Idol"],"max_hp_gain":0,"max_hp_loss":0,"event_name":"Golden Idol","floor":14,"gold_loss":0},{"cards_removed":["Defend_P"],"damage_healed":0,"gold_gain":0,"player_choice":"Gave Gold","damage_taken":0,"max_hp_gain":0,"max_hp_loss":0,"event_name":"Beggar","floor":19,"gold_loss":75},{"damage_healed":0,"gold_gain":0,"player_choice":"Opened","damage_taken":0,"relics_obtained":["Turnip"],"max_hp_gain":0,"max_hp_loss":0,"event_name":"The Mausoleum","floor":21,"gold_loss":0,"cards_obtained":["Writhe"]}],"is_beta":false,"boss_relics":[{"not_picked":["Pandora\u0027s Box","Snecko Eye"],"picked":"Black Star"}],"items_purged_floors":[20],"is_endless":false,"potions_floor_spawned":[7,11,12,18],"killed_by":"Shell Parasite","ascension_level":3}}