{"host":"Ian","time":1609165554,"event":{"mods":["BaseMod","Bestiary","Block Reminder","Colored Map","Highlight Path","Key Reminder","Minty Spire (QoL Compilation)","Relic Stats"],"gold_per_floor":[110,15,15,15,32,64,64,75,75,104,104,137,137,200,200,276,276,276,276,276,276,33,33,33,33,33,33,33,33,33,33,33,33,33,33,33,33,33,33,33,33,33,33,33,33,33,33,33,33,33,33],"floor_reached":50,"playtime":2694,"items_purged":[],"score":1148,"play_id":"d1d1927c-c04d-4196-958a-c9dfdb5a504f","local_time":"20201228142554","is_ascension_mode":true,"campfire_choices":[{"data":"Bash","floor":7,"key":"SMITH"},{"floor":11,"key":"REST"},{"data":"Clothesline","floor":13,"key":"SMITH"},{"floor":15,"key":"REST"},{"data":"Berserk","floor":27,"key":"SMITH"},{"floor":29,"key":"REST"},{"floor":32,"key":"REST"},{"data":"Combust","floor":41,"key":"SMITH"},{"data":"Barricade","floor":44,"key":"SMITH"},{"floor":49,"key":"RECALL"}],"circlet_count":0,"master_deck":["AscendersBane","Strike_R+1","Strike_R","Strike_R","Strike_R","Strike_R","Defend_R","Defend_R+1","Defend_R+1","Defend_R+1","Bash+1","Iron Wave","Blood for Blood","Hemokinesis","Clothesline+1","Shrug It Off","Burning Pact","Berserk+1","Necronomicurse","Shrug It Off","Combust+1","Dropkick+1","Whirlwind+1","Disarm","Demon Form","Armaments+1","Metallicize+1","Barricade+1","Uppercut+1","Madness","Madness"],"relics":["Burning Blood","War Paint","Mummified Hand","Lantern","Nunchaku","Meat on the Bone","Ectoplasm","Necronomicon","Bag of Preparation","Molten Egg 2","Potion Belt","Kunai","Gremlin Horn","Runic Pyramid","Blue Candle","Vajra","Champion Belt","Bronze Scales"],"acts_visited":["Exordium","TheCity","TheBeyond"],"potions_floor_usage":[6,14,14,18,21,25,30,33,40,50,50,50],"damage_taken":[{"damage":10,"enemies":"2 Louse","floor":1,"turns":3},{"damage":5,"enemies":"Small Slimes","floor":5,"turns":3},{"damage":18,"enemies":"Gremlin Nob","floor":6,"turns":4},{"damage":9,"enemies":"Jaw Worm","floor":8,"turns":4},{"damage":13,"enemies":"3 Sentries","floor":10,"turns":5},{"damage":37,"enemies":"Lagavulin","floor":12,"turns":6},{"damage":14,"enemies":"Gremlin Nob","floor":14,"turns":4},{"damage":40,"enemies":"Hexaghost","floor":16,"turns":11},{"damage":21,"enemies":"Spheric Guardian","floor":18,"turns":4},{"damage":16,"enemies":"Shell Parasite","floor":20,"turns":3},{"damage":8,"enemies":"Centurion and Healer","floor":21,"turns":5},{"damage":25,"enemies":"Gremlin Leader","floor":23,"turns":5},{"damage":38,"enemies":"Shelled Parasite and Fungi","floor":24,"turns":6},{"damage":37,"enemies":"Slavers","floor":25,"turns":4},{"damage":22,"enemies":"Book of Stabbing","floor":30,"turns":4},{"damage":50,"enemies":"Collector","floor":33,"turns":8},{"damage":14,"enemies":"3 Darklings","floor":35,"turns":2},{"damage":8,"enemies":"Orb Walker","floor":36,"turns":2},{"damage":0,"enemies":"Jaw Worm Horde","floor":37,"turns":1},{"damage":32,"enemies":"Reptomancer","floor":40,"turns":4},{"damage":33,"enemies":"Writhing Mass","floor":42,"turns":6},{"damage":5,"enemies":"Mind Bloom Boss Battle","floor":45,"turns":6},{"damage":10,"enemies":"Giant Head","floor":46,"turns":6},{"damage":18,"enemies":"Sphere and 2 Shapes","floor":48,"turns":7},{"damage":79,"enemies":"Donu and Deca","floor":50,"turns":7}],"seed_played":"-3538938975100377253","potions_obtained":[{"floor":5,"key":"ElixirPotion"},{"floor":10,"key":"SteroidPotion"},{"floor":12,"key":"Block Potion"},{"floor":14,"key":"BloodPotion"},{"floor":16,"key":"BloodPotion"},{"floor":18,"key":"SpeedPotion"},{"floor":21,"key":"ElixirPotion"},{"floor":23,"key":"Regen Potion"},{"floor":25,"key":"BlessingOfTheForge"},{"floor":33,"key":"BloodPotion"},{"floor":35,"key":"SpeedPotion"},{"floor":46,"key":"CultistPotion"},{"floor":48,"key":"Regen Potion"}],"is_trial":false,"path_per_floor":["M","$","?","?","M","E","R","M","T","E","R","E","R","?","R","B",null,"M","?","M","M","$","E","M","E","T","R","?","R","E","?","R","B",null,"M","M","M","?","$","E","R","M","T","R","?","E","?","M","R","B"],"character_chosen":"IRONCLAD","items_purchased":["Blood for Blood","Weak Potion","Bag of Preparation","Combust"],"campfire_rested":4,"item_purchase_floors":[2,2,22,22],"current_hp_per_floor":[71,71,76,50,51,39,39,36,36,29,55,24,24,16,42,20,70,72,51,53,68,68,61,41,36,36,36,11,38,34,28,55,23,75,67,65,71,71,71,57,57,42,42,42,55,63,46,46,46,0,0],"gold":33,"neow_bonus":"TEN_PERCENT_HP_BONUS","is_daily":false,"chose_seed":false,"campfire_upgraded":5,"win_rate":0.0,"timestamp":1609165554,"path_taken":["M","$","?","?","M","E","R","M","T","E","R","E","R","?","R","BOSS","M","?","M","M","$","E","M","E","T","R","?","R","E","?","R","BOSS","M","M","?","?","?","E","R","M","T","R","?","E","?","M","R","BOSS"],"items_purchased_type":["Card","Potion","Relic","Card"],"build_version":"2020-12-18","purchased_purges":0,"victory":false,"max_hp_per_floor":[82,82,87,87,87,87,87,87,87,87,87,87,87,87,87,87,87,87,87,87,87,87,87,87,87,87,87,92,92,92,92,92,92,92,92,92,92,92,92,92,92,92,92,92,92,92,92,92,92,92,92],"relic_stats":{"Gremlin Horn":[11,11],"counters":[25,120],"Blue Candle":[0],"Bag of Preparation":[28],"War Paint":["Defend_R","Defend_R"],"Burning Blood":144,"Nunchaku":[24],"Mummified Hand":[67],"Bronze Scales":[27],"Ectoplasm":385,"Necronomicon":[41],"Kunai":[33],"Champion Belt":[9],"obtain_stats":[{"Potion Belt":25,"Lantern":10,"Gremlin Horn":30,"Blue Candle":38,"Vajra":40,"Bag of Preparation":22,"War Paint":6,"Burning Blood":0,"keyreminder:keyreminder":12,"Nunchaku":12,"Mummified Hand":9,"Bronze Scales":46,"Molten Egg 2":23,"Ectoplasm":17,"Necronomicon":19,"Kunai":26,"Champion Belt":45,"Meat on the Bone":14,"Runic Pyramid":34},{"Potion Belt":14,"Lantern":5,"Gremlin Horn":15,"Blue Candle":19,"Vajra":20,"Bag of Preparation":11,"War Paint":3,"Burning Blood":0,"keyreminder:keyreminder":6,"Nunchaku":6,"Mummified Hand":4,"Bronze Scales":23,"Molten Egg 2":12,"Ectoplasm":8,"Necronomicon":9,"Kunai":14,"Champion Belt":22,"Meat on the Bone":7,"Runic Pyramid":16},{"Potion Belt":67,"Lantern":19,"Gremlin Horn":71,"Blue Candle":84,"Vajra":88,"Bag of Preparation":52,"War Paint":10,"Burning Blood":0,"keyreminder:keyreminder":25,"Nunchaku":25,"Mummified Hand":14,"Bronze Scales":106,"Molten Egg 2":57,"Ectoplasm":40,"Necronomicon":44,"Kunai":67,"Champion Belt":100,"Meat on the Bone":29,"Runic Pyramid":79}],"Meat on the Bone":144},"card_choices":[{"not_picked":["Headbutt","Warcry"],"picked":"Iron Wave","floor":1},{"not_picked":["Evolve","Pommel Strike"],"picked":"Hemokinesis","floor":5},{"not_picked":["Clash","Dual Wield"],"picked":"Clothesline","floor":6},{"not_picked":["Infernal Blade","Warcry"],"picked":"Fire Breathing","floor":8},{"not_picked":["Infernal Blade","Clash"],"picked":"Shrug It Off","floor":10},{"not_picked":["Seeing Red","Iron Wave","Infernal Blade"],"picked":"SKIP","floor":12},{"not_picked":["Intimidate","Fire Breathing"],"picked":"Burning Pact","floor":14},{"not_picked":["Juggernaut","Demon Form"],"picked":"Berserk","floor":16},{"not_picked":["Reckless Charge+1","Clothesline","Sword Boomerang"],"picked":"SKIP","floor":18},{"not_picked":["Twin Strike","Shockwave","Perfected Strike+1"],"picked":"SKIP","floor":20},{"not_picked":["Sword Boomerang","Bloodletting"],"picked":"Shrug It Off","floor":21},{"not_picked":["Fiend Fire+1","Wild Strike+1","Shockwave"],"picked":"SKIP","floor":23},{"not_picked":["Fiend Fire+1","Wild Strike+1","Shockwave"],"picked":"SKIP","floor":23},{"not_picked":["Wild Strike+1","Clothesline+1"],"picked":"Dropkick+1","floor":24},{"not_picked":["Flex","Havoc"],"picked":"Whirlwind+1","floor":25},{"not_picked":["Feel No Pain","Heavy Blade+1"],"picked":"Disarm","floor":30},{"not_picked":["Berserk","Exhume"],"picked":"Demon Form","floor":33},{"not_picked":["Iron Wave+1","Spot Weakness","Clothesline+1"],"picked":"SKIP","floor":35},{"not_picked":["Body Slam+1","Wild Strike+1","Clothesline+1"],"picked":"SKIP","floor":36},{"not_picked":["Clash+1","Headbutt+1"],"picked":"Armaments+1","floor":37},{"not_picked":["Heavy Blade+1","Twin Strike+1"],"picked":"Metallicize+1","floor":40},{"not_picked":["Iron Wave+1","Thunderclap+1"],"picked":"Barricade","floor":42},{"not_picked":["Flame Barrier","Intimidate+1"],"picked":"Uppercut+1","floor":46},{"not_picked":["Sentinel","Twin Strike+1","Uppercut+1"],"picked":"SKIP","floor":48}],"player_experience":2598922,"relics_obtained":[{"floor":6,"key":"War Paint"},{"floor":9,"key":"Mummified Hand"},{"floor":10,"key":"Lantern"},{"floor":12,"key":"Nunchaku"},{"floor":14,"key":"Meat on the Bone"},{"floor":19,"key":"Necronomicon"},{"floor":23,"key":"Molten Egg 2"},{"floor":25,"key":"Potion Belt"},{"floor":26,"key":"Kunai"},{"floor":30,"key":"Gremlin Horn"},{"floor":40,"key":"Vajra"},{"floor":45,"key":"Champion Belt"},{"floor":46,"key":"Bronze Scales"}],"event_choices":[{"damage_healed":0,"gold_gain":0,"player_choice":"Donut","damage_taken":0,"max_hp_gain":5,"max_hp_loss":0,"event_name":"Big Fish","floor":3,"gold_loss":0},{"damage_healed":0,"gold_gain":0,"player_choice":"Entered Light","damage_taken":26,"max_hp_gain":0,"max_hp_loss":0,"event_name":"Shining Light","floor":4,"gold_loss":0,"cards_upgraded":["Strike_R","Defend_R"]},{"damage_healed":0,"gold_gain":30,"player_choice":"Searched \u00273\u0027 times","damage_taken":0,"max_hp_gain":0,"max_hp_loss":0,"event_name":"Dead Adventurer","floor":14,"gold_loss":0},{"damage_healed":0,"gold_gain":0,"player_choice":"Obtained Book","damage_taken":21,"max_hp_gain":0,"max_hp_loss":0,"event_name":"Cursed Tome","floor":19,"gold_loss":0},{"damage_healed":0,"gold_gain":0,"player_choice":"Shed Blood","damage_taken":30,"max_hp_gain":5,"max_hp_loss":0,"event_name":"Forgotten Altar","floor":28,"gold_loss":0},{"damage_healed":0,"gold_gain":0,"player_choice":"","damage_taken":6,"max_hp_gain":0,"max_hp_loss":0,"event_name":"Knowing Skull","floor":31,"potions_obtained":[],"gold_loss":0,"cards_obtained":[]},{"cards_removed":["Fire Breathing"],"damage_healed":0,"gold_gain":0,"player_choice":"Gave Card","damage_taken":0,"relics_obtained":["Blue Candle"],"max_hp_gain":0,"max_hp_loss":0,"event_name":"WeMeetAgain","floor":38,"gold_loss":0},{"damage_healed":0,"gold_gain":0,"player_choice":"Fight","damage_taken":0,"max_hp_gain":0,"max_hp_loss":0,"event_name":"MindBloom","floor":45,"gold_loss":0},{"damage_healed":0,"gold_gain":0,"player_choice":"Embrace Madness","damage_taken":17,"max_hp_gain":0,"max_hp_loss":0,"event_name":"Winding Halls","floor":47,"gold_loss":0,"cards_obtained":["Madness","Madness"]}],"is_beta":true,"boss_relics":[{"not_picked":["Tiny House","Busted Crown"],"picked":"Ectoplasm"},{"not_picked":["Philosopher\u0027s Stone","Velvet Choker"],"picked":"Runic Pyramid"}],"items_purged_floors":[],"is_endless":false,"potions_floor_spawned":[5,10,12,14,16,18,21,23,25,33,35,46,48],"killed_by":"Donu and Deca","ascension_level":20}}