{"host":"qhn6g0owdgjb77rz","time":1609149574,"event":{"mods":["BaseMod","BetterRewards","Colored Map","Minty Spire (QoL Compilation)","Relic Sorter","Replay The Spire","StSLib"],"gold_per_floor":[114,289,1,76,90,90,124,137,137,164,164,193,193,193,193,294,294,311,226,276,294,50,50,64,96,96,128,160,187,187,187,187,282,282,292,396,406,429,439,469,469,241,265,265,290,307,20,40,40,40],"floor_reached":51,"playtime":4325,"items_purged":["Defend_P","Doubt","Defend_P"],"score":1671,"play_id":"53ff9edd-fe1d-4753-97ff-b57e80e882bc","local_time":"20201228185934","is_ascension_mode":true,"campfire_choices":[{"data":"Devotion","floor":6.0,"key":"SMITH"},{"data":"BattleHymn","floor":11.0,"key":"SMITH"},{"data":"Eruption","floor":13.0,"key":"SMITH"},{"data":"FlurryOfBlows","floor":15.0,"key":"SMITH"},{"data":"Vault","floor":23.0,"key":"SMITH"},{"data":"Vault","floor":30.0,"key":"SMITH"},{"data":"Pot Of Greed","floor":44,"key":"SMITH"},{"data":"Madness","floor":49,"key":"SMITH"}],"circlet_count":0,"master_deck":["Strike_P","Strike_P","Strike_P","Strike_P","Defend_P+1","Defend_P+1","Eruption+1","Vigilance","BattleHymn+1","Thinking Ahead+1","Halt","EmptyFist","Halt","Devotion+1","FlurryOfBlows+1","Halt","FearNoEvil","Vault+1","Evaluate+1","Halt","MentalFortress+1","MentalFortress+1","Vault+1","Indignation","EmptyBody","FollowUp","Replay:AllIn","Wireheading+1","Replay:Cycle","Pot Of Greed+1","Pot Of Greed","Pot Of Greed","MasterReality+1","EmptyMind","FearNoEvil+1","Madness+1","Madness","Alpha","CrushJoints+1","Pot Of Greed","ReplayTheSpireMod:Brewmster+1","CutThroughFate+1"],"relics":["HolyWater","Replay:Accelerometer","BargainBundle","Gambling Chip","War Paint","Orichalcum","ReplayTheSpireMod:Ninjato","Garlic","Tiny Chest","Odd Mushroom","Frozen Egg 2","Honey Jar","Blue Doll","Ancient Tea Set","Membership Card","Potion Belt","Replay:Mystery Machine","Red Mask","Pen Nib","Grinning Jar","Replay:Rubber Ducky","Damaru","Ginger","Bronze Scales","Bag of Preparation","Akabeko","Replay:Kaleidoscope"],"acts_visited":["Exordium","TheCity","TheBeyond"],"potions_floor_usage":[48,48,48,50,50,50,50,50],"damage_taken":[{"damage":0.0,"enemies":"Small Slimes","floor":1.0,"turns":2.0},{"damage":0.0,"enemies":"2 Louse","floor":5.0,"turns":2.0},{"damage":0.0,"enemies":"Replay:BlueRogue","floor":7.0,"turns":4.0},{"damage":1.0,"enemies":"Jaw Worm","floor":8.0,"turns":2.0},{"damage":0.0,"enemies":"Lagavulin","floor":10.0,"turns":4.0},{"damage":0.0,"enemies":"The Mushroom Lair","floor":12.0,"turns":2.0},{"damage":0.0,"enemies":"Slime Boss","floor":16.0,"turns":4.0},{"damage":0.0,"enemies":"Spheric Guardian","floor":18.0,"turns":3.0},{"damage":0.0,"enemies":"Shell Parasite","floor":21.0,"turns":2.0},{"damage":5.0,"enemies":"Shelled Parasite and Fungi","floor":24.0,"turns":5.0},{"damage":0.0,"enemies":"Slavers","floor":25.0,"turns":4.0},{"damage":0.0,"enemies":"Book of Stabbing","floor":27.0,"turns":5.0},{"damage":6.0,"enemies":"Masked Bandits","floor":28.0,"turns":5.0},{"damage":0.0,"enemies":"Gremlin Leader","floor":29.0,"turns":5.0},{"damage":0.0,"enemies":"Collector","floor":33.0,"turns":7.0},{"damage":0.0,"enemies":"3 Darklings","floor":35.0,"turns":3.0},{"damage":0,"enemies":"3 Shapes","floor":37,"turns":3},{"damage":0,"enemies":"Sphere and 2 Shapes","floor":39,"turns":4},{"damage":0,"enemies":"Giant Head","floor":40,"turns":5},{"damage":0,"enemies":"Nemesis","floor":45,"turns":4},{"damage":0,"enemies":"Writhing Mass","floor":46,"turns":4},{"damage":0,"enemies":"Jaw Worm Horde","floor":48,"turns":4},{"damage":29,"enemies":"Time Eater","floor":50,"turns":5}],"seed_played":"-6614657801848515469","potions_obtained":[{"floor":10.0,"key":"Elixir"},{"floor":24.0,"key":"SteroidPotion"},{"floor":27.0,"key":"Explosive Potion"},{"floor":29.0,"key":"LiquidBronze"},{"floor":33.0,"key":"Swift Potion"},{"floor":40,"key":"BlessingOfTheForge"},{"floor":46,"key":"Energy Potion"}],"is_trial":false,"path_per_floor":["M","?","$","?","M","R","E","M","T","E","R","?","R","?","R","B",null,"M","?","T","M","$","R","M","E","T","E","?","E","R","?","R_BF","B",null,"M","?","M","T","M","E","?","$","T","R","E","M","$","M","R_BF","B",null],"character_chosen":"WATCHER","items_purchased":["BargainBundle","Regen Potion","Fire Potion","BottledMiracle","BattleHymn","Thinking Ahead","Halt","War Paint","Orichalcum","EmptyFist","Devotion","FlurryOfBlows","Membership Card","MentalFortress+1","Ginger","Bronze Scales","ReplayTheSpireMod:Brewmster+1","Replay:Kaleidoscope","CultistPotion","SteroidPotion"],"campfire_rested":0,"item_purchase_floors":[0,0,0,0,0,0,0,0,0,0,3,3,22,22,42,42,47,47,47,47],"current_hp_per_floor":[72,72,72,61,61,61,61,60,60,60,60,60,60,48,48,48,66,66,66,66,66,66,66,61,61,61,61,55,55,55,55,72,72,72,72,54,54,54,54,54,45,45,45,45,45,45,45,54,54,25],"gold":40,"neow_bonus":"","is_daily":false,"chose_seed":false,"campfire_upgraded":8,"win_rate":0.0,"timestamp":1609149574,"path_taken":["M","?","$","?","M","R","E","M","T","E","R","?","R","?","R","BOSS","M","?","?","M","$","R","M","E","T","E","?","E","R","?","R_BF","BOSS","M","?","M","?","?","E","?","$","T","R","E","M","$","M","R_BF","BOSS"],"items_purchased_type":["Relic","Potion","Potion","Potion","Card","Card","Card","Relic","Relic","Card","Card","Card","Relic","Card","Relic","Relic","Card","Relic","Potion","Potion"],"build_version":"2020-12-22","purchased_purges":3,"victory":true,"max_hp_per_floor":[72,72,72,72,72,72,72,72,72,72,72,72,72,72,72,72,72,72,72,72,72,72,72,72,72,72,72,72,72,72,72,72,72,72,72,72,72,72,72,72,72,72,72,72,72,72,72,72,72,72],"card_choices":[{"not_picked":["EmptyBody","JustLucky"],"picked":"Halt","floor":1.0},{"not_picked":["Study","ThirdEye","Consecrate"],"picked":"SKIP","floor":5.0},{"not_picked":["ThirdEye","Replay:AtTheReady"],"picked":"Halt","floor":7.0},{"not_picked":["Replay:Hum","Collect"],"picked":"FearNoEvil","floor":8.0},{"not_picked":["Replay:AtTheReady","Evaluate","Replay:Battleflow"],"picked":"SKIP","floor":10.0},{"not_picked":["Replay:AtTheReady","Evaluate","Replay:Battleflow"],"picked":"SKIP","floor":10.0},{"not_picked":["Scrawl","Replay:AllIn"],"picked":"Vault","floor":16.0},{"not_picked":["Replay:DivineShield","Replay:BluntJabs","Protect"],"picked":"Evaluate","floor":18.0},{"not_picked":["Replay:BluntJabs","Replay:ManipulateFuture","WheelKick"],"picked":"Halt","floor":21.0},{"not_picked":["Evaluate","ThirdEye","SashWhip"],"picked":"MentalFortress+1","floor":24.0},{"not_picked":["BattleHymn+1","Consecrate+1","Nirvana+1"],"picked":"Vault","floor":25.0},{"not_picked":["Replay:AtTheReady","Fasting2+1","JustLucky+1"],"picked":"Indignation","floor":27.0},{"not_picked":["JustLucky","Wallop","PathToVictory"],"picked":"EmptyBody","floor":28.0},{"not_picked":["JustLucky","Worship","CrushJoints"],"picked":"FollowUp","floor":29.0},{"not_picked":["Vault","DevaForm+1","SpiritShield"],"picked":"Replay:AllIn","floor":33.0},{"not_picked":["Protect","JustLucky","ThirdEye+1"],"picked":"Wireheading+1","floor":35.0},{"not_picked":["Replay:Vibes","Replay:BluntJabs+1","Meditate"],"picked":"Replay:Cycle","floor":36},{"not_picked":["ThirdEye","Protect+1","Evaluate+1"],"picked":"MasterReality+1","floor":37},{"not_picked":["LikeWater+1","Protect","BowlingBash"],"picked":"EmptyMind","floor":39},{"not_picked":["BowlingBash+1","Replay:ManipulateFuture+1","SashWhip"],"picked":"FearNoEvil+1","floor":40},{"not_picked":["Wireheading+1","CarveReality+1","FlyingSleeves"],"picked":"Alpha","floor":45},{"not_picked":["Weave+1","ThirdEye+1","Prostrate"],"picked":"CrushJoints+1","floor":46},{"not_picked":["ThirdEye","ReachHeaven+1","SashWhip"],"picked":"CutThroughFate+1","floor":48}],"player_experience":390998,"relics_obtained":[{"floor":7.0,"key":"ReplayTheSpireMod:Ninjato"},{"floor":9.0,"key":"Garlic"},{"floor":10.0,"key":"Tiny Chest"},{"floor":12.0,"key":"Odd Mushroom"},{"floor":20.0,"key":"Ancient Tea Set"},{"floor":25.0,"key":"Replay:Accelerometer"},{"floor":26.0,"key":"Potion Belt"},{"floor":27.0,"key":"Replay:Mystery Machine"},{"floor":28.0,"key":"Red Mask"},{"floor":29.0,"key":"Pen Nib"},{"floor":36,"key":"Grinning Jar"},{"floor":38,"key":"Replay:Rubber Ducky"},{"floor":40,"key":"Damaru"},{"floor":43,"key":"Bag of Preparation"},{"floor":45,"key":"Akabeko"}],"event_choices":[{"damage_healed":0.0,"max_hp_gain":0.0,"max_hp_loss":0.0,"gold_gain":175.0,"event_name":"Liars Game","player_choice":"AGREE","floor":2.0,"gold_loss":0.0,"damage_taken":0.0,"cards_obtained":["Doubt"]},{"damage_healed":0.0,"max_hp_gain":0.0,"max_hp_loss":0.0,"gold_gain":75.0,"event_name":"World of Goop","player_choice":"Gather Gold","floor":4.0,"gold_loss":0.0,"damage_taken":11.0},{"damage_healed":0.0,"max_hp_gain":0.0,"max_hp_loss":0.0,"gold_gain":0.0,"event_name":"Mushrooms","player_choice":"Fought Mushrooms","floor":12.0,"gold_loss":0.0,"damage_taken":0.0},{"damage_healed":0.0,"max_hp_gain":0.0,"max_hp_loss":0.0,"gold_gain":0.0,"event_name":"Scrap Ooze","player_choice":"Success","floor":14.0,"gold_loss":0.0,"damage_taken":12.0,"relics_obtained":["Frozen Egg 2"]},{"damage_healed":0.0,"max_hp_gain":0.0,"max_hp_loss":0.0,"gold_gain":0.0,"event_name":"Addict","player_choice":"Obtained Relic","floor":19.0,"gold_loss":85.0,"damage_taken":0.0,"relics_obtained":["Blue Doll"]},{"damage_healed":0.0,"max_hp_gain":0.0,"max_hp_loss":0.0,"gold_gain":0.0,"event_name":"Masked Bandits","player_choice":"Fought Bandits","floor":28.0,"gold_loss":0.0,"damage_taken":0.0},{"damage_healed":0.0,"max_hp_gain":0.0,"max_hp_loss":0.0,"gold_gain":0.0,"event_name":"Upgrade Shrine","player_choice":"Upgraded","floor":31.0,"gold_loss":0.0,"damage_taken":0.0,"cards_upgraded":["Thinking Ahead"]},{"damage_healed":0,"gold_gain":0,"player_choice":"Embrace Madness","damage_taken":9,"max_hp_gain":0,"max_hp_loss":0,"event_name":"Winding Halls","floor":41,"gold_loss":0,"cards_obtained":["Madness","Madness"]}],"is_beta":false,"boss_relics":[{"not_picked":["ReplayTheSpireMod:DimensionalGlitch","Pandora\u0027s Box"],"picked":"Honey Jar"},{"not_picked":["Sozu","Kintsugi"],"picked":"HolyWater"}],"items_purged_floors":[0,3,22],"is_endless":false,"potions_floor_spawned":[1,7,10,24,27,29,33,40,46],"ascension_level":5}}