{"host":"f5n4tidiz2n5sooh","time":1609152917,"event":{"mods":["BaseMod","Bestiary","Colored Map","Minty Spire (QoL Compilation)","Relic Stats","StSLib"],"gold_per_floor":[109,53,72,147,158,158,186,186,186,200,230,230,256,273,273,273,273],"floor_reached":16,"playtime":731,"items_purged":[],"score":240,"play_id":"c3233037-2d1b-47af-8c90-4916e10b3767","local_time":"20201228045517","is_ascension_mode":true,"campfire_choices":[{"data":"Bash","floor":6.0,"key":"SMITH"},{"data":"Wild Strike","floor":8.0,"key":"SMITH"},{"data":"Sever Soul","floor":12,"key":"SMITH"},{"data":"Disarm","floor":15,"key":"SMITH"}],"circlet_count":0,"master_deck":["AscendersBane","Strike_R","Strike_R","Strike_R","Strike_R","Strike_R","Defend_R","Defend_R","Defend_R","Defend_R","Bash+1","Wild Strike+1","Cleave","True Grit","Sever Soul+1","Disarm+1","Pommel Strike","Juggernaut"],"relics":["Burning Blood","NeowsBlessing","Strawberry","Pantograph","Pear","PreservedInsect"],"acts_visited":["Exordium"],"potions_floor_usage":[11,13,16],"damage_taken":[{"damage":0.0,"enemies":"Cultist","floor":1.0,"turns":1.0},{"damage":0.0,"enemies":"2 Louse","floor":3.0,"turns":1.0},{"damage":0.0,"enemies":"Jaw Worm","floor":5.0,"turns":1.0},{"damage":23.0,"enemies":"Lagavulin","floor":7.0,"turns":5.0},{"damage":7.0,"enemies":"Red Slaver","floor":10.0,"turns":4.0},{"damage":8,"enemies":"Gremlin Nob","floor":11,"turns":3},{"damage":36,"enemies":"Lagavulin","floor":13,"turns":7},{"damage":28,"enemies":"Exordium Wildlife","floor":14,"turns":6},{"damage":40,"enemies":"The Guardian","floor":16,"turns":9}],"seed_played":"-3834402175997614462","potions_obtained":[{"floor":1.0,"key":"DistilledChaos"},{"floor":5.0,"key":"GamblersBrew"},{"floor":10.0,"key":"Ancient Potion"},{"floor":14,"key":"Explosive Potion"}],"is_trial":false,"path_per_floor":["M","$","M","?","M","R","E","R","T","M","E","R","E","M","R","B"],"character_chosen":"IRONCLAD","items_purchased":["Cleave"],"campfire_rested":0,"item_purchase_floors":[2],"current_hp_per_floor":[74,74,75,64,70,70,60,60,60,59,67,67,37,15,15,0,0],"gold":273,"neow_bonus":"THREE_ENEMY_KILL","is_daily":false,"chose_seed":false,"campfire_upgraded":4,"win_rate":0.0,"timestamp":1609152917,"path_taken":["M","$","?","?","M","R","E","R","T","M","E","R","E","M","R","BOSS"],"items_purchased_type":["Card"],"build_version":"2020-12-22","purchased_purges":0,"victory":false,"max_hp_per_floor":[75,75,75,75,75,75,82,82,82,82,92,92,92,92,92,92,92],"relic_stats":{"counters":[9,37],"Pantograph":25,"PreservedInsect":0,"obtain_stats":[{"Pear":11,"NeowsBlessing":0,"Strawberry":7,"Pantograph":9,"PreservedInsect":13,"Burning Blood":0},{"Pear":6,"NeowsBlessing":0,"Strawberry":4,"Pantograph":4,"PreservedInsect":7,"Burning Blood":0},{"Pear":15,"NeowsBlessing":0,"Strawberry":8,"Pantograph":8,"PreservedInsect":22,"Burning Blood":0}],"Burning Blood":43},"card_choices":[{"not_picked":["Perfected Strike","Thunderclap"],"picked":"Wild Strike","floor":1.0},{"not_picked":["Rupture","Flex"],"picked":"True Grit","floor":3.0},{"not_picked":["Fire Breathing","Body Slam","Combust"],"picked":"SKIP","floor":5.0},{"not_picked":["Body Slam","Pummel"],"picked":"Sever Soul","floor":7.0},{"not_picked":["Power Through","Combust"],"picked":"Disarm","floor":10.0},{"not_picked":["Infernal Blade","Dropkick","Body Slam"],"picked":"SKIP","floor":11},{"not_picked":["Bloodletting","Burning Pact"],"picked":"Pommel Strike","floor":13},{"not_picked":["Pommel Strike","Sword Boomerang"],"picked":"Juggernaut","floor":14}],"player_experience":1938355,"relics_obtained":[{"floor":7.0,"key":"Strawberry"},{"floor":9.0,"key":"Pantograph"},{"floor":11,"key":"Pear"},{"floor":13,"key":"PreservedInsect"}],"event_choices":[{"damage_healed":0.0,"max_hp_gain":0.0,"max_hp_loss":0.0,"gold_gain":75.0,"event_name":"World of Goop","player_choice":"Gather Gold","floor":4.0,"gold_loss":0.0,"damage_taken":11.0}],"is_beta":false,"boss_relics":[],"items_purged_floors":[],"is_endless":false,"potions_floor_spawned":[1,5,10,14],"killed_by":"The Guardian","ascension_level":20}}