{"host":"m77rrhbqzv44va4v","time":1609119407,"event":{"mods":["AchievementEnabler","BaseMod","Colored Map","DeckTracker","Keyboard Shortcuts","Minty Spire (QoL Compilation)","StSLib","SuperFastMode","everything is the same but u backflip on backflip"],"gold_per_floor":[109,127,145,163,40,66,66,101,101,101,117,217,250,268,268,340,340,359,359,375,394,98,131,131,148,175,175,195,195,195],"floor_reached":29,"playtime":782,"items_purged":["Strike_R","Strike_R"],"score":441,"play_id":"88bc49c6-c125-465c-8aa1-1f440e9e6ad2","local_time":"20201228103647","is_ascension_mode":true,"campfire_choices":[{"data":"Fire Breathing","floor":7.0,"key":"SMITH"},{"data":"Pommel Strike","floor":10.0,"key":"SMITH"},{"floor":15.0,"key":"REST"},{"data":"Secret Weapon","floor":27,"key":"SMITH"}],"circlet_count":0,"master_deck":["AscendersBane","Strike_R","Strike_R","Strike_R","Defend_R","Defend_R","Defend_R","Defend_R","Bash","Sword Boomerang","Carnage","Fire Breathing+1","Pommel Strike+1","Cleave","Flame Barrier","Offering","Shrug It Off","Offering","CurseOfTheBell","Offering","Secret Weapon+1","Power Through","Second Wind"],"relics":["Burning Blood","NeowsBlessing","Dead Branch","Bird Faced Urn","Self Forming Clay","Pantograph","Calling Bell","Lantern","Mummified Hand","Lizard Tail","Akabeko","GremlinMask","Nunchaku"],"acts_visited":["Exordium","TheCity"],"potions_floor_usage":[23,28],"damage_taken":[{"damage":0.0,"enemies":"Jaw Worm","floor":1.0,"turns":1.0},{"damage":0.0,"enemies":"Cultist","floor":2.0,"turns":1.0},{"damage":0.0,"enemies":"Small Slimes","floor":3.0,"turns":1.0},{"damage":9.0,"enemies":"Red Slaver","floor":4.0,"turns":3.0},{"damage":25.0,"enemies":"3 Sentries","floor":6.0,"turns":6.0},{"damage":35.0,"enemies":"Lagavulin","floor":8.0,"turns":5.0},{"damage":1.0,"enemies":"2 Fungi Beasts","floor":11.0,"turns":3.0},{"damage":23.0,"enemies":"Gremlin Nob","floor":13.0,"turns":5.0},{"damage":0.0,"enemies":"Large Slime","floor":14.0,"turns":5.0},{"damage":31.0,"enemies":"Slime Boss","floor":16.0,"turns":7.0},{"damage":25.0,"enemies":"Spheric Guardian","floor":18.0,"turns":4.0},{"damage":15.0,"enemies":"3 Byrds","floor":20.0,"turns":3.0},{"damage":24.0,"enemies":"Snake Plant","floor":21.0,"turns":4.0},{"damage":28,"enemies":"Slavers","floor":23,"turns":6},{"damage":23,"enemies":"Centurion and Healer","floor":25,"turns":8},{"damage":29,"enemies":"Shelled Parasite and Fungi","floor":28,"turns":4},{"damage":35,"enemies":"Snake Plant","floor":29,"turns":3}],"seed_played":"-8978055752076309258","potions_obtained":[{"floor":2.0,"key":"Strength Potion"},{"floor":6.0,"key":"AttackPotion"},{"floor":11.0,"key":"SpeedPotion"},{"floor":14.0,"key":"DistilledChaos"},{"floor":16.0,"key":"SteroidPotion"},{"floor":25,"key":"Strength Potion"}],"is_trial":false,"path_per_floor":["M","M","M","M","$","E","R","E","T","R","M","?","E","M","R","B",null,"M","?","M","M","$","E","?","M","T","R","M","M"],"character_chosen":"IRONCLAD","items_purchased":["Pommel Strike","Secret Weapon"],"campfire_rested":1,"item_purchase_floors":[5,22],"current_hp_per_floor":[78,80,80,77,77,58,58,29,29,29,34,34,17,23,47,51,73,54,54,49,31,31,9,9,46,46,46,27,0,0],"gold":195,"neow_bonus":"THREE_ENEMY_KILL","is_daily":false,"chose_seed":false,"campfire_upgraded":3,"win_rate":0.0,"timestamp":1609119407,"path_taken":["M","M","M","M","$","E","R","E","T","R","M","?","E","?","R","BOSS","M","?","M","?","$","E","?","?","T","R","M","M"],"items_purchased_type":["Card","Card"],"build_version":"2020-12-22","purchased_purges":2,"victory":false,"max_hp_per_floor":[80,80,80,80,80,80,80,80,80,80,80,80,80,80,80,80,80,80,80,80,80,80,80,80,80,80,80,80,80,80],"card_choices":[{"not_picked":["Iron Wave","Flex"],"picked":"Sword Boomerang","floor":1.0},{"not_picked":["Thunderclap","Perfected Strike","Searing Blow"],"picked":"SKIP","floor":2.0},{"not_picked":["Hemokinesis","Warcry"],"picked":"Carnage","floor":3.0},{"not_picked":["Perfected Strike","Armaments"],"picked":"Fire Breathing","floor":4.0},{"not_picked":["Headbutt","Rampage"],"picked":"Cleave","floor":6.0},{"not_picked":["Clothesline","Warcry","Cleave"],"picked":"SKIP","floor":8.0},{"not_picked":["Fire Breathing","Anger"],"picked":"Flame Barrier","floor":11.0},{"not_picked":["Perfected Strike","Blood for Blood"],"picked":"Offering","floor":13.0},{"not_picked":["Anger","Burning Pact"],"picked":"Shrug It Off","floor":14.0},{"not_picked":["Double Tap","Barricade"],"picked":"Offering","floor":16.0},{"not_picked":["Rage","Anger+1","Warcry"],"picked":"SKIP","floor":18.0},{"not_picked":["Perfected Strike+1","Dual Wield","Sword Boomerang+1"],"picked":"SKIP","floor":20.0},{"not_picked":["Clothesline","Evolve","Perfected Strike"],"picked":"SKIP","floor":21.0},{"not_picked":["Clothesline","Evolve","Perfected Strike"],"picked":"SKIP","floor":21.0},{"not_picked":["Wild Strike","Juggernaut","Shrug It Off"],"picked":"SKIP","floor":23},{"not_picked":["Rage","Sever Soul"],"picked":"Power Through","floor":25},{"not_picked":["Cleave","Sword Boomerang"],"picked":"Second Wind","floor":28}],"player_experience":814406,"relics_obtained":[{"floor":6.0,"key":"Dead Branch"},{"floor":8.0,"key":"Bird Faced Urn"},{"floor":9.0,"key":"Self Forming Clay"},{"floor":13.0,"key":"Pantograph"},{"floor":17.0,"key":"Lantern"},{"floor":17.0,"key":"Mummified Hand"},{"floor":17.0,"key":"Lizard Tail"},{"floor":23,"key":"Akabeko"},{"floor":26,"key":"Nunchaku"}],"event_choices":[{"damage_healed":0.0,"max_hp_gain":0.0,"max_hp_loss":0.0,"gold_gain":100.0,"event_name":"Golden Shrine","player_choice":"Pray","floor":12.0,"gold_loss":0.0,"damage_taken":0.0},{"damage_healed":0.0,"max_hp_gain":0.0,"max_hp_loss":0.0,"gold_gain":0.0,"event_name":"Duplicator","player_choice":"Copied","floor":19.0,"gold_loss":0.0,"damage_taken":0.0,"cards_obtained":["Offering"]},{"damage_healed":0,"gold_gain":0,"player_choice":"Trade","damage_taken":0,"relics_obtained":["GremlinMask"],"max_hp_gain":0,"max_hp_loss":0,"event_name":"FaceTrader","floor":24,"gold_loss":0}],"is_beta":false,"boss_relics":[{"not_picked":["Ectoplasm","Snecko Eye"],"picked":"Calling Bell"}],"items_purged_floors":[5,22],"is_endless":false,"potions_floor_spawned":[2,6,11,14,16,25],"killed_by":"Snake Plant","ascension_level":13}}