{"host":"2se5dq1do2gp0x9k","time":1609140248,"event":{"mods":["AchievementEnabler","BaseMod","Block Reminder","Colored Map","Colored Powertips","Minty Spire (QoL Compilation)","Relic Stats","StSLib","SuperFastMode"],"gold_per_floor":[116,191,26,41,41,75,75,87,87,114,124,134,160,177,177,251,251,271,285,210,227,69,69,94,110,135,135,135,135,169,194,194,194,194],"floor_reached":33,"playtime":988,"items_purged":["Strike_R"],"score":664,"play_id":"b7f785b1-a07b-4cc0-b5af-499d832bde38","local_time":"20201227232408","is_ascension_mode":true,"campfire_choices":[{"data":"Pommel Strike","floor":7.0,"key":"SMITH"},{"data":"Brutality","floor":15.0,"key":"SMITH"},{"floor":23.0,"key":"REST"},{"floor":27,"key":"REST"},{"floor":32,"key":"REST"}],"circlet_count":0,"master_deck":["AscendersBane","Strike_R","Defend_R","Defend_R","Defend_R","Defend_R","Bash","Pommel Strike+1","Clothesline+1","Flex+1","Armaments+1","Pummel+1","Blood for Blood+1","Cleave+1","Brutality+1","Blood for Blood+1","Corruption","Power Through+1","Disarm+1","Fire Breathing","Corruption","Reckless Charge+1","Disarm+1","Blood for Blood+1","Headbutt+1","Flex+1"],"relics":["Burning Blood","NeowsBlessing","Toolbox","Toxic Egg 2","Molten Egg 2","Gremlin Horn","Bronze Scales","SlaversCollar","Turnip","Ancient Tea Set","Mercury Hourglass","Strawberry"],"acts_visited":["Exordium","TheCity"],"potions_floor_usage":[29,33,33],"damage_taken":[{"damage":0.0,"enemies":"Small Slimes","floor":1.0,"turns":1.0},{"damage":0.0,"enemies":"Jaw Worm","floor":4.0,"turns":1.0},{"damage":0.0,"enemies":"3 Sentries","floor":6.0,"turns":2.0},{"damage":4.0,"enemies":"Cultist","floor":8.0,"turns":3.0},{"damage":25.0,"enemies":"Lagavulin","floor":10.0,"turns":4.0},{"damage":0.0,"enemies":"Lots of Slimes","floor":11.0,"turns":1.0},{"damage":8.0,"enemies":"Looter","floor":12.0,"turns":2.0},{"damage":30.0,"enemies":"3 Sentries","floor":13.0,"turns":5.0},{"damage":7.0,"enemies":"Red Slaver","floor":14.0,"turns":4.0},{"damage":25.0,"enemies":"Hexaghost","floor":16.0,"turns":5.0},{"damage":26.0,"enemies":"Shell Parasite","floor":18.0,"turns":3.0},{"damage":25.0,"enemies":"2 Thieves","floor":19.0,"turns":4.0},{"damage":12.0,"enemies":"Snake Plant","floor":21.0,"turns":4.0},{"damage":14.0,"enemies":"Slavers","floor":24.0,"turns":3.0},{"damage":26,"enemies":"Snecko","floor":25,"turns":6},{"damage":0,"enemies":"Shelled Parasite and Fungi","floor":29,"turns":1},{"damage":34,"enemies":"Gremlin Leader","floor":30,"turns":4},{"damage":55,"enemies":"Automaton","floor":33,"turns":6}],"seed_played":"-7075668510995239901","potions_obtained":[{"floor":6.0,"key":"HeartOfIron"},{"floor":11.0,"key":"GamblersBrew"},{"floor":16.0,"key":"LiquidMemories"},{"floor":21.0,"key":"SmokeBomb"},{"floor":24,"key":"Dexterity Potion"},{"floor":30,"key":"Energy Potion"}],"is_trial":false,"path_per_floor":["M","?","$","M","?","E","R","M","T","E","M","M","E","M","R","B",null,"M","M","?","M","$","R","E","M","T","R","?","M","E","T","R","B"],"character_chosen":"IRONCLAD","items_purchased":["Toolbox","Disarm+1"],"campfire_rested":3,"item_purchase_floors":[3,22],"current_hp_per_floor":[74,63,63,69,69,75,75,75,75,56,62,60,36,35,35,16,60,40,21,21,15,15,37,29,9,9,31,31,37,9,16,40,0,0],"gold":194,"neow_bonus":"THREE_ENEMY_KILL","is_daily":false,"chose_seed":false,"campfire_upgraded":2,"win_rate":0.0,"timestamp":1609140248,"path_taken":["M","?","$","M","?","E","R","M","T","E","M","?","E","M","R","BOSS","M","?","?","?","$","R","E","M","T","R","?","?","E","?","R","BOSS"],"items_purchased_type":["Relic","Card"],"build_version":"2020-12-22","purchased_purges":1,"victory":false,"max_hp_per_floor":[75,75,75,75,75,75,75,75,75,75,75,75,75,75,75,75,75,75,75,75,75,75,75,75,75,75,75,75,75,75,82,82,82,82],"relic_stats":{"Gremlin Horn":[14,14],"counters":[18,59],"Bronze Scales":[141],"Turnip":[0],"obtain_stats":[{"SlaversCollar":17,"NeowsBlessing":0,"Gremlin Horn":10,"Bronze Scales":13,"Strawberry":31,"Toolbox":3,"Molten Egg 2":9,"Turnip":24,"Toxic Egg 2":6,"Ancient Tea Set":26,"Burning Blood":0,"Mercury Hourglass":30},{"SlaversCollar":10,"NeowsBlessing":0,"Gremlin Horn":5,"Bronze Scales":8,"Strawberry":17,"Toolbox":1,"Molten Egg 2":4,"Turnip":14,"Toxic Egg 2":3,"Ancient Tea Set":15,"Burning Blood":0,"Mercury Hourglass":17},{"SlaversCollar":28,"NeowsBlessing":0,"Gremlin Horn":11,"Bronze Scales":19,"Strawberry":53,"Toolbox":1,"Molten Egg 2":7,"Turnip":42,"Toxic Egg 2":4,"Ancient Tea Set":48,"Burning Blood":0,"Mercury Hourglass":53}],"Burning Blood":100,"Mercury Hourglass":[21]},"card_choices":[{"not_picked":["Anger","Sword Boomerang"],"picked":"Pommel Strike","floor":1.0},{"not_picked":["Entrench","Warcry","Searing Blow"],"picked":"SKIP","floor":4.0},{"not_picked":["Dropkick","Heavy Blade"],"picked":"Flex+1","floor":6.0},{"not_picked":["Reaper","Shrug It Off+1"],"picked":"Armaments+1","floor":8.0},{"not_picked":["Wild Strike+1","Heavy Blade+1"],"picked":"Pummel+1","floor":10.0},{"not_picked":["Wild Strike+1","Entrench+1"],"picked":"Blood for Blood+1","floor":11.0},{"not_picked":["True Grit+1","Flame Barrier+1"],"picked":"Cleave+1","floor":12.0},{"not_picked":["Twin Strike+1","True Grit+1"],"picked":"Brutality","floor":13.0},{"not_picked":["Sword Boomerang+1","Sentinel+1"],"picked":"Blood for Blood+1","floor":14.0},{"not_picked":["Exhume+1","Feed+1"],"picked":"Corruption","floor":16.0},{"not_picked":["Thunderclap+1","Pummel+1"],"picked":"Power Through+1","floor":18.0},{"not_picked":["Headbutt+1","Spot Weakness+1"],"picked":"Disarm+1","floor":19.0},{"not_picked":["Twin Strike+1","Cleave+1"],"picked":"Reckless Charge+1","floor":21.0},{"not_picked":["Whirlwind+1","Fire Breathing"],"picked":"Blood for Blood+1","floor":24},{"not_picked":["Sword Boomerang+1","Clash+1"],"picked":"Headbutt+1","floor":25},{"not_picked":["Clothesline+1","Havoc+1"],"picked":"Flex+1","floor":30}],"player_experience":3628520,"relics_obtained":[{"floor":6.0,"key":"Toxic Egg 2"},{"floor":9.0,"key":"Molten Egg 2"},{"floor":10.0,"key":"Gremlin Horn"},{"floor":13.0,"key":"Bronze Scales"},{"floor":24,"key":"Turnip"},{"floor":26,"key":"Ancient Tea Set"},{"floor":30,"key":"Mercury Hourglass"},{"floor":31,"key":"Strawberry"}],"event_choices":[{"damage_healed":0.0,"max_hp_gain":0.0,"max_hp_loss":0.0,"gold_gain":75.0,"event_name":"World of Goop","player_choice":"Gather Gold","floor":2.0,"gold_loss":0.0,"damage_taken":11.0},{"damage_healed":0.0,"max_hp_gain":0.0,"max_hp_loss":0.0,"gold_gain":0.0,"cards_transformed":["Strike_R"],"event_name":"Transmorgrifier","player_choice":"Transformed","floor":5.0,"gold_loss":0.0,"damage_taken":0.0,"cards_obtained":["Clothesline"]},{"damage_healed":0.0,"max_hp_gain":0.0,"max_hp_loss":0.0,"gold_gain":0.0,"cards_transformed":["Strike_R","Strike_R"],"event_name":"Designer","player_choice":"Transformed Cards","floor":20.0,"gold_loss":75.0,"damage_taken":0.0,"cards_obtained":["Fire Breathing","Corruption"]},{"damage_healed":0,"gold_gain":0,"player_choice":"Upgraded","damage_taken":0,"max_hp_gain":0,"max_hp_loss":0,"event_name":"Upgrade Shrine","floor":28,"gold_loss":0,"cards_upgraded":["Clothesline"]}],"is_beta":false,"boss_relics":[{"not_picked":["Philosopher\u0027s Stone","Tiny House"],"picked":"SlaversCollar"}],"items_purged_floors":[22],"is_endless":false,"potions_floor_spawned":[6,11,14,16,21,24,29,30],"killed_by":"Automaton","ascension_level":20}}