{"host":"lreod2rejfd0az5i","time":1609132418,"event":{"mods":["AchievementEnabler","Aspiration","BaseMod","Colored Powertips","Conspire","Downfall","Highlight Path","Hubris","Infinite Spire","Mad Scientist","Minty Spire (QoL Compilation)","Rare Cards Sparkle","Relic Stats","Replay The Spire","StSLib","The Bug Knight","The Jungle"],"gold_per_floor":[119,44,44,57,132,132,164,164,164,182,194,44,44,64,64,141,141,161,178,178,128,128,128,128,128],"floor_reached":24,"playtime":765,"items_purged":["Strike_R","Strike_B"],"score":378,"play_id":"fec284eb-e4a9-4ac8-96f5-c2d46eb9d108","local_time":"20201227221338","is_ascension_mode":true,"campfire_choices":[{"floor":8.0,"key":"REST"},{"floor":15,"key":"REST"},{"floor":23,"key":"REST"}],"circlet_count":0,"master_deck":["AscendersBane","Strike_B","Strike_B","Strike_B","Defend_B","Defend_B","Defend_B","Defend_B","Zap","Dualcast","Bash","Biased Cognition","Lockon","Conserve Battery","Biased Cognition","Loop","Ball Lightning","Echo Form","White Noise","conspire:SpireCoStock"],"relics":["Cracked Core","hubris:Icosahedron","Replay:Accelerometer","hubris:DisguiseKit","aspiration:BursterCore","hubris:Towel"],"acts_visited":["Exordium","TheCity"],"potions_floor_usage":[16],"damage_taken":[{"damage":8.0,"enemies":"conspire:RoseBush","floor":1.0,"turns":3.0},{"damage":0.0,"enemies":"Small Slimes","floor":4.0,"turns":2.0},{"damage":15.0,"enemies":"Lagavulin","floor":7.0,"turns":4.0},{"damage":0,"enemies":"Cultist","floor":10,"turns":3},{"damage":12,"enemies":"Looter","floor":11,"turns":3},{"damage":38,"enemies":"Exordium Thugs","floor":14,"turns":5},{"damage":13,"enemies":"The Guardian","floor":16,"turns":7},{"damage":29,"enemies":"conspire:FuzzyDice","floor":18,"turns":6},{"damage":22,"enemies":"2 Thieves","floor":19,"turns":4},{"damage":28,"enemies":"Centurion and Healer","floor":24,"turns":2}],"seed_played":"-5900627596182202166","potions_obtained":[{"floor":6.0,"key":"AttackPotion"},{"floor":6.0,"key":"Doom Potion"},{"floor":10,"key":"Energy Potion"},{"floor":14,"key":"LiquidBronze"},{"floor":16,"key":"Venom Potion"}],"is_trial":false,"path_per_floor":["M","$","?","M","?","?","E","R","T","M","M","$","?","M","R","B",null,"M","M","?","?","?","R","M"],"character_chosen":"DEFECT","items_purchased":["Ball Lightning"],"campfire_rested":3,"item_purchase_floors":[12],"current_hp_per_floor":[56,56,56,56,45,45,30,51,51,51,39,39,43,5,26,13,57,28,6,6,6,6,27,0,0],"gold":128,"neow_bonus":"THREE_RARE_CARDS","is_daily":false,"chose_seed":false,"campfire_upgraded":0,"win_rate":0.0,"timestamp":1609132418,"path_taken":["M","$","?","M","?","?","E","R","T","M","?","$","?","M","R","BOSS","M","M","?","?","?","R","M"],"items_purchased_type":["Card"],"build_version":"2020-12-22","purchased_purges":2,"victory":false,"max_hp_per_floor":[71,71,71,71,71,71,71,71,71,71,71,71,71,71,71,71,71,71,71,71,71,71,71,71,71],"relic_stats":{"counters":[10,39],"aspiration:BursterCore":[4],"obtain_stats":[{"Replay:Accelerometer":7,"hubris:DisguiseKit":9,"hubris:Icosahedron":3,"hubris:Towel":22,"Cracked Core":0,"aspiration:BursterCore":17},{"Replay:Accelerometer":3,"hubris:DisguiseKit":3,"hubris:Icosahedron":1,"hubris:Towel":9,"Cracked Core":0,"aspiration:BursterCore":7},{"Replay:Accelerometer":9,"hubris:DisguiseKit":9,"hubris:Icosahedron":3,"hubris:Towel":37,"Cracked Core":0,"aspiration:BursterCore":27}]},"card_choices":[{"not_picked":["All For One","Fission"],"picked":"Biased Cognition","floor":0.0},{"not_picked":["Gash","Skim"],"picked":"Lockon","floor":1.0},{"not_picked":["Panic Button","Stack"],"picked":"Conserve Battery","floor":4.0},{"not_picked":["Streamline","FTL"],"picked":"Biased Cognition","floor":7.0},{"not_picked":["Skim","Melter","Underhanded Strike"],"picked":"Loop","floor":10},{"not_picked":["Darkness","Panic Button","Steam Power","Caltrops"],"picked":"SKIP","floor":11},{"not_picked":["Gash","Redo","Crystallizer","Deadly Poison"],"picked":"SKIP","floor":14},{"not_picked":["ReplayTheSpireMod:Omega Cannon","Multi-Cast","Night Terror"],"picked":"Echo Form","floor":16},{"not_picked":["Conserve Battery","Coolheaded","Outmaneuver"],"picked":"White Noise","floor":18},{"not_picked":["ReplaySort","Skim","ReplaySolidLightProjector","Backflip"],"picked":"SKIP","floor":19}],"player_experience":871230,"relics_obtained":[{"floor":7.0,"key":"Replay:Accelerometer"},{"floor":9.0,"key":"hubris:DisguiseKit"}],"event_choices":[{"damage_healed":0.0,"max_hp_gain":0.0,"max_hp_loss":0.0,"gold_gain":75.0,"event_name":"World of Goop","player_choice":"Gather Gold","floor":5.0,"gold_loss":0.0,"damage_taken":11.0},{"damage_healed":0.0,"max_hp_gain":0.0,"max_hp_loss":0.0,"gold_gain":0.0,"event_name":"Lab","player_choice":"Got Potions","floor":6.0,"gold_loss":0.0,"damage_taken":0.0},{"damage_healed":0,"gold_gain":0,"player_choice":"Invest 1","damage_taken":0,"max_hp_gain":0,"max_hp_loss":0,"event_name":"conspire:Investor","floor":21,"gold_loss":0}],"is_beta":false,"boss_relics":[{"not_picked":["Replay:Ancient Bell","ReplayTheSpireMod:SealedPack"],"picked":"aspiration:BursterCore"}],"items_purged_floors":[2,12],"is_endless":false,"potions_floor_spawned":[10,14,16,18],"killed_by":"Centurion and Healer","ascension_level":19}}