{"host":"yo9wwslrag05lh37","time":1609188685,"event":{"mods":["AchievementEnabler","BaseMod","Block Reminder","Colored Map","Colored Powertips","GifTheSpireLib","HexUI Lib","Highlight Path","Minty Spire (QoL Compilation)","Rare Cards Sparkle","Relic Stats","StSLib","everything is the same but u backflip on backflip"],"gold_per_floor":[113,125,149,161,161,190,190,203,227,261,261,261,26,69,69,149,149,177,200,218,238,238,280,280,40,119,119,155,178,178,198,198,281,281,307,326,601,314,324,324,359,359,385,396,396,396,396,433,433,433,433],"floor_reached":50,"playtime":2501,"items_purged":["Strike_B","Defend_B","Aggregate"],"score":1237,"play_id":"93c429dc-9701-4118-8e86-8e9f47da088e","local_time":"20201228215125","is_ascension_mode":true,"campfire_choices":[{"floor":7.0,"key":"REST"},{"data":"Zap","floor":11.0,"key":"SMITH"},{"data":"Electrodynamics","floor":15.0,"key":"SMITH"},{"floor":24.0,"key":"REST"},{"floor":27.0,"key":"REST"},{"data":"Electrodynamics","floor":30.0,"key":"SMITH"},{"floor":32.0,"key":"REST"},{"data":"Amplify","floor":40.0,"key":"SMITH"},{"data":"Heatsinks","floor":42.0,"key":"SMITH"},{"floor":46.0,"key":"RECALL"},{"floor":49,"key":"REST"}],"circlet_count":0,"master_deck":["AscendersBane","Zap+1","Dualcast+1","Hello World","Glacier+1","Melter","Melter","Electrodynamics+1","Electrodynamics+1","Conserve Battery","Sweeping Beam","Meteor Strike","Glacier","Sweeping Beam+1","Heatsinks+1","Doom and Gloom","Conserve Battery","Loop","Undo","Amplify+1","Compile Driver","Compile Driver","Self Repair","Chill"],"relics":["Cracked Core","DataDisk","Mummified Hand","Pen Nib","CeramicFish","Omamori","Bag of Marbles","Inserter","Nilry\u0027s Codex","War Paint","Pear","Smiling Mask","Nuclear Battery","Art of War","Oddly Smooth Stone","Question Card","Gremlin Horn"],"acts_visited":["Exordium","TheCity","TheBeyond"],"potions_floor_usage":[50,50],"damage_taken":[{"damage":6.0,"enemies":"Cultist","floor":1.0,"turns":4.0},{"damage":0.0,"enemies":"2 Louse","floor":2.0,"turns":2.0},{"damage":19.0,"enemies":"Small Slimes","floor":4.0,"turns":4.0},{"damage":6.0,"enemies":"Gremlin Nob","floor":6.0,"turns":4.0},{"damage":0.0,"enemies":"Exordium Wildlife","floor":8.0,"turns":4.0},{"damage":11.0,"enemies":"3 Sentries","floor":10.0,"turns":5.0},{"damage":8.0,"enemies":"Gremlin Nob","floor":14.0,"turns":3.0},{"damage":1.0,"enemies":"Hexaghost","floor":16.0,"turns":9.0},{"damage":0.0,"enemies":"Spheric Guardian","floor":18.0,"turns":1.0},{"damage":15.0,"enemies":"Shell Parasite","floor":19.0,"turns":2.0},{"damage":0.0,"enemies":"Sentry and Sphere","floor":21.0,"turns":2.0},{"damage":11.0,"enemies":"Gremlin Leader","floor":23.0,"turns":4.0},{"damage":13.0,"enemies":"Slavers","floor":28.0,"turns":2.0},{"damage":24.0,"enemies":"Snake Plant","floor":29.0,"turns":2.0},{"damage":0.0,"enemies":"Cultist and Chosen","floor":31.0,"turns":3.0},{"damage":0.0,"enemies":"Collector","floor":33.0,"turns":8.0},{"damage":3.0,"enemies":"3 Darklings","floor":35.0,"turns":3.0},{"damage":10.0,"enemies":"3 Shapes","floor":36.0,"turns":2.0},{"damage":20.0,"enemies":"Writhing Mass","floor":39.0,"turns":4.0},{"damage":31.0,"enemies":"Giant Head","floor":41.0,"turns":6.0},{"damage":0.0,"enemies":"Transient","floor":44.0,"turns":6.0},{"damage":17,"enemies":"Reptomancer","floor":48,"turns":5},{"damage":63,"enemies":"Awakened One","floor":50,"turns":11}],"seed_played":"-7312633766932250234","potions_obtained":[{"floor":1.0,"key":"Dexterity Potion"},{"floor":4.0,"key":"PowerPotion"},{"floor":8.0,"key":"Explosive Potion"},{"floor":10.0,"key":"Dexterity Potion"},{"floor":18.0,"key":"Weak Potion"},{"floor":21.0,"key":"SkillPotion"},{"floor":29.0,"key":"DistilledChaos"},{"floor":41.0,"key":"PotionOfCapacity"}],"is_trial":false,"path_per_floor":["M","M","T","M","?","E","R","M","T","E","R","?","$","E","R","B",null,"M","M","?","M","?","E","R","$","T","R","E","M","R","M","R","B",null,"M","M","?","$","M","R","E","R","T","M","T","R","?","E","R","B"],"character_chosen":"DEFECT","items_purchased":["Omamori","Heatsinks","Doom and Gloom","Art of War","Self Repair"],"campfire_rested":5,"item_purchase_floors":[13,25,25,38,38],"current_hp_per_floor":[40,40,40,21,14,8,29,29,29,18,18,18,18,10,10,9,56,56,41,41,41,20,9,30,30,40,64,51,27,27,27,51,51,74,71,61,61,61,48,48,24,24,24,38,38,38,38,35,59,0,0],"gold":433,"neow_bonus":"REMOVE_TWO","is_daily":false,"chose_seed":false,"campfire_upgraded":5,"win_rate":0.0,"timestamp":1609188685,"path_taken":["M","?","?","M","?","E","R","M","T","E","R","?","$","E","R","BOSS","M","M","?","M","?","E","R","?","T","R","E","?","R","M","R","BOSS","M","M","?","$","?","R","E","R","T","M","?","R","?","E","R","BOSS"],"items_purchased_type":["Relic","Card","Card","Relic","Card"],"build_version":"2020-12-22","purchased_purges":3,"victory":false,"max_hp_per_floor":[71,71,71,71,71,71,71,71,71,71,71,71,71,71,71,71,71,71,71,71,71,71,71,71,71,81,81,81,81,81,81,81,81,81,81,81,81,81,81,81,81,81,81,81,81,81,81,81,81,81,81],"relic_stats":{"Inserter":[30],"Gremlin Horn":[2,2],"counters":[23,95],"Mummified Hand":[118],"CeramicFish":171,"Pen Nib":[16],"Art of War":[1],"War Paint":["Glacier","Dualcast"],"Smiling Mask":75,"Question Card":1,"obtain_stats":[{"Inserter":17,"Pear":26,"Gremlin Horn":48,"Nilry\u0027s Codex":22,"CeramicFish":10,"Oddly Smooth Stone":41,"Pen Nib":9,"Omamori":13,"War Paint":23,"Smiling Mask":28,"Question Card":45,"Nuclear Battery":34,"DataDisk":3,"Mummified Hand":6,"Bag of Marbles":14,"Art of War":38,"Cracked Core":0},{"Inserter":8,"Pear":12,"Gremlin Horn":22,"Nilry\u0027s Codex":11,"CeramicFish":6,"Oddly Smooth Stone":20,"Pen Nib":5,"Omamori":6,"War Paint":12,"Smiling Mask":13,"Question Card":21,"Nuclear Battery":16,"DataDisk":2,"Mummified Hand":4,"Bag of Marbles":7,"Art of War":18,"Cracked Core":0},{"Inserter":35,"Pear":44,"Gremlin Horn":84,"Nilry\u0027s Codex":40,"CeramicFish":23,"Oddly Smooth Stone":73,"Pen Nib":18,"Omamori":23,"War Paint":44,"Smiling Mask":46,"Question Card":79,"Nuclear Battery":59,"DataDisk":6,"Mummified Hand":14,"Bag of Marbles":26,"Art of War":63,"Cracked Core":0}]},"card_choices":[{"not_picked":["Scrape","Coolheaded"],"picked":"Hello World","floor":1.0},{"not_picked":["Beam Cell","Coolheaded","Steam Power"],"picked":"SKIP","floor":2.0},{"not_picked":["Chaos","Scrape"],"picked":"Cold Snap","floor":4.0},{"not_picked":["Steam","Conserve Battery"],"picked":"Glacier","floor":6.0},{"not_picked":["Rebound","Stack"],"picked":"Melter","floor":8.0},{"not_picked":["Turbo","Compile Driver"],"picked":"Melter","floor":10.0},{"not_picked":["Stack","Turbo"],"picked":"Electrodynamics","floor":14.0},{"not_picked":["Amplify","Multi-Cast"],"picked":"Electrodynamics","floor":16.0},{"not_picked":["Leap","Go for the Eyes"],"picked":"Conserve Battery","floor":18.0},{"not_picked":["Rebound","Fusion"],"picked":"Sweeping Beam","floor":19.0},{"not_picked":["Skim","Sweeping Beam"],"picked":"Glacier","floor":21.0},{"not_picked":["Aggregate","Streamline"],"picked":"Sweeping Beam+1","floor":23.0},{"not_picked":["Aggregate","Redo"],"picked":"Conserve Battery","floor":28.0},{"not_picked":["Stack","Steam"],"picked":"Loop","floor":29.0},{"not_picked":["Coolheaded","Ball Lightning"],"picked":"Undo","floor":31.0},{"not_picked":["Rainbow","Core Surge"],"picked":"Amplify","floor":33.0},{"not_picked":["Fusion","Stack"],"picked":"Compile Driver","floor":35.0},{"not_picked":["Cold Snap+1","Undo"],"picked":"Compile Driver","floor":36.0},{"not_picked":["Reprogram","Turbo+1","Hologram"],"picked":"SKIP","floor":39.0},{"not_picked":["Cold Snap+1","Turbo+1","Compile Driver"],"picked":"SKIP","floor":41.0},{"not_picked":["Stack","Genetic Algorithm","Double Energy"],"picked":"SKIP","floor":44.0},{"not_picked":["Reboot","Rebound","Redo"],"picked":"Chill","floor":48}],"player_experience":1398052,"relics_obtained":[{"floor":3.0,"key":"DataDisk"},{"floor":6.0,"key":"Mummified Hand"},{"floor":9.0,"key":"Pen Nib"},{"floor":10.0,"key":"CeramicFish"},{"floor":14.0,"key":"Bag of Marbles"},{"floor":22.0,"key":"Nilry\u0027s Codex"},{"floor":23.0,"key":"War Paint"},{"floor":26.0,"key":"Pear"},{"floor":28.0,"key":"Smiling Mask"},{"floor":41.0,"key":"Oddly Smooth Stone"},{"floor":45.0,"key":"Question Card"},{"floor":48,"key":"Gremlin Horn"}],"event_choices":[{"cards_removed":["Defend_B"],"damage_healed":0.0,"max_hp_gain":0.0,"max_hp_loss":0.0,"gold_gain":0.0,"event_name":"Golden Wing","player_choice":"Card Removal","floor":5.0,"gold_loss":0.0,"damage_taken":7.0},{"cards_removed":["Strike_B"],"damage_healed":0.0,"max_hp_gain":0.0,"max_hp_loss":0.0,"gold_gain":0.0,"event_name":"Purifier","player_choice":"Purged","floor":12.0,"gold_loss":0.0,"damage_taken":0.0},{"damage_healed":0.0,"max_hp_gain":0.0,"max_hp_loss":0.0,"gold_gain":0.0,"cards_transformed":["Strike_B","Defend_B"],"event_name":"Drug Dealer","player_choice":"Became Test Subject","floor":20.0,"gold_loss":0.0,"damage_taken":0.0,"cards_obtained":["Meteor Strike","Aggregate"]},{"damage_healed":0.0,"max_hp_gain":0.0,"max_hp_loss":0.0,"gold_gain":0.0,"event_name":"Cursed Tome","player_choice":"Obtained Book","floor":22.0,"gold_loss":0.0,"damage_taken":21.0},{"damage_healed":0.0,"max_hp_gain":0.0,"max_hp_loss":0.0,"gold_gain":275.0,"event_name":"Golden Shrine","player_choice":"Desecrate","floor":37.0,"gold_loss":0.0,"damage_taken":0.0,"cards_obtained":["Regret"]},{"cards_removed":["Cold Snap"],"damage_healed":0.0,"max_hp_gain":0.0,"max_hp_loss":0.0,"gold_gain":0.0,"event_name":"Falling","player_choice":"Removed Attack","floor":47.0,"gold_loss":0.0,"damage_taken":0.0}],"is_beta":false,"boss_relics":[{"not_picked":["Sozu","Coffee Dripper"],"picked":"Inserter"},{"not_picked":["Black Star","SacredBark"],"picked":"Nuclear Battery"}],"items_purged_floors":[13,25,38],"is_endless":false,"potions_floor_spawned":[1,4,8,10,18,21,29,41,44],"killed_by":"Awakened One","ascension_level":20}}