{"host":"m77rrhbqzv44va4v","time":1609124392,"event":{"mods":["AchievementEnabler","BaseMod","Colored Map","DeckTracker","Keyboard Shortcuts","Minty Spire (QoL Compilation)","StSLib","SuperFastMode","everything is the same but u backflip on backflip"],"gold_per_floor":[115,115,115,265,14,14,43,43,43,15,30,62,73,104,104,178,178,192,206,206,206],"floor_reached":20,"playtime":477,"items_purged":["Doubt"],"score":430,"play_id":"3ba5ba12-5650-4466-b1f3-8e8381118142","local_time":"20201228115952","is_ascension_mode":true,"campfire_choices":[{"data":"Die Die Die","floor":6.0,"key":"SMITH"},{"data":"PiercingWail","floor":8.0,"key":"SMITH"},{"floor":15,"key":"REST"}],"circlet_count":0,"master_deck":["AscendersBane","Strike_G","Strike_G","Strike_G","Strike_G+1","Strike_G","Defend_G+1","Defend_G","Defend_G","Defend_G","Survivor","Neutralize","Flechettes","Die Die Die+1","PiercingWail+1","Backflip","Backstab","Leg Sweep","Calculated Gamble","Corpse Explosion","Reflex+1","Tactician"],"relics":["Ring of the Snake","NeowsBlessing","Eternal Feather","Gambling Chip","StoneCalendar","Kunai","Snecko Eye"],"acts_visited":["Exordium","TheCity"],"potions_floor_usage":[16,16],"damage_taken":[{"damage":0.0,"enemies":"2 Louse","floor":1.0,"turns":1.0},{"damage":0.0,"enemies":"3 Sentries","floor":7.0,"turns":1.0},{"damage":0.0,"enemies":"Small Slimes","floor":11.0,"turns":1.0},{"damage":24,"enemies":"Gremlin Nob","floor":12,"turns":4},{"damage":0,"enemies":"Jaw Worm","floor":13,"turns":2},{"damage":17,"enemies":"3 Sentries","floor":14,"turns":7},{"damage":18,"enemies":"The Guardian","floor":16,"turns":16},{"damage":22,"enemies":"2 Thieves","floor":18,"turns":3},{"damage":2,"enemies":"3 Byrds","floor":19,"turns":3},{"damage":36,"enemies":"Snake Plant","floor":20,"turns":6}],"seed_played":"3019235181302377736","potions_obtained":[{"floor":1.0,"key":"BlessingOfTheForge"},{"floor":12,"key":"Poison Potion"}],"is_trial":false,"path_per_floor":["M","?","?","?","$","R","E","R","T","$","M","E","M","E","R","B",null,"M","M","M"],"character_chosen":"THE_SILENT","items_purchased":["Die Die Die","Backflip"],"campfire_rested":1,"item_purchase_floors":[5,10],"current_hp_per_floor":[59,59,39,39,39,39,39,48,48,48,48,24,24,7,35,17,54,32,30,0,0],"gold":206,"neow_bonus":"THREE_ENEMY_KILL","is_daily":false,"chose_seed":false,"campfire_upgraded":2,"win_rate":0.0,"timestamp":1609124392,"path_taken":["M","?","?","?","?","R","E","R","T","$","M","E","M","E","R","BOSS","M","M","?"],"items_purchased_type":["Card","Card"],"build_version":"2020-12-22","purchased_purges":1,"victory":false,"max_hp_per_floor":[66,66,66,66,66,66,66,66,66,66,66,66,66,66,66,66,66,66,66,66,66],"card_choices":[{"not_picked":["Deadly Poison","Quick Slash"],"picked":"Flechettes","floor":1.0},{"not_picked":["Cloak And Dagger","Outmaneuver"],"picked":"PiercingWail","floor":7.0},{"not_picked":["Dagger Spray","Slice"],"picked":"Backstab","floor":11.0},{"not_picked":["Outmaneuver","Backstab"],"picked":"Leg Sweep","floor":12},{"not_picked":["Sucker Punch","Dagger Spray","Flechettes"],"picked":"SKIP","floor":13},{"not_picked":["Footwork","Predator"],"picked":"Calculated Gamble","floor":14},{"not_picked":["Bullet Time","Tools of the Trade"],"picked":"Corpse Explosion","floor":16},{"not_picked":["Blur+1","Prepared"],"picked":"Reflex+1","floor":18},{"not_picked":["Dodge and Roll","Terror"],"picked":"Tactician","floor":19}],"player_experience":816247,"relics_obtained":[{"floor":7.0,"key":"Eternal Feather"},{"floor":9.0,"key":"Gambling Chip"},{"floor":12,"key":"StoneCalendar"},{"floor":14,"key":"Kunai"}],"event_choices":[{"cards_removed":["Defend_G"],"damage_healed":0.0,"max_hp_gain":0.0,"max_hp_loss":0.0,"gold_gain":0.0,"event_name":"Living Wall","player_choice":"Forget","floor":2.0,"gold_loss":0.0,"damage_taken":0.0},{"damage_healed":0.0,"max_hp_gain":0.0,"max_hp_loss":0.0,"gold_gain":0.0,"event_name":"Shining Light","player_choice":"Entered Light","floor":3.0,"gold_loss":0.0,"damage_taken":20.0,"cards_upgraded":["Strike_G","Defend_G"]},{"damage_healed":0.0,"max_hp_gain":0.0,"max_hp_loss":0.0,"gold_gain":150.0,"event_name":"Liars Game","player_choice":"AGREE","floor":4.0,"gold_loss":0.0,"damage_taken":0.0,"cards_obtained":["Doubt"]}],"is_beta":false,"boss_relics":[{"not_picked":["Fusion Hammer","Calling Bell"],"picked":"Snecko Eye"}],"items_purged_floors":[5],"is_endless":false,"potions_floor_spawned":[1,12,14],"killed_by":"Snake Plant","ascension_level":20}}