{"host":"sav7uxregyirlf69","time":1609150810,"event":{"mods":["AchievementEnabler","BaseMod","Colored Map","DeckTracker","Keyboard Shortcuts","Minty Spire (QoL Compilation)","READ ME - Guardian Mod","StSLib","SuperFastMode"],"gold_per_floor":[110,129,129,145,59,59,69,97,121,46,46,80,99,119,119,119,119],"floor_reached":16,"playtime":265,"items_purged":["Strike_R"],"score":224,"play_id":"d5937159-3d40-4321-84c2-74b6bf735347","local_time":"20201228192010","is_ascension_mode":true,"campfire_choices":[{"data":"Fire Breathing","floor":6,"key":"SMITH"},{"data":"Seeing Red","floor":15,"key":"SMITH"}],"circlet_count":0,"master_deck":["AscendersBane","Strike_R","Strike_R","Strike_R","Defend_R","Defend_R","Defend_R","Defend_R","Bash","Feed","Seeing Red+1","Ghostly Armor","Carnage","Fire Breathing+1","Anger","Wild Strike","Warcry"],"relics":["Burning Blood","Pen Nib","Omamori","Golden Idol","Red Skull"],"acts_visited":["Exordium"],"potions_floor_usage":[13],"damage_taken":[{"damage":5,"enemies":"Small Slimes","floor":1,"turns":3},{"damage":12,"enemies":"Cultist","floor":2,"turns":5},{"damage":6,"enemies":"Jaw Worm","floor":4,"turns":5},{"damage":7,"enemies":"Large Slime","floor":7,"turns":6},{"damage":10,"enemies":"3 Sentries","floor":8,"turns":4},{"damage":32,"enemies":"Gremlin Nob","floor":12,"turns":4},{"damage":9,"enemies":"Gremlin Gang","floor":13,"turns":4},{"damage":7,"enemies":"Looter","floor":14,"turns":3},{"damage":33,"enemies":"Slime Boss","floor":16,"turns":4}],"seed_played":"2332927905588174099","potions_obtained":[{"floor":1,"key":"LiquidBronze"},{"floor":7,"key":"Regen Potion"}],"is_trial":false,"path_per_floor":["M","M","?","M","$","R","M","E","T","$","?","E","M","M","R","B"],"character_chosen":"IRONCLAD","items_purchased":["Fire Breathing"],"campfire_rested":0,"item_purchase_floors":[5],"current_hp_per_floor":[72,69,69,72,72,72,71,70,70,70,40,17,29,28,28,0,0],"gold":119,"neow_bonus":"ONE_RANDOM_RARE_CARD","is_daily":false,"chose_seed":false,"campfire_upgraded":2,"win_rate":0.0,"timestamp":1609150810,"path_taken":["M","M","?","M","$","R","M","E","T","?","?","E","M","M","R","BOSS"],"items_purchased_type":["Card"],"build_version":"2020-12-22","purchased_purges":1,"victory":false,"max_hp_per_floor":[78,81,81,84,84,84,84,87,87,87,87,90,93,93,93,93,93],"card_choices":[{"not_picked":["Burning Pact","True Grit","Clothesline"],"picked":"SKIP","floor":1},{"not_picked":["Disarm","Pummel"],"picked":"Seeing Red","floor":2},{"not_picked":["Pommel Strike","Whirlwind"],"picked":"Carnage","floor":4},{"not_picked":["Armaments","Twin Strike"],"picked":"Anger","floor":7},{"not_picked":["Body Slam","Barricade"],"picked":"Wild Strike","floor":8},{"not_picked":["Bludgeon","Feel No Pain","Heavy Blade"],"picked":"SKIP","floor":12},{"not_picked":["Sword Boomerang","Inflame","Sever Soul"],"picked":"SKIP","floor":13},{"not_picked":["Iron Wave","Rupture"],"picked":"Warcry","floor":14}],"player_experience":1029626,"relics_obtained":[{"floor":8,"key":"Pen Nib"},{"floor":9,"key":"Omamori"},{"floor":12,"key":"Red Skull"}],"event_choices":[{"damage_healed":0,"gold_gain":0,"cards_transformed":["Strike_R"],"player_choice":"Transformed","damage_taken":0,"max_hp_gain":0,"max_hp_loss":0,"event_name":"Transmorgrifier","floor":3,"gold_loss":0,"cards_obtained":["Ghostly Armor"]},{"damage_healed":0,"gold_gain":0,"player_choice":"Take Damage","damage_taken":30,"relics_obtained":["Golden Idol"],"max_hp_gain":0,"max_hp_loss":0,"event_name":"Golden Idol","floor":11,"gold_loss":0}],"is_beta":false,"boss_relics":[],"items_purged_floors":[10],"is_endless":false,"potions_floor_spawned":[1,7],"killed_by":"Slime Boss","ascension_level":20}}