{"host":"h5acbxt0wmjo1kpm","time":1609154407,"event":{"mods":["2.2 Compatiblity","Act Like it!","AlwaysNeverKeys","Aspiration","Bartender","BaseMod","Better Third Choice","Colored Map","Elementarium","Gensokyo","GifTheSpireLib","Hallownest","Marisa????????","Minty Spire (QoL Compilation)","Permanent Neow","Potionbrewer","Relic Filter","Replay The Spire","Robot Space Explorer","RumiaBox-????????","Shade Mod","Spicy Shops","StSLib","Strawberry Spire","The Blackbeard","The Dragon Tamer","The Forsaken","The Gatherer","The Problem Sleuth","The Servant 0.9.4","Wandering Minibosses","vexMod"],"gold_per_floor":[118,128,128,128,138,138,166,182,207,242,242,242,253,280,292,381,393,425,437,299,319,337,337,337],"floor_reached":23,"playtime":1097,"items_purged":[],"score":328,"play_id":"a5388c04-6b93-4895-8cea-386d86d4827d","local_time":"20201228032007","is_ascension_mode":true,"campfire_choices":[{"data":"ReplayTheSpireMod:Muscle Training","floor":6,"key":"SMITH"},{"data":"True Grit","floor":15,"key":"SMITH"}],"circlet_count":0,"master_deck":["AscendersBane","Strike_R","Strike_R","Strike_R","Defend_R","Defend_R","Defend_R","Defend_R","Rampage","True Grit+1","ReplayTheSpireMod:Muscle Training+1","strawberrySpire:ZonePlayer","Thunderclap","Iron Wave","Wild Strike","Double Tap","Rupture","Twin Strike","Dark Embrace"],"relics":["Burning Blood","Happy Flower","ZombieArmy","theForsaken:Gavel","InkBottle","MawBank","AddBug","ZombieArmy","Medical Kit"],"acts_visited":["Gensokyo:Gensokyo","Elementarium:Elementarium"],"potions_floor_usage":[7,8,16,18,22],"damage_taken":[{"damage":8,"enemies":"Gensokyo:2_Kodama","floor":1,"turns":5},{"damage":7,"enemies":"Gensokyo:Gryphon","floor":2,"turns":4},{"damage":6,"enemies":"Gensokyo:3_Fairies","floor":5,"turns":4},{"damage":42,"enemies":"Gensokyo:Aya","floor":7,"turns":9},{"damage":0,"enemies":"Gensokyo:LivingMonolith","floor":8,"turns":3},{"damage":11,"enemies":"Gensokyo:Mamizou","floor":10,"turns":6},{"damage":0,"enemies":"Gensokyo:VengefulSpirit","floor":13,"turns":2},{"damage":29,"enemies":"Gensokyo:Kokoro","floor":16,"turns":11},{"damage":21,"enemies":"Elementarium:Cyclone","floor":18,"turns":6},{"damage":6,"enemies":"Elementarium:2_ELEMENTALS","floor":21,"turns":4},{"damage":25,"enemies":"Elementarium:RubyGolem","floor":22,"turns":4},{"damage":0,"enemies":"Elementarium:ElementalPortal","floor":23,"turns":1}],"seed_played":"2210674975435933529","potions_obtained":[{"floor":2,"key":"Languid Potion"},{"floor":5,"key":"Toxic Potion"},{"floor":7,"key":"BlessingOfTheForge"},{"floor":13,"key":"Energy Potion"},{"floor":21,"key":"ColorlessPotion"}],"is_trial":false,"path_per_floor":["M","M","?","?","M","R","E","M","T","E","?","?","M","T","R","B",null,"M","?","$","M","M","E"],"character_chosen":"IRONCLAD","items_purchased":["Medical Kit"],"campfire_rested":0,"item_purchase_floors":[20],"current_hp_per_floor":[66,65,65,65,65,65,29,35,35,30,30,30,36,36,36,13,60,45,53,53,53,34,34,34],"gold":337,"neow_bonus":"TRANSFORM_CARD","is_daily":false,"chose_seed":false,"campfire_upgraded":2,"win_rate":0.0,"timestamp":1609154407,"path_taken":["M","?","?","?","?","R","E","M","T","E","?","?","?","?","R","BOSS","M","?","?","M","M","E"],"items_purchased_type":["Relic"],"build_version":"2020-12-22","purchased_purges":0,"victory":false,"max_hp_per_floor":[75,75,75,75,75,75,75,75,75,75,75,75,75,75,75,75,75,75,83,83,83,83,83,83],"card_choices":[{"not_picked":["Flex","Perfected Strike"],"picked":"True Grit","floor":1},{"not_picked":["Dropkick","Sentinel"],"picked":"ReplayTheSpireMod:Muscle Training","floor":2},{"not_picked":["Searing Blow","strawberrySpire:DebrisPile"],"picked":"strawberrySpire:ZonePlayer","floor":5},{"not_picked":["Power Through","Evolve"],"picked":"Thunderclap","floor":7},{"not_picked":["Carnage","Warcry"],"picked":"Iron Wave","floor":8},{"not_picked":["Fiend Fire","strawberrySpire:FireDrill"],"picked":"Wild Strike","floor":10},{"not_picked":["Iron Wave","Wild Strike","strawberrySpire:Spite"],"picked":"SKIP","floor":13},{"not_picked":["Impervious","Barricade"],"picked":"Double Tap","floor":16},{"not_picked":["Armaments","strawberrySpire:DraftPunk"],"picked":"Rupture","floor":18},{"not_picked":["ReplayTheSpireMod:LeadingStrike","Rage"],"picked":"Twin Strike","floor":21},{"not_picked":["strawberrySpire:FireDrill","Sword Boomerang"],"picked":"Dark Embrace","floor":22}],"player_experience":1973245,"relics_obtained":[{"floor":7,"key":"ZombieArmy"},{"floor":9,"key":"theForsaken:Gavel"},{"floor":10,"key":"InkBottle"},{"floor":14,"key":"MawBank"},{"floor":18,"key":"ZombieArmy"}],"event_choices":[{"damage_healed":0,"gold_gain":0,"player_choice":"Graft","damage_taken":0,"max_hp_gain":8,"max_hp_loss":0,"event_name":"Elementarium:SculptureGarden","floor":19,"gold_loss":0}],"is_beta":false,"boss_relics":[{"not_picked":["Busted Crown","Replay:Bronze Core"],"picked":"AddBug"}],"items_purged_floors":[],"is_endless":false,"potions_floor_spawned":[2,5,7,13,21],"killed_by":"Elementarium:ElementalPortal","ascension_level":14}}