{"host":"ktoxvvst1mwxww91","time":1609142277,"event":{"mods":["BaseMod","Hermit","Minty Spire (QoL Compilation)","StSLib","The Hierophant","The Mystic","The Necromancer"],"gold_per_floor":[115,115,115,14,29,55,66,99,99,99,115,115,157,57,57,167,167,189,211,232,45,66,66,86,118,141,141,80,80,125,134,134,134,134],"floor_reached":33,"playtime":1056,"items_purged":["Strike_R","Strike_R","Strike_R"],"score":443,"play_id":"b719aec6-f4b2-48e0-8610-3acbd327590e","local_time":"20201228085757","is_ascension_mode":true,"campfire_choices":[{"data":"Pommel Strike","floor":10.0,"key":"SMITH"},{"data":"Anger","floor":15.0,"key":"SMITH"},{"data":"Juggernaut","floor":23.0,"key":"SMITH"},{"floor":27,"key":"REST"},{"data":"Inflame","floor":29,"key":"SMITH"},{"data":"Berserk","floor":32,"key":"SMITH"}],"circlet_count":0,"master_deck":["Defend_R","Defend_R","Defend_R+1","Defend_R","Bash+1","Headbutt","Burning Pact","Shrug It Off","Pommel Strike+1","Wild Strike","Anger+1","Sword Boomerang","Cleave","Sever Soul","Juggernaut+1","Shrug It Off","Dropkick+1","Dark Embrace+1","Inflame","Seeing Red","Inflame+1","Ghostly","Ghostly","Ghostly","Ghostly","Ghostly","Berserk+1"],"relics":["Burning Blood","NeowsBlessing","White Beast Statue","Dead Branch","Incense Burner","CeramicFish","Runic Pyramid","Red Mask","Regal Pillow"],"acts_visited":["Exordium","TheCity"],"potions_floor_usage":[24,24,24,25,33],"damage_taken":[{"damage":0.0,"enemies":"Jaw Worm","floor":1.0,"turns":1.0},{"damage":0.0,"enemies":"2 Louse","floor":5.0,"turns":1.0},{"damage":0.0,"enemies":"Gremlin Nob","floor":6.0,"turns":1.0},{"damage":0.0,"enemies":"Cultist","floor":7.0,"turns":3.0},{"damage":20.0,"enemies":"Lagavulin","floor":8.0,"turns":5.0},{"damage":6.0,"enemies":"3 Louse","floor":11.0,"turns":3.0},{"damage":8.0,"enemies":"Gremlin Nob","floor":13.0,"turns":3.0},{"damage":73.0,"enemies":"Hexaghost","floor":16.0,"turns":11.0},{"damage":13.0,"enemies":"Spheric Guardian","floor":18.0,"turns":4.0},{"damage":13.0,"enemies":"Chosen","floor":19.0,"turns":6.0},{"damage":1.0,"enemies":"Snecko","floor":20.0,"turns":4.0},{"damage":29.0,"enemies":"Shelled Parasite and Fungi","floor":22.0,"turns":6.0},{"damage":10,"enemies":"3 Cultists","floor":24,"turns":4},{"damage":40,"enemies":"Masked Bandits","floor":25,"turns":5},{"damage":62,"enemies":"Champ","floor":33,"turns":10}],"seed_played":"4499044388308121242","potions_obtained":[{"floor":5.0,"key":"Block Potion"},{"floor":6.0,"key":"Weak Potion"},{"floor":7.0,"key":"Dexterity Potion"},{"floor":8.0,"key":"BlessingOfTheForge"},{"floor":11.0,"key":"Swift Potion"},{"floor":13.0,"key":"Regen Potion"},{"floor":16.0,"key":"Energy Potion"},{"floor":18.0,"key":"Regen Potion"},{"floor":19.0,"key":"Explosive Potion"},{"floor":20.0,"key":"Strength Potion"},{"floor":22.0,"key":"SneckoOil"},{"floor":24,"key":"Swift Potion"},{"floor":25,"key":"SkillPotion"}],"is_trial":false,"path_per_floor":["M","?","?","$","M","E","M","E","T","R","M","?","E","$","R","B",null,"M","M","M","$","M","R","M","?","T","R","$","R","?","?","R","B"],"character_chosen":"IRONCLAD","items_purchased":["Shrug It Off","Inflame","Inflame"],"campfire_rested":1,"item_purchase_floors":[4,21,28],"current_hp_per_floor":[78,62,62,62,68,74,80,66,66,66,66,66,64,64,64,12,63,56,64,69,69,46,46,42,8,8,47,47,47,40,40,40,0,0],"gold":134,"neow_bonus":"THREE_ENEMY_KILL","is_daily":false,"chose_seed":false,"campfire_upgraded":5,"win_rate":0.0,"timestamp":1609142277,"path_taken":["M","?","?","$","?","E","M","E","T","R","M","?","E","$","R","BOSS","M","M","M","$","M","R","M","?","T","R","$","R","?","?","R","BOSS"],"items_purchased_type":["Card","Card","Card"],"build_version":"2020-12-22","purchased_purges":3,"victory":false,"max_hp_per_floor":[80,80,80,80,80,80,80,80,80,80,80,80,80,80,80,80,80,80,80,80,80,80,80,80,80,80,80,80,80,40,40,40,40,40],"card_choices":[{"not_picked":["True Grit","Clothesline"],"picked":"Headbutt","floor":1.0},{"not_picked":["Combust","Shrug It Off"],"picked":"Pommel Strike","floor":5.0},{"not_picked":["Juggernaut","True Grit"],"picked":"Wild Strike","floor":6.0},{"not_picked":["Body Slam","Rage"],"picked":"Anger","floor":7.0},{"not_picked":["Body Slam","Combust"],"picked":"Sword Boomerang","floor":8.0},{"not_picked":["Dual Wield","Sever Soul"],"picked":"Cleave","floor":11.0},{"not_picked":["Clothesline","Sword Boomerang"],"picked":"Sever Soul","floor":13.0},{"not_picked":["Limit Break","Exhume"],"picked":"Juggernaut","floor":16.0},{"not_picked":["True Grit","Thunderclap+1"],"picked":"Shrug It Off","floor":18.0},{"not_picked":["Twin Strike+1","Bloodletting"],"picked":"Dropkick+1","floor":19.0},{"not_picked":["Body Slam","Clash"],"picked":"Dark Embrace+1","floor":20.0},{"not_picked":["Heavy Blade+1","Sword Boomerang"],"picked":"Seeing Red","floor":22.0},{"not_picked":["Cleave+1","Dual Wield+1","Headbutt"],"picked":"SKIP","floor":24}],"player_experience":936968,"relics_obtained":[{"floor":6.0,"key":"White Beast Statue"},{"floor":8.0,"key":"Dead Branch"},{"floor":9.0,"key":"Incense Burner"},{"floor":13.0,"key":"CeramicFish"},{"floor":25,"key":"Red Mask"},{"floor":26,"key":"Regal Pillow"}],"event_choices":[{"damage_healed":0.0,"max_hp_gain":0.0,"max_hp_loss":0.0,"gold_gain":0.0,"event_name":"Shining Light","player_choice":"Entered Light","floor":2.0,"gold_loss":0.0,"damage_taken":16.0,"cards_upgraded":["Bash","Defend_R"]},{"damage_healed":0.0,"max_hp_gain":0.0,"max_hp_loss":0.0,"gold_gain":0.0,"cards_transformed":["Strike_R"],"event_name":"Transmorgrifier","player_choice":"Transformed","floor":3.0,"gold_loss":0.0,"damage_taken":0.0,"cards_obtained":["Burning Pact"]},{"cards_removed":["Strike_R"],"damage_healed":0.0,"max_hp_gain":0.0,"max_hp_loss":0.0,"gold_gain":0.0,"event_name":"Wheel of Change","player_choice":"Card Removal","floor":12.0,"gold_loss":0.0,"damage_taken":0.0},{"damage_healed":0,"gold_gain":0,"player_choice":"Fought Bandits","damage_taken":0,"max_hp_gain":0,"max_hp_loss":0,"event_name":"Masked Bandits","floor":25,"gold_loss":0},{"damage_healed":0,"gold_gain":0,"player_choice":"Became a Ghost","damage_taken":0,"max_hp_gain":0,"max_hp_loss":40,"event_name":"Ghosts","floor":30,"gold_loss":0,"cards_obtained":["Ghostly","Ghostly","Ghostly","Ghostly","Ghostly"]},{"damage_healed":0,"gold_gain":0,"player_choice":"Read","damage_taken":0,"max_hp_gain":0,"max_hp_loss":0,"event_name":"The Library","floor":31,"gold_loss":0,"cards_obtained":["Berserk"]}],"is_beta":false,"boss_relics":[{"not_picked":["Astrolabe","Tiny House"],"picked":"Runic Pyramid"}],"items_purged_floors":[4,14,21],"is_endless":false,"potions_floor_spawned":[5,6,7,8,11,13,16,18,19,20,22,24,25],"killed_by":"Champ","ascension_level":9}}