{"host":"z4j51vjvl4ssilsu","time":1609134684,"event":{"mods":["AchievementEnabler","Act Like it!","Aspiration","BaseMod","Better Altar","Better Match","Better Note","Better Sensory Stone","Better Silent Start","Better Skull","Better Synergies","Better Third Choice","Better Vampires","Better-Laid Plans","BetterRewards","Block Reminder","CapriCore","Colored Powertips","Conspire","DeckTracker","Disable Question Mark Monsters","Elementarium","Emptier Cage","Energized Spire","Gensokyo","GifTheSpireLib","Gold Saver","Halation","Hallownest","Hubris","Infinite Spire","Ironclad Rager","Marisa????????","Marked Mod","Minty Spire (QoL Compilation)","MostiFishMod","Permanent Neow","Quick Restart","RRrroohrrRGHHhhh!!","Replay The Spire","SCP261 Mod","SacredBarkPlus","Spicy Shops","StSLib","Stuff the Spire","The Servant 0.9.4","Transform Curses","Unceasing Turn Reminder"],"gold_per_floor":[361,475,8,27,47,47,60,80,107,136,149,149,183,217,217,312,312,325,325,335,260,280,280,315,315,315,340,340,340,355,355,388,3,3,107,107,122,0,0,19,37,68,68,99,99,117,137,137,155,80,80,80],"floor_reached":53,"playtime":3463,"items_purged":["hubris:Lust"],"score":1396,"play_id":"e17b46ca-af0c-428d-81c9-d99a96968be3","local_time":"20201228025124","is_ascension_mode":true,"campfire_choices":[{"data":"Zap","floor":6,"key":"SMITH"},{"data":"Rainbow","floor":12,"key":"SMITH"},{"data":"MostiFishMod:Distribution","floor":15,"key":"SMITH"},{"data":"rorgmod:Thunder Strike","floor":23,"key":"SMITH"},{"data":"Seek","floor":34,"key":"SMITH"},{"data":"StuffTheSpire:ForEach","floor":43,"key":"SMITH"},{"floor":51,"key":"RECALL"}],"circlet_count":0,"master_deck":["Strike_B","Strike_B","Strike_B+1","Strike_B+1","Defend_B","Defend_B","Defend_B","Defend_B","Zap+1","Dualcast","Turbo","Self Repair","Clumsy","MostiFishMod:PushDownKick","rorgmod:Refrigerate","Rainbow+1","Conserve Battery","rorgmod:Malware","MostiFishMod:Distribution+1","All For One","rorgmod:Thunder Strike+1","Loop+1","Electrodynamics","MostiFishMod:InterfaceCompatibility+1","Seek+1","rorgmod:Storm+1","StuffTheSpire:ForEach+1","Lockon+1","BootSequence","FIFO Queue","MostiFishMod:ReadyAimFire","MostiFishMod:Impulse","Redo","Coolheaded+1"],"relics":["Cracked Core","DaveBox","RhineCircuit","SynthV:TestCard","Replay:Ringing Soul","ReplayTheSpireMod:CursedCoin","Replay:Frozen Program","Orichalcum","Bag of Preparation","CaptainsWheel","halation:LettersToHer","DianPoetry","StuffTheSpire:Kangaroo","hubris:BallOfYels","Ancient Tea Set","Bronze Scales","hubris:SphereOfDissonance","infinitespire:ShieldingShard","Replay:Wax Seal","infinitespire:Freezer","infinitespire:Bottled Soul","infinitespire:PuzzleCube","halation:Prosthetics","Hallownest:StagBellRelic1","ReplayTheSpireMod:TigerMarble","StuffTheSpire:Mouthbags","Frozen Egg 2","Potion Belt","halation:StarCompass"],"acts_visited":["Hallownest:Greenpath","Hallownest:CityofTears","Hallownest:KingdomsEdge"],"potions_floor_usage":[10],"damage_taken":[{"damage":7,"enemies":"2_ Uuma","floor":1,"turns":5},{"damage":2,"enemies":"Hallownest:2_MossCreeps","floor":4,"turns":5},{"damage":0,"enemies":"Hallownest:2_Tiktiks_and_1_Crawlid","floor":5,"turns":2},{"damage":7,"enemies":"Hallownest:monsterFoolEater","floor":7,"turns":3},{"damage":0,"enemies":"Hallownest:monsterMossCharger","floor":8,"turns":6},{"damage":25,"enemies":"Hallownest:eliteMossKnight","floor":10,"turns":6},{"damage":4,"enemies":"Hallownest:1_Ooma_and_2_Uuma","floor":11,"turns":6},{"damage":5,"enemies":"Hallownest:eliteVengeflyKing","floor":13,"turns":7},{"damage":4,"enemies":"Hallownest:eliteCrystalGuardian","floor":14,"turns":5},{"damage":0,"enemies":"Hallownest:BossBrokenVessel","floor":16,"turns":6},{"damage":0,"enemies":"Hallownest:Flukemon_and_Top","floor":18,"turns":4},{"damage":7,"enemies":"Hallownest:2_Mistakes","floor":20,"turns":3},{"damage":8,"enemies":"Hallownest:monsterShrumalOgre","floor":22,"turns":1},{"damage":2,"enemies":"Hallownest:eliteSoulWarrior","floor":24,"turns":4},{"damage":0,"enemies":"Hallownest:Nosk","floor":27,"turns":4},{"damage":0,"enemies":"Hallownest:Master_and_Novice","floor":30,"turns":3},{"damage":0,"enemies":"Hallownest:eliteWatcherKnight","floor":32,"turns":7},{"damage":0,"enemies":"Hallownest:BossMantisLord","floor":35,"turns":3},{"damage":0,"enemies":"Hallownest:3_Siblings","floor":37,"turns":3},{"damage":0,"enemies":"Hallownest:Shield_Heavy","floor":40,"turns":1},{"damage":0,"enemies":"Hallownest:Xero_Hu_Marmu","floor":41,"turns":2},{"damage":0,"enemies":"Hallownest:eliteHiveKnight","floor":42,"turns":3},{"damage":0,"enemies":"Hallownest:eliteCollector","floor":44,"turns":4},{"damage":0,"enemies":"Hallownest:2_Soldiers_and_1_Guardian","floor":46,"turns":3},{"damage":0,"enemies":"Hallownest:2_Wandering_and_1_Horned","floor":47,"turns":4},{"damage":0,"enemies":"Hallownest:monsterPrimalAspid","floor":49,"turns":2},{"damage":80,"enemies":"Hallownest:BossHollowKnight","floor":52,"turns":3}],"seed_played":"-766060730093460410","potions_obtained":[{"floor":4,"key":"SCP261:SweetSwarmPotion"},{"floor":7,"key":"Doom Potion"},{"floor":11,"key":"SpeedPotion"},{"floor":13,"key":"LiquidBronze"},{"floor":16,"key":"Adrenaline Potion"},{"floor":47,"key":"Weak Potion"}],"is_trial":false,"path_per_floor":["M","?","$","M","M","R","M","M","T","E","M","R","E","?","R","B",null,"M","?","M","?","M","R","E","?","T","E","PTL","PTL","M","T","E","$","R","B",null,"M","?","?","M","M","E","R","E","T","M","M","?","M","?","R","B",null],"character_chosen":"DEFECT","items_purchased":["Replay:Ringing Soul","ReplayTheSpireMod:CursedCoin","Replay:Frozen Program","Self Repair","Orichalcum","infinitespire:Bottled Soul","infinitespire:PuzzleCube"],"campfire_rested":0,"item_purchase_floors":[3,3,3,3,3,33,33],"current_hp_per_floor":[47,30,33,38,48,48,51,61,61,46,52,52,57,63,63,73,95,105,44,40,43,44,44,52,63,63,63,63,63,66,66,75,75,75,87,88,88,88,69,78,90,93,93,97,97,100,103,103,103,106,106,26],"gold":80,"neow_bonus":"TWO_FIFTY_GOLD","is_daily":false,"chose_seed":false,"campfire_upgraded":6,"win_rate":0.0,"timestamp":1609134684,"path_taken":["M","?","$","?","M","R","M","M","T","E","M","R","E","?","R","BOSS","M","?","?","?","M","R","E","?","T","E","PTL","PTL","M","?","E","$","R","BOSS","M","?","?","M","?","E","R","E","T","M","M","?","M","?","R","BOSS"],"items_purchased_type":["Relic","Relic","Relic","Card","Relic","Relic","Relic"],"build_version":"2020-12-22","purchased_purges":1,"victory":true,"max_hp_per_floor":[75,75,78,78,81,81,84,87,87,90,93,93,96,99,99,102,102,105,105,108,111,111,111,114,114,114,114,114,114,117,117,120,120,120,123,88,88,88,88,88,91,94,94,97,97,100,103,103,103,106,106,106],"card_choices":[{"not_picked":["rorgmod:Leap","Hologram"],"picked":"Turbo","floor":1},{"not_picked":["BasicCrystalCard","Crystallizer","rorgmod:Overcurrent","Self Repair","Streamline"],"picked":"SKIP","floor":4},{"not_picked":["StuffTheSpire:LoadUp","conspire:Rain","rorgmod:Hardcode","StuffTheSpire:Purify"],"picked":"MostiFishMod:PushDownKick","floor":5},{"not_picked":["Compile Driver","Coolheaded","MostiFishMod:PushDownKick","Ball Lightning"],"picked":"rorgmod:Refrigerate","floor":7},{"not_picked":["rorgmod:Leap","StuffTheSpire:Plugnplay","Panic Button","Sweeping Beam"],"picked":"Rainbow","floor":8},{"not_picked":["BasicCrystalCard","rorgmod:SQL Injection","Darkness","MostiFishMod:Tomorrow"],"picked":"Conserve Battery","floor":10},{"not_picked":["Conserve Battery","rorgmod:Steady Aim","ReplayTheSpireMod:GoodbyeWorld","StuffTheSpire:CleanHardDrive"],"picked":"rorgmod:Malware","floor":11},{"not_picked":["aspiration:Polymerization","rorgmod:Leap","Double Energy","MostiFishMod:GatherIntelligence"],"picked":"MostiFishMod:Distribution","floor":13},{"not_picked":["Hologram","Compile Driver","rorgmod:Overcurrent","Redo"],"picked":"All For One","floor":14},{"not_picked":["StuffTheSpire:LaunchingStrike","MostiFishMod:StarOceanB","Fission","ReplayTheSpireMod:Fabricate Wheel"],"picked":"rorgmod:Thunder Strike","floor":16},{"not_picked":["rorgmod:LRU Cache+1","Skim","rorgmod:Fragmentation","rorgmod:Antivirus"],"picked":"Loop+1","floor":18},{"not_picked":["rorgmod:Steady Aim","Streamline","Redo","Conserve Battery"],"picked":"Electrodynamics","floor":20},{"not_picked":["rorgmod:Thunder Strike+1","ReplayTheSpireMod:Omega Cannon+1","rorgmod:Loose Screws+1","All For One+1"],"picked":"MostiFishMod:InterfaceCompatibility+1","floor":21},{"not_picked":["rorgmod:Chaos","Coolheaded","rorgmod:LRU Cache","Compile Driver","Conserve Battery"],"picked":"SKIP","floor":22},{"not_picked":["rorgmod:Fragmentation","Chill","FIFO Queue","Reinforced Body"],"picked":"Seek","floor":24},{"not_picked":["StuffTheSpire:Plugnplay","Recycle","Sweeping Beam","Cold Snap","Conserve Battery"],"picked":"SKIP","floor":27},{"not_picked":["Turbo","Conserve Battery+1","MostiFishMod:PushDownKick+1","rorgmod:SQL Injection"],"picked":"BootSequence","floor":30},{"not_picked":["BootSequence+1","Ball Lightning","Hologram","Redo"],"picked":"rorgmod:Storm+1","floor":32},{"not_picked":["Machine Learning","hubris:DoWhile","ReplayTheSpireMod:Omega Cannon","StuffTheSpire:EventHorizon"],"picked":"StuffTheSpire:ForEach","floor":35},{"not_picked":["rorgmod:Antivirus","BasicCrystalCard","hubris:Ukulele","rorgmod:Fragmentation+1","rorgmod:Overcurrent"],"picked":"SKIP","floor":37},{"not_picked":["Sweeping Beam+1","MostiFishMod:LinkProtocol","Barrage+1","BasicCrystalCard+1","Compile Driver"],"picked":"SKIP","floor":40},{"not_picked":["Rebound","Hologram","ReplayTheSpireMod:Dual Polarity+1","BasicCrystalCard"],"picked":"Lockon+1","floor":41},{"not_picked":["Heatsinks","White Noise+1","Ball Lightning","Undo+1"],"picked":"FIFO Queue","floor":42},{"not_picked":["rorgmod:SQL Injection","Self Repair+1","Panic Button+1","rorgmod:Critical Section"],"picked":"MostiFishMod:ReadyAimFire","floor":44},{"not_picked":["Static Discharge+1","MostiFishMod:PushDownKick","Ball Lightning+1","Streamline"],"picked":"MostiFishMod:Impulse","floor":46},{"not_picked":["rorgmod:Fuse Blower+1","rorgmod:Overcurrent","Stack+1","White Noise"],"picked":"Redo","floor":47},{"not_picked":["StuffTheSpire:LoadUp","MostiFishMod:PushDownKick+1","StuffTheSpire:NuclearReactor+1","rorgmod:Fusion+1","Reboot+1"],"picked":"SKIP","floor":49},{"not_picked":["rorgmod:Steady Aim+1","rorgmod:Overcurrent+1","Stack+1","Streamline+1"],"picked":"Coolheaded+1","floor":50}],"player_experience":268801,"relics_obtained":[{"floor":1,"key":"SynthV:TestCard"},{"floor":9,"key":"Bag of Preparation"},{"floor":10,"key":"CaptainsWheel"},{"floor":13,"key":"halation:LettersToHer"},{"floor":14,"key":"DianPoetry"},{"floor":24,"key":"Bronze Scales"},{"floor":26,"key":"halation:LettersToHer"},{"floor":26,"key":"hubris:SphereOfDissonance"},{"floor":27,"key":"infinitespire:ShieldingShard"},{"floor":31,"key":"halation:LettersToHer"},{"floor":31,"key":"Replay:Wax Seal"},{"floor":32,"key":"infinitespire:Freezer"},{"floor":42,"key":"StuffTheSpire:Mouthbags"},{"floor":44,"key":"Frozen Egg 2"},{"floor":45,"key":"halation:LettersToHer"},{"floor":45,"key":"Potion Belt"}],"event_choices":[{"damage_healed":0,"gold_gain":114,"player_choice":"GO UP ","damage_taken":20,"relics_obtained":[],"max_hp_gain":0,"max_hp_loss":0,"event_name":"betterSkull:BetterSkull","floor":2,"gold_loss":0,"cards_upgraded":["Strike_B"]},{"damage_healed":0,"gold_gain":0,"player_choice":"RE RE UP ","damage_taken":67,"relics_obtained":["hubris:BallOfYels","Ancient Tea Set"],"max_hp_gain":0,"max_hp_loss":0,"event_name":"betterSkull:BetterSkull","floor":19,"gold_loss":0,"cards_upgraded":["Strike_B"]},{"damage_healed":0,"gold_gain":0,"player_choice":"2","damage_taken":0,"max_hp_gain":0,"max_hp_loss":0,"event_name":"betterMatch:BetterMatch","floor":21,"gold_loss":0,"cards_obtained":["betterMatch:RareCard"]},{"damage_healed":0,"gold_gain":0,"player_choice":"RE ","damage_taken":21,"relics_obtained":["ReplayTheSpireMod:TigerMarble"],"max_hp_gain":0,"max_hp_loss":0,"event_name":"betterSkull:BetterSkull","floor":39,"gold_loss":0,"cards_upgraded":[]},{"damage_healed":0,"gold_gain":0,"player_choice":"2","damage_taken":0,"max_hp_gain":0,"max_hp_loss":0,"event_name":"betterMatch:BetterMatch","floor":50,"gold_loss":0,"cards_obtained":["betterMatch:CommonCard"]}],"is_beta":false,"boss_relics":[{"not_picked":["NightmareShop","energizedSpire:OldTV"],"picked":"StuffTheSpire:Kangaroo"},{"not_picked":["ChiXiaoBlade","halation:MonkeysPaw"],"picked":"halation:Prosthetics"}],"items_purged_floors":[3],"is_endless":false,"potions_floor_spawned":[4,7,11,13,16,22,27,30,35,40,44,47],"ascension_level":5}}