{"host":"Alvar","time":1609149638,"event":{"mods":["AchievementEnabler","Aspiration","BaseMod","Minty Spire (QoL Compilation)","StSLib"],"gold_per_floor":[118,65,65,40,59,92,111,141,141,166,166],"floor_reached":10,"playtime":314,"items_purged":[],"score":222,"play_id":"2b5cd447-ed91-4e81-8a7d-699851f3813e","local_time":"20201228170038","is_ascension_mode":true,"campfire_choices":[],"circlet_count":0,"master_deck":["AscendersBane","Strike_G","Strike_G","Strike_G","Strike_G","Strike_G","Defend_G","Defend_G","Defend_G","Defend_G","Defend_G","Survivor","Neutralize","Poisoned Stab","Footwork","Quick Slash","aspiration:Lunge"],"relics":["Ring of the Snake","NeowsBlessing","Lizard Tail","Sundial","Meat on the Bone","aspiration:ChemicalBlood"],"acts_visited":["Exordium"],"potions_floor_usage":[8,10],"damage_taken":[{"damage":0,"enemies":"Cultist","floor":1,"turns":1},{"damage":0,"enemies":"2 Louse","floor":5,"turns":1},{"damage":0,"enemies":"Gremlin Nob","floor":6,"turns":1},{"damage":0,"enemies":"Jaw Worm","floor":7,"turns":4},{"damage":16,"enemies":"3 Sentries","floor":8,"turns":11},{"damage":40,"enemies":"Lagavulin","floor":10,"turns":9}],"seed_played":"-510624589207887364","potions_obtained":[{"floor":5,"key":"AttackPotion"},{"floor":10,"key":"Fire Potion"}],"is_trial":false,"path_per_floor":["M","$","?","$","M","E","M","E","T","E"],"character_chosen":"THE_SILENT","items_purchased":["Strength Potion","Poisoned Stab"],"campfire_rested":0,"item_purchase_floors":[2,4],"current_hp_per_floor":[59,59,66,66,66,66,66,50,50,22,22],"gold":166,"neow_bonus":"THREE_ENEMY_KILL","is_daily":false,"chose_seed":false,"campfire_upgraded":0,"win_rate":0.0,"timestamp":1609149638,"path_taken":["M","?","?","$","M","E","M","E","T","E"],"items_purchased_type":["Potion","Card"],"build_version":"2020-12-18","purchased_purges":0,"victory":false,"max_hp_per_floor":[66,66,66,66,66,66,66,66,66,66,66],"card_choices":[{"not_picked":["Underhanded Strike","Acrobatics","Dodge and Roll"],"picked":"SKIP","floor":1},{"not_picked":["Blade Dance","Acrobatics"],"picked":"Footwork","floor":5},{"not_picked":["PiercingWail","Backflip","Blade Dance"],"picked":"SKIP","floor":6},{"not_picked":["Caltrops","Dodge and Roll"],"picked":"Quick Slash","floor":7},{"not_picked":["Prepared","Reflex"],"picked":"aspiration:Lunge","floor":8},{"not_picked":["Blade Dance","Acrobatics","PiercingWail"],"picked":"SKIP","floor":10}],"player_experience":750359,"relics_obtained":[{"floor":6,"key":"Lizard Tail"},{"floor":8,"key":"Sundial"},{"floor":9,"key":"Meat on the Bone"},{"floor":10,"key":"aspiration:ChemicalBlood"}],"event_choices":[{"damage_healed":7,"gold_gain":0,"player_choice":"Full Heal","damage_taken":0,"max_hp_gain":0,"max_hp_loss":0,"event_name":"Wheel of Change","floor":3,"gold_loss":0}],"is_beta":true,"boss_relics":[],"items_purged_floors":[],"is_endless":false,"potions_floor_spawned":[5,10],"killed_by":"Lagavulin","ascension_level":20}}