{"host":"lonmk01vm2mxu21j","time":1609151406,"event":{"mods":["BaseMod","Colored Map","Downfall","Infinite Spire","Koishi","Lobotomy","Marisa£®ÏF”Í°°ƒß¿Ì…≥£©","Minty Spire (QoL Compilation)","Quick Restart","Remilia£®¿Ÿ√◊¿Ú—«£©","Replay The Spire","StSLib","The Bug Knight","The Cursed","The Hierophant","The Poker Player","The Runesmith","Youmu£®ªÍ∆«—˝√Œ£©","[IsaacMod]“‘»ˆº‚À˛"],"gold_per_floor":[119,149,149,149,149,149,177,177,203,203,214,230,263,306,306,306,306],"floor_reached":16,"playtime":1313,"items_purged":[],"score":110,"play_id":"455bf3d9-0da0-4cf2-ba56-da38118fb663","local_time":"20201228183006","is_ascension_mode":false,"campfire_choices":[{"data":"BettingIsNotGood","floor":6,"key":"SMITH"},{"floor":8,"key":"REST"},{"data":"Koishi:HauntingSlash","floor":10,"key":"SMITH"},{"data":"Koishi:TraumaticStroke","floor":15,"key":"SMITH"}],"circlet_count":0,"master_deck":["Koishi:BasicStrike","Koishi:BasicStrike","Koishi:BasicStrike","Koishi:BasicDefend","Koishi:BasicDefend","Koishi:Provoke","Koishi:HauntingSlash+1","BettingIsNotGood+1","CherryBlossoms","Koishi:PhantomStrike","Murderer","Koishi:Catatonia+1","OldLady","Bloodbath","CENSORED","Koishi:TraumaticStroke+1","PunishingBird","Koishi:RacingHeart","DreamingCurrent"],"relics":["Koishi:ImaginaryFriend","HushsDoor","KeepersGift","CogitoBucket","Iron Hammer","TheBean","Runesmith:AutoHammer","SkinProphecy"],"acts_visited":["Exordium"],"potions_floor_usage":[13,13,14],"damage_taken":[{"damage":6,"enemies":"2 Louse","floor":1,"turns":2},{"damage":1,"enemies":"Cultist","floor":2,"turns":5},{"damage":38,"enemies":"Gremlin Nob","floor":7,"turns":4},{"damage":17,"enemies":"Jaw Worm","floor":11,"turns":2},{"damage":13,"enemies":"Large Slime","floor":12,"turns":6},{"damage":8,"enemies":"Lagavulin","floor":13,"turns":5},{"damage":37,"enemies":"Exordium Wildlife","floor":14,"turns":4},{"damage":116,"enemies":"The Guardian","floor":16,"turns":4}],"seed_played":"4439979048208585944","potions_obtained":[{"floor":11,"key":"SpeedPotion"},{"floor":12,"key":"Energy Potion"},{"floor":13,"key":"PowerPotion"}],"is_trial":false,"path_per_floor":["M","M","?","?","?","R","E","R","T","R","M","M","E","M","R","B"],"character_chosen":"KOISHI","items_purchased":[],"campfire_rested":1,"item_purchase_floors":[],"current_hp_per_floor":[54,55,55,55,55,55,18,36,36,36,21,19,48,34,34,0,0],"gold":306,"neow_bonus":"","is_daily":false,"chose_seed":false,"campfire_upgraded":3,"win_rate":0.0,"timestamp":1609151406,"path_taken":["M","M","?","?","?","R","E","R","T","R","M","M","E","M","R","BOSS"],"items_purchased_type":[],"build_version":"2020-12-22","purchased_purges":0,"victory":false,"max_hp_per_floor":[60,60,60,60,60,60,60,60,60,60,60,60,60,60,60,62,62],"card_choices":[{"not_picked":[],"picked":"BettingIsNotGood","floor":0},{"not_picked":["Bloodbath","HappyTeddy"],"picked":"CherryBlossoms","floor":1},{"not_picked":["Koishi:JumpScare","Koishi:PhantomBarrier"],"picked":"Koishi:PhantomStrike","floor":1},{"not_picked":["BeautyBeast","FieryBird"],"picked":"Murderer","floor":2},{"not_picked":["Koishi:UnconsciousUprising","Koishi:MindNumbingTerror"],"picked":"Koishi:UnseenTerror","floor":2},{"not_picked":["OSAHOGD","ShyLook","Yin"],"picked":"Singing Bowl","floor":7},{"not_picked":["Bloodbath","MeatLantern"],"picked":"OldLady","floor":7},{"not_picked":["Koishi:StingingMind","Koishi:CatchAndRose"],"picked":"Bomb","floor":7},{"not_picked":["QueenOfHatred","Porccubus"],"picked":"Bloodbath","floor":11},{"not_picked":["Koishi:ReleaseOfTheId","Koishi:TremblingHands","Koishi:StrangeCloudFist"],"picked":"SKIP","floor":11},{"not_picked":["CrumblingArmor","LittleHelper"],"picked":"CENSORED","floor":12},{"not_picked":["Koishi:DreadfulBlow","Koishi:Whimsy"],"picked":"Koishi:TraumaticStroke","floor":12},{"not_picked":["UniverseFragment","SpiderBud"],"picked":"PunishingBird","floor":13},{"not_picked":["Koishi:MassHysteria","Koishi:SubconsciousSweep"],"picked":"Koishi:RacingHeart","floor":13},{"not_picked":["Variant","BeautyBeast"],"picked":"DreamingCurrent","floor":14},{"not_picked":["Koishi:PhantomStrike","Koishi:SubterraneanRose","Koishi:UnconsciousUprising"],"picked":"SKIP","floor":14}],"player_experience":397714,"relics_obtained":[{"floor":7,"key":"Iron Hammer"},{"floor":9,"key":"TheBean"},{"floor":13,"key":"Runesmith:AutoHammer"}],"event_choices":[],"is_beta":false,"boss_relics":[],"items_purged_floors":[],"is_endless":false,"potions_floor_spawned":[11,12,13],"killed_by":"The Guardian","ascension_level":0}}