{"host":"btr9mlxs9vdylcfu","time":1609192799,"event":{"mods":["AchievementEnabler","AlwaysNeverKeys","BaseMod","Better Note","BetterRewards","Colored Map","Colored Powertips","Custom Start","Dio Mod","Gold Saver","Highlight Path","HornydragonMod","Minty Spire (QoL Compilation)","Shop Mod","Small Relic Pack","StSLib","TestMod","The Disciple","TheWitcher","UnlockEverythingMod","【?物卡牌】REMEMod","篝火指南"],"gold_per_floor":[87,134,150,150,150,57,321,368,392,533,566,566,584,734,109,1549,1549],"floor_reached":16,"playtime":1370,"items_purged":["Defend_HD","Defend_HD"],"score":217,"play_id":"98092475-cc6d-4fe0-bc69-4a81ec775b16","local_time":"20201229055959","is_ascension_mode":true,"campfire_choices":[{"floor":12,"key":"REST"}],"circlet_count":0,"master_deck":["Strike_HD","Strike_HD","Strike_HD","Strike_HD","DrunkenFist","Defend_HD","Defend_HD","AlcoholBarrier","BreakDrink","Caffeine","GetToilet","Heart6","Metabolism","GetStonks","Beer","LuckyCoin","Metabolism","Beer","Ie6","GetStonks"],"relics":["WineBottle","testmod-TestBox","REME_ComplimentaryCards","Art of War","Centennial Puzzle","PreservedInsect","relicPack:InfinityGauntlet","Toy Ornithopter","Bag of Marbles"],"acts_visited":["Exordium"],"potions_floor_usage":[16,16],"damage_taken":[{"damage":2.0,"enemies":"Jaw Worm","floor":1.0,"turns":3.0},{"damage":5.0,"enemies":"2 Louse","floor":2.0,"turns":3.0},{"damage":0.0,"enemies":"Small Slimes","floor":3.0,"turns":4.0},{"damage":25,"enemies":"Exordium Thugs","floor":7,"turns":7},{"damage":23,"enemies":"Gremlin Nob","floor":10,"turns":4},{"damage":8,"enemies":"Exordium Wildlife","floor":11,"turns":6},{"damage":7,"enemies":"3 Louse","floor":13,"turns":3},{"damage":72,"enemies":"Hexaghost","floor":16,"turns":12}],"seed_played":"313008807754342374","potions_obtained":[{"floor":1.0,"key":"REME_GoldPotion"},{"floor":7,"key":"Weak Potion"},{"floor":13,"key":"EssenceOfSteel"}],"is_trial":false,"path_per_floor":["M","M","M","?","?","R","M","T","T","E","M","R","M","?","R","B"],"character_chosen":"HORNYDRAGON","items_purchased":["Caffeine","Art of War","GetStonks","Beer","relicPack:InfinityGauntlet","Toy Ornithopter","Bag of Marbles","GetStonks"],"campfire_rested":1,"item_purchase_floors":[0,0,6,6,15,15,15,15],"current_hp_per_floor":[70,65,71,71,71,71,52,52,52,35,33,59,58,58,58,2,2],"gold":1549,"neow_bonus":"","is_daily":false,"chose_seed":false,"campfire_upgraded":0,"win_rate":0.0,"timestamp":1609192799,"path_taken":["M","M","M","?","?","R","M","?","T","E","M","R","M","?","R","BOSS"],"items_purchased_type":["Card","Relic","Card","Card","Relic","Relic","Relic","Card"],"build_version":"2020-12-22","purchased_purges":2,"victory":false,"max_hp_per_floor":[87,87,87,87,87,87,87,87,87,87,87,87,87,87,87,87,87],"card_choices":[{"not_picked":["Fury","PayToPlay"],"picked":"GetToilet","floor":1.0},{"not_picked":["Distracted","Trumpet"],"picked":"Heart6","floor":2.0},{"not_picked":["Guppy","Beer"],"picked":"Metabolism","floor":3.0},{"not_picked":["Alcoholic","DrunkenFist"],"picked":"LuckyCoin","floor":7},{"not_picked":["Yeast","Scp500"],"picked":"Metabolism","floor":10},{"not_picked":["Ahahah","Margarita"],"picked":"Beer","floor":11},{"not_picked":["Metabolism","Yeast"],"picked":"Ie6","floor":13}],"player_experience":314203,"relics_obtained":[{"floor":8,"key":"Centennial Puzzle"},{"floor":9,"key":"PreservedInsect"},{"floor":10,"key":"testmod-Acrobat"}],"event_choices":[{"damage_healed":0.0,"max_hp_gain":0.0,"max_hp_loss":0.0,"gold_gain":0.0,"event_name":"Liars Game","player_choice":"Ignored","floor":4.0,"gold_loss":0.0,"damage_taken":0.0},{"damage_healed":0,"gold_gain":150,"player_choice":"Sell","damage_taken":0,"max_hp_gain":0,"max_hp_loss":0,"event_name":"Plate Of N\u0027loth","floor":14,"relics_lost":["testmod-Acrobat"],"gold_loss":0}],"is_beta":false,"boss_relics":[],"items_purged_floors":[0,15],"is_endless":false,"potions_floor_spawned":[1,7,13],"killed_by":"Hexaghost","ascension_level":2}}