{"host":"9tch52zpouts7b2p","time":1609136017,"event":{"mods":["BaseMod","Colored Map","Minty Spire (QoL Compilation)","StSLib","UnlockEverythingMod","noobMod"],"gold_per_floor":[110,110,128,147,161,189,202,202,225,190,190,190,204,231,231,334,334,344,124,136,146,161,161,34,34,61,11,25,25,25,55,55,154,154],"floor_reached":33,"playtime":2459,"items_purged":["Strike_B"],"score":377,"play_id":"51f66c31-50df-4c01-8242-3046783fc480","local_time":"20201228141337","is_ascension_mode":false,"campfire_choices":[{"floor":8,"key":"REST"},{"floor":15,"key":"REST"},{"floor":23,"key":"REST"},{"floor":30,"key":"REST"},{"floor":32,"key":"REST"}],"circlet_count":0,"master_deck":["Defend_B","Defend_B","Defend_B","Zap+1","Dualcast","Glacier","Melter","Force Field","Chaos","Compile Driver","Seek","Ball Lightning","Creative AI","Machine Learning","CurseOfTheBell","Turbo+1","Capacitor","Stack","Thunder Strike","Redo+1","Rebound+1","Sunder","Static Discharge+1","Double Energy","Streamline+1","Redo","Reboot","Sweeping Beam","Coolheaded","Turbo","Redo","Fission"],"relics":["Cracked Core","ice","Symbiotic Virus","Regal Pillow","MealTicket","Calling Bell","Orichalcum","Darkstone Periapt","Turnip","Orrery","Potion Belt","Molten Egg 2"],"acts_visited":["Exordium","TheCity"],"potions_floor_usage":[13,14,14,21,22,31,33],"damage_taken":[{"damage":0.0,"enemies":"Small Slimes","floor":1.0,"turns":2.0},{"damage":1.0,"enemies":"Jaw Worm","floor":3.0,"turns":3.0},{"damage":0,"enemies":"Cultist","floor":4,"turns":3},{"damage":1,"enemies":"Exordium Wildlife","floor":5,"turns":3},{"damage":25,"enemies":"3 Sentries","floor":6,"turns":10},{"damage":1,"enemies":"2 Fungi Beasts","floor":7,"turns":4},{"damage":17,"enemies":"Exordium Thugs","floor":13,"turns":4},{"damage":7,"enemies":"Gremlin Nob","floor":14,"turns":3},{"damage":20,"enemies":"Slime Boss","floor":16,"turns":9},{"damage":11,"enemies":"Shell Parasite","floor":18,"turns":6},{"damage":12,"enemies":"Chosen","floor":20,"turns":8},{"damage":19,"enemies":"Snecko","floor":21,"turns":4},{"damage":29,"enemies":"Snake Plant","floor":22,"turns":4},{"damage":32,"enemies":"Shelled Parasite and Fungi","floor":28,"turns":3},{"damage":57,"enemies":"Book of Stabbing","floor":31,"turns":5},{"damage":37,"enemies":"Automaton","floor":33,"turns":10}],"seed_played":"-5970095566624459612","potions_obtained":[{"floor":1.0,"key":"Swift Potion"},{"floor":6,"key":"Dexterity Potion"},{"floor":13,"key":"FearPotion"},{"floor":16,"key":"Strength Potion"},{"floor":18,"key":"ColorlessPotion"},{"floor":20,"key":"PotionOfCapacity"},{"floor":28,"key":"Dexterity Potion"},{"floor":33,"key":"Dexterity Potion"}],"is_trial":false,"path_per_floor":["M","?","M","M","M","E","M","R","T","?","?","?","M","E","R","B",null,"M","$","M","M","M","R","$","?","T","$","M","?","R","E","R","B"],"character_chosen":"DEFECT","items_purchased":["Capacitor","Orrery","Redo","Coolheaded"],"campfire_rested":5,"item_purchase_floors":[19,19,24,27],"current_hp_per_floor":[75,75,74,74,73,48,47,69,69,75,75,50,33,26,63,43,75,64,75,63,44,15,52,67,67,67,75,43,43,75,18,55,56,56],"gold":154,"neow_bonus":"UPGRADE_CARD","is_daily":false,"chose_seed":false,"campfire_upgraded":0,"win_rate":0.0,"timestamp":1609136017,"path_taken":["M","?","M","M","M","E","M","R","T","?","?","?","?","E","R","BOSS","M","$","?","M","M","R","$","?","T","$","M","?","R","E","R","BOSS"],"items_purchased_type":["Card","Relic","Card","Card"],"build_version":"2020-12-22","purchased_purges":1,"victory":false,"max_hp_per_floor":[75,75,75,75,75,75,75,75,75,75,75,75,75,75,75,75,75,75,75,75,75,75,75,75,75,75,75,75,75,75,75,75,77,77],"card_choices":[{"not_picked":["Rip and Tear","Streamline"],"picked":"Glacier","floor":1.0},{"not_picked":["Cold Snap","Hello World"],"picked":"Force Field","floor":3},{"not_picked":["Coolheaded","Barrage"],"picked":"Chaos","floor":4},{"not_picked":["Conserve Battery","Scrape"],"picked":"Compile Driver","floor":5},{"not_picked":["Fusion","White Noise"],"picked":"Seek","floor":6},{"not_picked":["Genetic Algorithm","Compile Driver"],"picked":"Ball Lightning","floor":7},{"not_picked":["Ball Lightning","Streamline","Steam"],"picked":"SKIP","floor":13},{"not_picked":["Compile Driver","Heatsinks"],"picked":"Creative AI","floor":14},{"not_picked":["Biased Cognition","Hyperbeam"],"picked":"Machine Learning","floor":16},{"not_picked":["Compile Driver","Leap+1"],"picked":"Turbo+1","floor":18},{"not_picked":["Sweeping Beam","Streamline"],"picked":"Stack","floor":19},{"not_picked":["Sweeping Beam+1","Rebound"],"picked":"Thunder Strike","floor":19},{"not_picked":["Steam Power","All For One"],"picked":"Redo+1","floor":19},{"not_picked":["Lockon","Gash"],"picked":"Rebound+1","floor":19},{"not_picked":["Ball Lightning+1","Sweeping Beam"],"picked":"Sunder","floor":19},{"not_picked":["Leap","Multi-Cast"],"picked":"Static Discharge+1","floor":20},{"not_picked":["Beam Cell","White Noise"],"picked":"Double Energy","floor":21},{"not_picked":["Glacier","Cold Snap"],"picked":"Streamline+1","floor":22},{"not_picked":["Stack","Go for the Eyes+1"],"picked":"Turbo","floor":28},{"not_picked":["Go for the Eyes+1","Lockon+1"],"picked":"Redo","floor":31},{"not_picked":["Multi-Cast","Biased Cognition"],"picked":"Fission","floor":33}],"player_experience":71606,"relics_obtained":[{"floor":6,"key":"Symbiotic Virus"},{"floor":14,"key":"MealTicket"},{"floor":17,"key":"Orichalcum"},{"floor":17,"key":"Darkstone Periapt"},{"floor":17,"key":"Turnip"},{"floor":26,"key":"Potion Belt"},{"floor":31,"key":"Molten Egg 2"}],"event_choices":[{"damage_healed":0.0,"max_hp_gain":0.0,"max_hp_loss":0.0,"gold_gain":0.0,"cards_transformed":["Strike_B"],"event_name":"Living Wall","player_choice":"Change","floor":2.0,"gold_loss":0.0,"damage_taken":0.0,"cards_obtained":["Melter"]},{"damage_healed":18,"gold_gain":0,"player_choice":"Healed","damage_taken":0,"max_hp_gain":0,"max_hp_loss":0,"event_name":"The Cleric","floor":10,"gold_loss":35},{"damage_healed":0,"gold_gain":0,"player_choice":"Ignored","damage_taken":0,"max_hp_gain":0,"max_hp_loss":0,"event_name":"Liars Game","floor":11,"gold_loss":0},{"damage_healed":0,"gold_gain":0,"player_choice":"Success","damage_taken":25,"relics_obtained":["Regal Pillow"],"max_hp_gain":0,"max_hp_loss":0,"event_name":"Scrap Ooze","floor":12,"gold_loss":0},{"damage_healed":0,"gold_gain":0,"cards_transformed":["Strike_B","Strike_B"],"player_choice":"Became Test Subject","damage_taken":0,"max_hp_gain":0,"max_hp_loss":0,"event_name":"Drug Dealer","floor":25,"gold_loss":0,"cards_obtained":["Reboot","Sweeping Beam"]},{"cards_removed":["Defend_B"],"damage_healed":0,"gold_gain":0,"player_choice":"Purged","damage_taken":0,"max_hp_gain":0,"max_hp_loss":0,"event_name":"Purifier","floor":29,"gold_loss":0}],"is_beta":false,"boss_relics":[{"not_picked":["Fusion Hammer","SacredBark"],"picked":"Calling Bell"}],"items_purged_floors":[24],"is_endless":false,"potions_floor_spawned":[1,6,13,16,18,20,28,33],"killed_by":"Automaton","ascension_level":0}}