{"host":"j3h0p3l2xgzxhnx7","time":1609162375,"event":{"mods":["BaseMod","Luminous","Marisa????????","Minty Spire (QoL Compilation)","StSLib","The Bug Knight","The Cursed","The Servant 0.9.4"],"gold_per_floor":[110,110,133,148,173,173,208,224,224,243,283,283,304,12,12,132,132,155,180,35,35,51,51,71,71,98,13,13,34,179,199,199,324,324,344,344,32,51,384,401,416,449,449,461,461,461,441,458,458,458,458],"floor_reached":50,"playtime":13656,"items_purged":[],"score":661,"play_id":"629395c7-4328-4234-a748-7c268591a8cc","local_time":"20201228213255","is_ascension_mode":false,"campfire_choices":[{"data":"Rearm","floor":6,"key":"SMITH"},{"floor":12,"key":"REST"},{"floor":15,"key":"REST"},{"data":"Decay","floor":23,"key":"PURGE"},{"floor":25,"key":"REST"},{"floor":32,"key":"REST"},{"floor":46,"key":"REST"},{"floor":49,"key":"REST"}],"circlet_count":0,"master_deck":["Strike_S","Strike_S","Strike_S+1","Strike_S+1","Defend_S","Defend_S","KidneyShot","Exchange","Spin","Injury","SpecialFormula","Rearm+1","FlawlessForm","Ricochet","Sabotage+1","Spin+1","Unruled+1","MoonPhase","Sunlight+1","Comet+1","BottledTime","Starlight+1","DoubleEdge+1","SurpressingFire","Desolation+1","SoulSculpture+1","Starlight+1","Potential+1","FlawlessForm","Read+1","Swift Strike+1","Sabotage+1","DoubleEdge+1","Contraction+1","SpecialFormula","Potential+1","DualDimension"],"relics":["SplendidAttire","NeowsBlessing","Bag of Preparation","Whetstone","Molten Egg 2","Peace Pipe","Mercury Hourglass","StoneMask","Blood Vial","Strawberry","Calipers","StoneCalendar","Kunai","Girya","Sundial","Ornamental Fan"],"acts_visited":["Exordium","TheCity","TheBeyond"],"potions_floor_usage":[7,7,7,7,7,8,30,33,33,40,41,48,50,50],"damage_taken":[{"damage":0,"enemies":"Small Slimes","floor":1,"turns":1},{"damage":0,"enemies":"Jaw Worm","floor":4,"turns":1},{"damage":0,"enemies":"Cultist","floor":5,"turns":1},{"damage":25,"enemies":"Lagavulin","floor":7,"turns":7},{"damage":9,"enemies":"Lots of Slimes","floor":8,"turns":2},{"damage":0,"enemies":"3 Louse","floor":10,"turns":1},{"damage":24,"enemies":"Gremlin Nob","floor":11,"turns":6},{"damage":4,"enemies":"Exordium Wildlife","floor":13,"turns":2},{"damage":0,"enemies":"Slime Boss","floor":16,"turns":6},{"damage":5,"enemies":"Chosen","floor":18,"turns":4},{"damage":35,"enemies":"2 Thieves","floor":19,"turns":3},{"damage":2,"enemies":"Snake Plant","floor":22,"turns":4},{"damage":18,"enemies":"Centurion and Healer","floor":24,"turns":4},{"damage":3,"enemies":"Snecko","floor":29,"turns":4},{"damage":32,"enemies":"Colosseum Slavers","floor":30,"turns":4},{"damage":7,"enemies":"Colosseum Nobs","floor":30,"turns":3},{"damage":16,"enemies":"Shelled Parasite and Fungi","floor":31,"turns":4},{"damage":11,"enemies":"Collector","floor":33,"turns":9},{"damage":0,"enemies":"3 Darklings","floor":35,"turns":3},{"damage":16,"enemies":"3 Shapes","floor":38,"turns":1},{"damage":12,"enemies":"Sphere and 2 Shapes","floor":40,"turns":3},{"damage":31,"enemies":"Transient","floor":41,"turns":5},{"damage":41,"enemies":"Nemesis","floor":42,"turns":5},{"damage":5,"enemies":"Writhing Mass","floor":44,"turns":7},{"damage":49,"enemies":"4 Shapes","floor":48,"turns":3},{"damage":85,"enemies":"Donu and Deca","floor":50,"turns":6}],"seed_played":"9065852265803034712","potions_obtained":[{"floor":4,"key":"AttackPotion"},{"floor":5,"key":"EntropicBrew"},{"floor":7,"key":"Regen Potion"},{"floor":10,"key":"Swift Potion"},{"floor":19,"key":"ColorlessPotion"},{"floor":22,"key":"GamblersBrew"},{"floor":24,"key":"Energy Potion"},{"floor":30,"key":"Strength Potion"},{"floor":31,"key":"ColorlessPotion"},{"floor":33,"key":"Dexterity Potion"},{"floor":35,"key":"Energy Potion"},{"floor":44,"key":"EssenceOfSteel"},{"floor":47,"key":"SteroidPotion"}],"is_trial":false,"path_per_floor":["M","?","T","M","M","R","E","M","T","M","E","R","M","$","R","B",null,"M","M","$","?","M","R","M","R","T","?","?","M","?","M","R","B",null,"M","?","$","M","?","M","M","E","T","M","?","R","?","M","R","B"],"character_chosen":"THE_SERVANT","items_purchased":["Mercury Hourglass","MoonPhase","Blood Vial","Girya"],"campfire_rested":6,"item_purchase_floors":[14,14,20,37],"current_hp_per_floor":[65,65,65,65,65,65,40,36,36,36,12,31,27,27,46,51,65,66,37,37,37,45,45,40,61,68,68,68,70,52,49,74,73,86,87,87,87,80,80,79,58,27,27,37,37,65,65,40,70,0,0],"gold":458,"neow_bonus":"THREE_ENEMY_KILL","is_daily":false,"chose_seed":false,"campfire_upgraded":1,"win_rate":0.0,"timestamp":1609162375,"path_taken":["M","?","?","M","M","R","E","?","T","M","E","R","M","$","R","BOSS","M","M","?","?","M","R","M","R","T","?","?","?","?","M","R","BOSS","M","?","?","M","?","M","M","E","T","?","?","R","?","M","R","BOSS"],"items_purchased_type":["Relic","Card","Relic","Relic"],"build_version":"2020-12-22","purchased_purges":0,"victory":false,"max_hp_per_floor":[65,65,65,65,65,65,65,65,65,65,65,65,65,65,65,65,65,66,68,68,68,69,69,71,71,78,78,78,79,83,85,85,86,86,87,87,87,90,90,93,94,95,95,96,96,96,96,100,100,100,100],"card_choices":[{"not_picked":["Reset","Desolation"],"picked":"Spin","floor":1},{"not_picked":["Rewind","Manipulate"],"picked":"SpecialFormula","floor":4},{"not_picked":["RealityMarble","BottledTime"],"picked":"Rearm","floor":5},{"not_picked":["Rearm","SoulSculpture"],"picked":"FlawlessForm","floor":7},{"not_picked":["Rewind","Potential"],"picked":"Ricochet","floor":8},{"not_picked":["Unruled+1","Ricochet+1"],"picked":"Sabotage+1","floor":10},{"not_picked":["Manipulate","SpecialFormula"],"picked":"Spin+1","floor":11},{"not_picked":["BottledTime","Defy"],"picked":"Unruled+1","floor":13},{"not_picked":["KillingDoll+1","Deny"],"picked":"Sunlight+1","floor":16},{"not_picked":["Barrier","Rearm"],"picked":"Comet+1","floor":18},{"not_picked":["Unruled+1","Potential+1"],"picked":"BottledTime","floor":19},{"not_picked":["Defy","Hightail"],"picked":"Starlight+1","floor":22},{"not_picked":["Replace+1","Ricochet+1"],"picked":"DoubleEdge+1","floor":24},{"not_picked":["Potential+1","Manipulate"],"picked":"SoulSculpture+1","floor":29},{"not_picked":["Unruled+1","Ricochet+1"],"picked":"Starlight+1","floor":30},{"not_picked":["Replace","Barrier"],"picked":"Potential+1","floor":31},{"not_picked":["SoulSculpture+1","Sunlight+1"],"picked":"FlawlessForm","floor":33},{"not_picked":["Comet+1","BestPractice"],"picked":"Read+1","floor":35},{"not_picked":["Mayhem","HandOfGreed+1"],"picked":"Swift Strike+1","floor":36},{"not_picked":["Potential+1","FastForward"],"picked":"Sabotage+1","floor":38},{"not_picked":["Moondial","Unruled+1"],"picked":"DoubleEdge+1","floor":40},{"not_picked":["Potential+1","Revamp"],"picked":"Contraction+1","floor":41},{"not_picked":["Embodiment","Reset"],"picked":"SpecialFormula","floor":42},{"not_picked":["Defy","Rearm+1"],"picked":"Potential+1","floor":44},{"not_picked":["TimeWarp+1","Manipulate"],"picked":"DualDimension","floor":48}],"player_experience":12399,"relics_obtained":[{"floor":3,"key":"Bag of Preparation"},{"floor":7,"key":"Whetstone"},{"floor":9,"key":"Molten Egg 2"},{"floor":11,"key":"Peace Pipe"},{"floor":26,"key":"Strawberry"},{"floor":30,"key":"StoneCalendar"},{"floor":30,"key":"Kunai"},{"floor":42,"key":"Sundial"},{"floor":43,"key":"Ornamental Fan"}],"event_choices":[{"damage_healed":0,"gold_gain":0,"player_choice":"Take Wound","damage_taken":0,"relics_obtained":["Golden Idol"],"max_hp_gain":0,"max_hp_loss":0,"event_name":"Golden Idol","floor":2,"gold_loss":0,"cards_obtained":["Injury"]},{"damage_healed":0,"gold_gain":0,"player_choice":"Smashed Altar","damage_taken":0,"max_hp_gain":0,"max_hp_loss":0,"event_name":"Forgotten Altar","floor":21,"gold_loss":0,"cards_obtained":["Decay"]},{"damage_healed":0,"gold_gain":0,"player_choice":"Obtained Relic","damage_taken":0,"relics_obtained":["Calipers"],"max_hp_gain":0,"max_hp_loss":0,"event_name":"Addict","floor":27,"gold_loss":85},{"damage_healed":0,"gold_gain":0,"cards_transformed":["Defend_S","Defend_S"],"player_choice":"Became Test Subject","damage_taken":0,"max_hp_gain":0,"max_hp_loss":0,"event_name":"Drug Dealer","floor":28,"gold_loss":0,"cards_obtained":["SurpressingFire","Desolation"]},{"damage_healed":0,"gold_gain":0,"player_choice":"Fight","damage_taken":0,"max_hp_gain":0,"max_hp_loss":0,"event_name":"Colosseum","floor":30,"gold_loss":0},{"damage_healed":0,"gold_gain":0,"player_choice":"Fought Nobs","damage_taken":0,"max_hp_gain":0,"max_hp_loss":0,"event_name":"Colosseum","floor":30,"gold_loss":0},{"damage_healed":0,"gold_gain":0,"player_choice":"Memory 1","damage_taken":0,"max_hp_gain":0,"max_hp_loss":0,"event_name":"SensoryStone","floor":36,"gold_loss":0},{"damage_healed":0,"gold_gain":333,"player_choice":"Gave Idol","damage_taken":0,"max_hp_gain":0,"max_hp_loss":0,"event_name":"The Moai Head","floor":39,"relics_lost":["Golden Idol"],"gold_loss":0},{"damage_healed":0,"gold_gain":0,"player_choice":"Ignored","damage_taken":0,"max_hp_gain":0,"max_hp_loss":0,"event_name":"Tomb of Lord Red Mask","floor":45,"gold_loss":0},{"damage_healed":0,"gold_gain":0,"player_choice":"Bought 1 Potion","damage_taken":0,"max_hp_gain":0,"max_hp_loss":0,"event_name":"The Woman in Blue","floor":47,"gold_loss":0}],"is_beta":false,"boss_relics":[{"not_picked":["Snecko Eye","Velvet Choker"],"picked":"StoneMask"},{"not_picked":["Sozu","MysterySword"],"picked":"SplendidAttire"}],"items_purged_floors":[],"is_endless":false,"potions_floor_spawned":[4,5,7,10,19,22,24,30,31,33,35,38,44],"killed_by":"Donu and Deca","ascension_level":0}}