{"host":"i0avyit1s6jb1siw","time":1609187620,"event":{"mods":["BaseMod","DeckTracker","Dota2Spire","Highlight Path","Minty Spire (QoL Compilation)","Quick Restart","Replay The Spire","StSLib","SuperFastMode"],"gold_per_floor":[113,126,51,75,95,95,125,135,135,135,135,169,169,181,181,181,181],"floor_reached":16,"playtime":359,"items_purged":["Strike_G"],"score":270,"play_id":"af7173e5-ae0a-40e6-a0dc-8f2605b62e1f","local_time":"20201228213340","is_ascension_mode":true,"campfire_choices":[{"data":"Skewer","floor":6,"key":"SMITH"},{"floor":11,"key":"REST"}],"circlet_count":0,"master_deck":["AscendersBane","Strike_G","Strike_G","Strike_G","Defend_G","Defend_G","Defend_G","Defend_G","Survivor","Neutralize","Dash+1","Endless Agony","Skewer+1","Dagger Throw","Bullet Time","Dagger Spray"],"relics":["Ring of the Snake","Dota2Spire:AssaultCuirass","Bottled Flame","StrikeDummy","ReplayTheSpireMod:Shallot","Potion Belt"],"acts_visited":["Exordium"],"potions_floor_usage":[16],"damage_taken":[{"damage":0,"enemies":"Small Slimes","floor":1,"turns":4},{"damage":1,"enemies":"Cultist","floor":2,"turns":4},{"damage":0,"enemies":"Jaw Worm","floor":5,"turns":2},{"damage":8,"enemies":"Gremlin Nob","floor":7,"turns":3},{"damage":0,"enemies":"Blue Slaver","floor":8,"turns":2},{"damage":0,"enemies":"Replay:BlueRogue","floor":12,"turns":5},{"damage":0,"enemies":"Gremlin Gang","floor":14,"turns":5},{"damage":51,"enemies":"Fading Forest","floor":16,"turns":12}],"seed_played":"4732327017486812161","potions_obtained":[{"floor":12,"key":"PowerPotion"}],"is_trial":false,"path_per_floor":["M","M","$","?","M","R","E","M","T","?","R","E","T","M","R","B"],"character_chosen":"THE_SILENT","items_purchased":[],"campfire_rested":1,"item_purchase_floors":[],"current_hp_per_floor":[44,43,43,17,17,17,9,9,9,4,23,23,23,23,42,0,0],"gold":181,"neow_bonus":"TRANSFORM_TWO_CARDS","is_daily":false,"chose_seed":false,"campfire_upgraded":1,"win_rate":0.0,"timestamp":1609187620,"path_taken":["M","M","$","?","?","R","E","M","T","?","R","E","?","M","R","BOSS"],"items_purchased_type":[],"build_version":"2020-12-22","purchased_purges":1,"victory":false,"max_hp_per_floor":[66,66,66,66,66,66,66,66,66,66,66,66,66,66,66,66,66],"card_choices":[{"not_picked":["Acrobatics","Outmaneuver"],"picked":"Skewer","floor":1},{"not_picked":["Deflect","Slice","Toxin Wave"],"picked":"SKIP","floor":2},{"not_picked":["Acrobatics","Choke"],"picked":"Dagger Throw","floor":4},{"not_picked":["Prepared","Catalyst"],"picked":"Bullet Time","floor":5},{"not_picked":["Skewer","Hidden Blade","Outmaneuver"],"picked":"SKIP","floor":7},{"not_picked":["Expertise","Replay:Poison Smokescreen","Backflip"],"picked":"SKIP","floor":8},{"not_picked":["Bane","Hidden Blade","Deadly Poison"],"picked":"SKIP","floor":12},{"not_picked":["Backflip","Dodge and Roll"],"picked":"Dagger Spray","floor":14}],"player_experience":2126281,"relics_obtained":[{"floor":4,"key":"Dota2Spire:AssaultCuirass"},{"floor":7,"key":"Bottled Flame"},{"floor":9,"key":"StrikeDummy"},{"floor":12,"key":"ReplayTheSpireMod:Shallot"},{"floor":13,"key":"Potion Belt"}],"event_choices":[{"damage_healed":0,"gold_gain":0,"player_choice":"Fled","damage_taken":5,"max_hp_gain":0,"max_hp_loss":0,"event_name":"Scrap Ooze","floor":10,"gold_loss":0}],"is_beta":false,"boss_relics":[],"items_purged_floors":[3],"is_endless":false,"potions_floor_spawned":[12],"killed_by":"Fading Forest","ascension_level":20}}