{"host":"1tl36azeqm6yhdgj","time":1609156683,"event":{"mods":["AchievementEnabler","BaseMod","Minty Spire (QoL Compilation)","StSLib","The IronCluck","everything is the same but u backflip on backflip"],"gold_per_floor":[109,109,52,63,63,63,98,110,410,335,335,393,55,55,55,132,132,52,52,0,13,13,13,13,13,13],"floor_reached":25,"playtime":456,"items_purged":["Strike_R"],"score":403,"play_id":"4d459a31-9646-43b5-9402-870fb5a9b2b4","local_time":"20201228065803","is_ascension_mode":true,"campfire_choices":[{"data":"Twin Strike","floor":6.0,"key":"SMITH"},{"data":"Fire Breathing","floor":15.0,"key":"SMITH"},{"floor":23,"key":"REST"}],"circlet_count":0,"master_deck":["AscendersBane","Strike_R","Strike_R","Strike_R+1","Defend_R+1","Defend_R","Defend_R","Defend_R","Bash","Twin Strike+1","Fire Breathing+1","Disarm","Spot Weakness","Ghostly Armor","Enlightenment+1","Barricade","Shrug It Off+1","Anger"],"relics":["Burning Blood","NeowsBlessing","Magic Flower","Old Coin","HornCleat","Incense Burner","Juzu Bracelet","SacredBark"],"acts_visited":["Exordium","TheCity"],"potions_floor_usage":[],"damage_taken":[{"damage":0.0,"enemies":"2 Louse","floor":1.0,"turns":1.0},{"damage":0.0,"enemies":"Small Slimes","floor":4.0,"turns":1.0},{"damage":0.0,"enemies":"3 Sentries","floor":7.0,"turns":1.0},{"damage":12.0,"enemies":"Jaw Worm","floor":8.0,"turns":3.0},{"damage":8.0,"enemies":"3 Sentries","floor":12.0,"turns":6.0},{"damage":36.0,"enemies":"Slime Boss","floor":16.0,"turns":8.0},{"damage":14.0,"enemies":"2 Thieves","floor":18.0,"turns":4.0},{"damage":45,"enemies":"Chosen","floor":21,"turns":7},{"damage":27,"enemies":"Snake Plant","floor":25,"turns":4}],"seed_played":"2438731375249461997","potions_obtained":[{"floor":1.0,"key":"DuplicationPotion"},{"floor":21,"key":"Dexterity Potion"}],"is_trial":false,"path_per_floor":["M","?","$","M","$","R","E","M","T","?","T","?","$","?","R","B",null,"M","$","?","M","?","R","$","M"],"character_chosen":"IRONCLAD","items_purchased":["Explosive Potion","Enlightenment","Juzu Bracelet"],"campfire_rested":1,"item_purchase_floors":[3,13,13],"current_hp_per_floor":[74,51,51,57,57,57,63,60,60,60,60,61,61,61,61,34,65,60,60,60,24,3,27,27,0,0],"gold":13,"neow_bonus":"THREE_ENEMY_KILL","is_daily":false,"chose_seed":false,"campfire_upgraded":2,"win_rate":0.0,"timestamp":1609156683,"path_taken":["M","?","$","M","$","R","E","M","T","?","?","?","?","?","R","BOSS","M","?","?","M","?","R","?","M"],"items_purchased_type":["Potion","Card","Relic"],"build_version":"2020-12-22","purchased_purges":1,"victory":false,"max_hp_per_floor":[75,75,75,75,75,75,75,75,75,75,75,75,75,75,75,75,75,75,75,75,75,80,80,80,80,80],"card_choices":[{"not_picked":["Dark Embrace","Headbutt"],"picked":"Twin Strike","floor":1.0},{"not_picked":["Sentinel","Blood for Blood"],"picked":"Fire Breathing","floor":4.0},{"not_picked":["Whirlwind","Armaments"],"picked":"Disarm","floor":7.0},{"not_picked":["Anger","Iron Wave"],"picked":"Spot Weakness","floor":8.0},{"not_picked":["Pummel","Wild Strike"],"picked":"Ghostly Armor","floor":12.0},{"not_picked":["Double Tap","Immolate"],"picked":"Barricade","floor":16.0},{"not_picked":["Whirlwind","Sword Boomerang"],"picked":"Shrug It Off+1","floor":18.0},{"not_picked":["Blood for Blood+1","Evolve"],"picked":"Anger","floor":21}],"player_experience":1980918,"relics_obtained":[{"floor":7.0,"key":"Magic Flower"},{"floor":9.0,"key":"Old Coin"},{"floor":11.0,"key":"HornCleat"}],"event_choices":[{"damage_healed":0.0,"max_hp_gain":0.0,"max_hp_loss":0.0,"gold_gain":0.0,"event_name":"Shining Light","player_choice":"Entered Light","floor":2.0,"gold_loss":0.0,"damage_taken":23.0,"cards_upgraded":["Strike_R","Defend_R"]},{"cards_removed":["Strike_R"],"damage_healed":0.0,"max_hp_gain":0.0,"max_hp_loss":0.0,"gold_gain":0.0,"event_name":"The Cleric","player_choice":"Card Removal","floor":10.0,"gold_loss":75.0,"damage_taken":0.0},{"damage_healed":0.0,"max_hp_gain":0.0,"max_hp_loss":0.0,"gold_gain":0.0,"event_name":"Dead Adventurer","player_choice":"Searched \u00272\u0027 times","floor":12.0,"gold_loss":0.0,"damage_taken":0.0,"relics_obtained":["Incense Burner"]},{"damage_healed":0.0,"max_hp_gain":0.0,"max_hp_loss":0.0,"gold_gain":0.0,"event_name":"Accursed Blacksmith","player_choice":"Forge","floor":14.0,"gold_loss":0.0,"damage_taken":0.0,"cards_upgraded":["Enlightenment"]},{"damage_healed":0,"gold_gain":0,"player_choice":"Paid Fearfully","damage_taken":0,"max_hp_gain":0,"max_hp_loss":0,"event_name":"Masked Bandits","floor":20,"gold_loss":52},{"damage_healed":0,"gold_gain":0,"player_choice":"Shed Blood","damage_taken":26,"max_hp_gain":5,"max_hp_loss":0,"event_name":"Forgotten Altar","floor":22,"gold_loss":0}],"is_beta":false,"boss_relics":[{"not_picked":["Ectoplasm","Runic Cube"],"picked":"SacredBark"}],"items_purged_floors":[13],"is_endless":false,"potions_floor_spawned":[1,4,21],"killed_by":"Snake Plant","ascension_level":17}}