{"host":"j6locglyv7e0c0tm","time":1609191070,"event":{"mods":["BaseMod","Better Altar","Better Match","Better Note","Better Sensory Stone","Better Skull","Better Third Choice","Better Vampires","BetterRewards","Card Forge","Colored Powertips","Custom Start","DeckTracker","Downfall","Googly Eyes","Hermit","Highlight Path","Jorbs\u0027s Wanderer Trilogy","Marked Mod","Minty Spire (QoL Compilation)","Relic Stats","Replay The Spire","Shade Mod","Shop Mod","StSLib","Swap Starting Deck Mod","The Runesmith","TheFirefly"],"gold_per_floor":[113,12,24,35,87,87,98,116,116,116,131,165,165,194,194,289,289,305,322,19,19,19,47,47,47,70,86,86,102,117,143,143,243,243,254,272,48,48,59,59,59],"floor_reached":40,"playtime":2042,"items_purged":["Strike_B"],"score":420,"play_id":"f4cf9a74-14c7-4af2-b66e-8493c4158a6b","local_time":"20201229083110","is_ascension_mode":false,"campfire_choices":[{"data":"Hologram","floor":6.0,"key":"SMITH"},{"data":"Zap","floor":10.0,"key":"SMITH"},{"floor":15.0,"key":"RECALL"},{"floor":24,"key":"REST"},{"data":"Echo Form","floor":28,"key":"SMITH"},{"data":"Genetic Algorithm","floor":32,"key":"SMITH"}],"circlet_count":0,"master_deck":["Strike_B","Strike_B","Defend_B","Defend_B","Defend_B","Defend_B","Zap+1","Dualcast","Hologram+1","Cold Snap","Chill","Conserve Battery","Blizzard","Hologram","Leap","Echo Form+1","Ball Lightning","Apotheosis+1","Ball Lightning","Genetic Algorithm+1","Electrodynamics","Lockon","Tempest","Gash","Ball Lightning","Writhe","Tempest"],"relics":["Cracked Core","Hammer of Thor","Seething Fire","Anvil of the Gods","NeowsBlessing","Meat on the Bone","Ornamental Fan","Mercury Hourglass","Toy Ornithopter","Runic Pyramid","TungstenRod","CaptainsWheel","Centennial Puzzle","Ancient Tea Set"],"acts_visited":["Exordium","TheCity","TheBeyond"],"potions_floor_usage":[22,35,35,40,40],"damage_taken":[{"damage":0.0,"enemies":"Small Slimes","floor":1.0,"turns":1.0},{"damage":0.0,"enemies":"Cultist","floor":3.0,"turns":1.0},{"damage":0.0,"enemies":"Jaw Worm","floor":4.0,"turns":1.0},{"damage":13.0,"enemies":"Exordium Thugs","floor":7.0,"turns":6.0},{"damage":3.0,"enemies":"Blue Slaver","floor":8.0,"turns":4.0},{"damage":1.0,"enemies":"Red Slaver","floor":11.0,"turns":3.0},{"damage":4.0,"enemies":"Replay:BlueRogue","floor":12.0,"turns":8.0},{"damage":1.0,"enemies":"3 Sentries","floor":14.0,"turns":4.0},{"damage":59.0,"enemies":"Hexaghost","floor":16.0,"turns":12.0},{"damage":8,"enemies":"Chosen","floor":18,"turns":5},{"damage":12,"enemies":"Shell Parasite","floor":19,"turns":6},{"damage":0,"enemies":"Snecko","floor":22,"turns":1},{"damage":14,"enemies":"Replay:Snechameleon","floor":23,"turns":6},{"damage":8,"enemies":"Cultist and Chosen","floor":27,"turns":6},{"damage":33,"enemies":"Snake Plant","floor":29,"turns":5},{"damage":9,"enemies":"Snecko","floor":30,"turns":6},{"damage":10,"enemies":"Champ","floor":33,"turns":12},{"damage":0,"enemies":"Orb Walker","floor":35,"turns":3},{"damage":0,"enemies":"3 Shapes","floor":36,"turns":5},{"damage":20,"enemies":"Jaw Worm Horde","floor":39,"turns":5},{"damage":71,"enemies":"Giant Head","floor":40,"turns":9}],"seed_played":"2849190106380714594","potions_obtained":[{"floor":4.0,"key":"LifebloodPotion"},{"floor":5.0,"key":"SmokeBomb"},{"floor":7.0,"key":"SpeedPotion"},{"floor":14.0,"key":"FearPotion"},{"floor":16.0,"key":"Fire Potion"},{"floor":18,"key":"Dexterity Potion"},{"floor":30,"key":"champ:CounterPotion"},{"floor":35,"key":"Elixir"}],"is_trial":false,"path_per_floor":["M","?","M","M","?","R","M","M","T","R","M","E","?","E","R","B",null,"M","M","$","?","M","E","R","$","T","M","R","M","M","T","R","B",null,"M","M","$","?","M","E"],"character_chosen":"DEFECT","items_purchased":["TungstenRod","Gash","Ball Lightning","Block Potion"],"campfire_rested":1,"item_purchase_floors":[20,37,37,37],"current_hp_per_floor":[75,75,75,75,75,75,62,59,59,59,58,54,54,53,53,16,75,67,55,55,55,60,46,68,68,68,60,60,39,42,42,42,44,75,75,75,75,75,55,0,0],"gold":59,"neow_bonus":"THREE_ENEMY_KILL","is_daily":false,"chose_seed":false,"campfire_upgraded":4,"win_rate":0.0,"timestamp":1609191070,"path_taken":["M","?","?","M","?","R","M","M","T","R","?","E","?","E","R","BOSS","M","M","$","?","M","E","R","$","T","M","R","M","M","?","R","BOSS","M","M","$","?","M","E"],"items_purchased_type":["Relic","Card","Card","Potion"],"build_version":"2020-12-22","purchased_purges":1,"victory":false,"max_hp_per_floor":[75,75,75,75,75,75,75,75,75,75,75,75,75,75,75,75,75,75,75,75,75,75,75,75,75,75,75,75,75,75,75,75,75,75,75,75,75,75,75,75,75],"relic_stats":{"Centennial Puzzle":[18],"counters":[21,109],"Ornamental Fan":[60],"obtain_stats":[{"NeowsBlessing":0,"Hammer of Thor":0,"Seething Fire":0,"Ancient Tea Set":31,"Mercury Hourglass":12,"CaptainsWheel":23,"Centennial Puzzle":26,"Anvil of the Gods":0,"Ornamental Fan":5,"Cracked Core":0,"Toy Ornithopter":14,"TungstenRod":20,"Meat on the Bone":2,"Runic Pyramid":17},{"NeowsBlessing":0,"Hammer of Thor":0,"Seething Fire":0,"Ancient Tea Set":16,"Mercury Hourglass":7,"CaptainsWheel":13,"Centennial Puzzle":13,"Anvil of the Gods":0,"Ornamental Fan":3,"Cracked Core":0,"Toy Ornithopter":8,"TungstenRod":11,"Meat on the Bone":1,"Runic Pyramid":9},{"NeowsBlessing":0,"Hammer of Thor":0,"Seething Fire":0,"Ancient Tea Set":75,"Mercury Hourglass":24,"CaptainsWheel":58,"Centennial Puzzle":58,"Anvil of the Gods":0,"Ornamental Fan":3,"Cracked Core":0,"Toy Ornithopter":28,"TungstenRod":51,"Meat on the Bone":1,"Runic Pyramid":40}],"Toy Ornithopter":25,"TungstenRod":24,"Meat on the Bone":48,"Mercury Hourglass":[247]},"card_choices":[{"not_picked":["Reprogram","Steam"],"picked":"Hologram","floor":1.0},{"not_picked":["ReplayTheSpireMod:Repulse","Steam"],"picked":"Cold Snap","floor":3.0},{"not_picked":["Tempest","Compile Driver"],"picked":"Chill","floor":4.0},{"not_picked":["ReplayRNGCard","Panic Button"],"picked":"Conserve Battery","floor":5.0},{"not_picked":["ReplayTheSpireMod:System Scan","Conserve Battery"],"picked":"Blizzard","floor":7.0},{"not_picked":["Auto Shields","Compile Driver","Force Field"],"picked":"SKIP","floor":8.0},{"not_picked":["Compile Driver","Double Energy","Reinforced Body"],"picked":"SKIP","floor":11.0},{"not_picked":["Rebound","Consume"],"picked":"Hologram","floor":12.0},{"not_picked":["BasicCrystalCard","Compile Driver"],"picked":"Leap","floor":14.0},{"not_picked":["Creative AI","Rainbow"],"picked":"Echo Form","floor":16.0},{"not_picked":["Melter+1","Steam Power"],"picked":"Ball Lightning","floor":18},{"not_picked":["Go for the Eyes+1","Force Field","Panic Button"],"picked":"SKIP","floor":19},{"not_picked":["Panic Button+1","Rebound"],"picked":"Ball Lightning","floor":23},{"not_picked":["Fusion","FTL+1","White Noise"],"picked":"SKIP","floor":27},{"not_picked":["Hologram","Cold Snap"],"picked":"Genetic Algorithm","floor":29},{"not_picked":["Aggregate","ReplayTheSpireMod:System Scan","Fusion"],"picked":"SKIP","floor":30},{"not_picked":["Rainbow","Mirror Shield"],"picked":"Electrodynamics","floor":33},{"not_picked":["Beam Cell+1","Leap+1"],"picked":"Lockon","floor":35},{"not_picked":["Barrage+1","Ball Lightning"],"picked":"Tempest","floor":36},{"not_picked":["Consume+1","FTL"],"picked":"Tempest","floor":39}],"player_experience":796102,"relics_obtained":[{"floor":5.0,"key":"Ornamental Fan"},{"floor":12.0,"key":"Mercury Hourglass"},{"floor":14.0,"key":"Toy Ornithopter"},{"floor":23,"key":"CaptainsWheel"},{"floor":26,"key":"Centennial Puzzle"},{"floor":31,"key":"Ancient Tea Set"}],"event_choices":[{"damage_healed":0.0,"max_hp_gain":0.0,"max_hp_loss":0.0,"gold_gain":0.0,"event_name":"WeMeetAgain","player_choice":"Paid Gold","floor":2.0,"gold_loss":101.0,"damage_taken":0.0,"relics_obtained":["Meat on the Bone"]},{"cards_removed":["Strike_B"],"damage_healed":0.0,"max_hp_gain":0.0,"max_hp_loss":0.0,"gold_gain":0.0,"event_name":"Purifier","player_choice":"Purged","floor":13.0,"gold_loss":0.0,"damage_taken":0.0},{"cards_removed":["Echo Form"],"damage_healed":0,"gold_gain":0,"player_choice":"Take \u0026 Give","damage_taken":0,"max_hp_gain":0,"max_hp_loss":0,"event_name":"betterNote:BetterNote","floor":21,"gold_loss":0,"cards_obtained":["Apotheosis"]},{"damage_healed":19,"gold_gain":0,"player_choice":"Writhe","damage_taken":0,"max_hp_gain":0,"max_hp_loss":0,"event_name":"Winding Halls","floor":38,"gold_loss":0,"cards_obtained":["Writhe"]}],"is_beta":false,"boss_relics":[{"not_picked":["Painkiller Herb","Kintsugi"],"picked":"Runic Pyramid"},{"not_picked":["Honey Jar","Pandora\u0027s Box","Abe\u0027s Treasure"]}],"items_purged_floors":[37],"is_endless":false,"potions_floor_spawned":[4,7,14,16,18,19,30,35],"killed_by":"Giant Head","ascension_level":0}}