{"host":"k0kjm4m87pwj4phr","time":1609151181,"event":{"mods":["BaseMod","Colored Map","Colored Powertips","Minty Spire (QoL Compilation)","Permanent Neow","Quick Restart","Relic Stats","StSLib","¡¾ÒÅÎï¿¨ÅÆ¡¿REMEMod","óô»ðÖ¸ÄÏ"],"gold_per_floor":[113,113,113,38,49,49,49,49],"floor_reached":7,"playtime":180,"items_purged":["Defend_G"],"score":78,"play_id":"ba7f3462-19c3-4acb-a110-7c71802f6aa7","local_time":"20201228182621","is_ascension_mode":true,"campfire_choices":[{"data":"Sucker Punch","floor":6,"key":"SMITH"}],"circlet_count":0,"master_deck":["AscendersBane","Strike_G","Strike_G","Strike_G","Strike_G","Defend_G","Defend_G","Survivor","Neutralize","Dropkick","Sucker Punch+1","Blade Dance"],"relics":["REME_ComplimentaryCards","Empty Cage"],"acts_visited":["Exordium"],"potions_floor_usage":[],"damage_taken":[{"damage":17,"enemies":"Jaw Worm","floor":1,"turns":5},{"damage":4,"enemies":"2 Louse","floor":5,"turns":3},{"damage":0,"enemies":"Gremlin Nob","floor":7,"turns":1}],"seed_played":"-2758107105205201384","potions_obtained":[{"floor":1,"key":"REME_GoldPotion"},{"floor":5,"key":"ColorlessPotion"}],"is_trial":false,"path_per_floor":["M","?","?","$","M","R","E"],"character_chosen":"THE_SILENT","items_purchased":[],"campfire_rested":0,"item_purchase_floors":[],"current_hp_per_floor":[42,42,42,42,38,38,38,38],"gold":49,"neow_bonus":"BOSS_RELIC","is_daily":false,"chose_seed":false,"campfire_upgraded":1,"win_rate":0.0,"timestamp":1609151181,"path_taken":["M","?","?","$","M","R","E"],"items_purchased_type":[],"build_version":"2020-12-22","purchased_purges":1,"victory":false,"max_hp_per_floor":[66,66,66,66,66,66,66,66],"relic_stats":{"counters":[3,9],"obtain_stats":[{"Empty Cage":0,"Ring of the Snake":0,"REME_ComplimentaryCards":0},{"Empty Cage":0,"Ring of the Snake":0,"REME_ComplimentaryCards":0},{"Empty Cage":0,"Ring of the Snake":0,"REME_ComplimentaryCards":0}]},"card_choices":[{"not_picked":["Cloak And Dagger","Dodge and Roll"],"picked":"Sucker Punch","floor":1},{"not_picked":["Dodge and Roll","Prepared"],"picked":"Blade Dance","floor":5}],"player_experience":434325,"relics_obtained":[],"event_choices":[{"damage_healed":0,"gold_gain":0,"player_choice":"Ignored","damage_taken":0,"max_hp_gain":0,"max_hp_loss":0,"event_name":"Liars Game","floor":2,"gold_loss":0},{"cards_removed":["Strike_G"],"damage_healed":0,"gold_gain":0,"player_choice":"Forget","damage_taken":0,"max_hp_gain":0,"max_hp_loss":0,"event_name":"Living Wall","floor":3,"gold_loss":0}],"is_beta":false,"boss_relics":[],"items_purged_floors":[4],"is_endless":false,"potions_floor_spawned":[1,5],"killed_by":"Gremlin Nob","ascension_level":20}}