{"host":"a0d98l75j0h1o085","time":1609177502,"event":{"mods":["AlwaysNeverKeys","BaseMod","Downfall","Highlight Path","Minty Spire (QoL Compilation)","StSLib"],"gold_per_floor":[99,110,285,303,321,350,350,350,350,350,260,285,285,302,314,411,411,411,423,423,435,435,435,481,481,492,520,329,329,364,391,403,506,506,281,298,64,64,77,77,77,127,155,171,251,306,155,170,186,186,186,220,77,77,77],"floor_reached":56,"playtime":9167,"items_purged":["Doubt","Shame"],"score":1316,"play_id":"3e6145f7-edb3-46d1-809c-9e4bdd2bd231","local_time":"20201228174502","is_ascension_mode":true,"campfire_choices":[{"data":"hexamod:Float","floor":1.0,"key":"SMITH"},{"data":"hexamod:Sear","floor":10.0,"key":"SMITH"},{"data":"hexamod:Defend","floor":13.0,"key":"SMITH"},{"data":"hexamod:Defend","floor":18.0,"key":"SMITH"},{"floor":29.0,"key":"RECALL"},{"data":"hexamod:SearingWound","floor":35.0,"key":"SMITH"},{"data":"hexamod:EmpoweredFlame","floor":40.0,"key":"SMITH"},{"data":"hexamod:EmpoweringStance","floor":54,"key":"SMITH"}],"circlet_count":0,"master_deck":["hexamod:Strike+1","hexamod:Strike+1","hexamod:Defend+1","hexamod:Defend+1","hexamod:Sear+1","hexamod:Float+1","hexamod:FastForward","hexamod:SearingWound+1","hexamod:NightmareGuise","hexamod:WildfireWeapon","hexamod:TurnItUp","hexamod:Incineration+1","hexamod:FastForward+1","hexamod:FirstSeal","hexamod:EmpoweredFlame+1","hexamod:EmpoweredFlame","hexamod:FlamesFromBeyond","hexamod:EmpoweringStance+1","hexamod:Hexaguard+1","hexamod:Firestarter+1","hexamod:RadiantFlame","Panache"],"relics":["hexamod:SpiritBrand","Gremlin Horn","White Beast Statue","downfall:ShatteredFragment","Tiny Chest","Astrolabe","Potion Belt","Pear","Singing Bowl","Lantern","Oddly Smooth Stone","Empty Cage","downfall:HeartBlessingRed","downfall:HeartBlessingGreen","downfall:HeartBlessingBlue","Chemical X","Unceasing Top","Ice Cream","Mummified Hand","Toy Ornithopter","Eternal Feather","Gambling Chip","Strawberry","Molten Egg 2","Sundial","Medical Kit"],"acts_visited":["Exordium","TheCity","TheBeyond","TheEnding"],"potions_floor_usage":[55,55,55,55,55],"damage_taken":[{"damage":0.0,"enemies":"2 Louse","floor":2.0,"turns":3.0},{"damage":0.0,"enemies":"Small Slimes","floor":4.0,"turns":4.0},{"damage":3.0,"enemies":"Jaw Worm","floor":5.0,"turns":4.0},{"damage":6.0,"enemies":"Lagavulin","floor":6.0,"turns":6.0},{"damage":0.0,"enemies":"downfall:FleeingMerchant","floor":11.0,"turns":4.0},{"damage":5.0,"enemies":"3 Sentries","floor":12.0,"turns":5.0},{"damage":0.0,"enemies":"Large Slime","floor":14.0,"turns":4.0},{"damage":1.0,"enemies":"2 Fungi Beasts","floor":15.0,"turns":3.0},{"damage":21.0,"enemies":"downfall:Silent","floor":16.0,"turns":6.0},{"damage":4.0,"enemies":"3 Byrds","floor":19.0,"turns":4.0},{"damage":4.0,"enemies":"Chosen","floor":21.0,"turns":3.0},{"damage":2.0,"enemies":"Centurion and Healer","floor":26.0,"turns":5.0},{"damage":9.0,"enemies":"Book of Stabbing","floor":27.0,"turns":3.0},{"damage":3.0,"enemies":"downfall:FleeingMerchant","floor":28.0,"turns":4.0},{"damage":79.0,"enemies":"Slavers","floor":30.0,"turns":8.0},{"damage":2.0,"enemies":"Snake Plant","floor":32.0,"turns":3.0},{"damage":2.0,"enemies":"downfall:Defect","floor":33.0,"turns":6.0},{"damage":4.0,"enemies":"Orb Walker","floor":36.0,"turns":3.0},{"damage":0.0,"enemies":"downfall:FleeingMerchant","floor":37.0,"turns":4.0},{"damage":0.0,"enemies":"3 Darklings","floor":39.0,"turns":4.0},{"damage":14.0,"enemies":"Mind Bloom Boss Battle","floor":42.0,"turns":4.0},{"damage":25.0,"enemies":"Reptomancer","floor":43.0,"turns":4.0},{"damage":3.0,"enemies":"downfall:FleeingMerchant","floor":44.0,"turns":3.0},{"damage":4.0,"enemies":"2 Orb Walkers","floor":46.0,"turns":3.0},{"damage":13.0,"enemies":"Maw","floor":48.0,"turns":5.0},{"damage":0,"enemies":"Maw","floor":49,"turns":4},{"damage":15,"enemies":"downfall:Watcher","floor":50,"turns":5},{"damage":32,"enemies":"downfall:CharBossMerchant","floor":52,"turns":6},{"damage":71,"enemies":"downfall:NeowBoss","floor":55,"turns":21}],"seed_played":"576994057112671619","potions_obtained":[{"floor":0.0,"key":"champ:CounterPotion"},{"floor":0.0,"key":"hexamod:EctoCoolerPotion"},{"floor":0.0,"key":"Guardian:BlockOnCardUsePotion"},{"floor":6.0,"key":"FearPotion"},{"floor":11.0,"key":"AttackPotion"},{"floor":12.0,"key":"CultistPotion"},{"floor":14.0,"key":"CultistPotion"},{"floor":15.0,"key":"Strength Potion"},{"floor":16.0,"key":"SteroidPotion"},{"floor":21.0,"key":"Block Potion"},{"floor":26.0,"key":"Energy Potion"},{"floor":27.0,"key":"SmokeBomb"},{"floor":28.0,"key":"Weak Potion"},{"floor":30.0,"key":"AttackPotion"},{"floor":32.0,"key":"Block Potion"},{"floor":33.0,"key":"Block Potion"},{"floor":36.0,"key":"DuplicationPotion"},{"floor":39.0,"key":"Energy Potion"},{"floor":42.0,"key":"ColorlessPotion"},{"floor":43.0,"key":"Strength Potion"},{"floor":44.0,"key":"SpeedPotion"},{"floor":46.0,"key":"Fire Potion"},{"floor":48,"key":"sneckomod:MuddlingPotion"},{"floor":52,"key":"LiquidBronze"}],"is_trial":false,"path_per_floor":["R","M","?","M","M","E","T","?","?","R","$","E","R","M","M","B",null,"R","M","?","M","?","?","T","T","M","E","$","R","E","T","M","B",null,"R","M","$","?","M","R","T","?","E","$","T","?","$","M","M","B",null,"E","$","R","B",null],"character_chosen":"THE_SPIRIT","items_purchased":["hexamod:EmpoweredFlame","Chemical X","hexamod:RadiantFlame","Toy Ornithopter","Panache","Strawberry","Medical Kit"],"campfire_rested":0,"item_purchase_floors":[28,37,37,44,44,47,53],"current_hp_per_floor":[70,70,70,70,67,61,61,40,45,45,45,40,40,40,39,18,75,75,71,71,67,67,67,67,77,82,82,88,88,9,9,9,7,91,101,97,97,97,103,103,103,91,75,81,81,84,91,90,99,91,120,97,97,109,61],"gold":77,"neow_bonus":"THREE_SMALL_POTIONS","is_daily":false,"chose_seed":false,"campfire_upgraded":7,"win_rate":0.0,"timestamp":1609177502,"path_taken":["R","M","?","M","M","E","T","?","?","R","$","E","R","M","M","BOSS","R","M","?","M","?","?","T","?","M","E","$","R","E","?","M","BOSS","R","M","$","?","M","R","T","?","E","$","?","?","?","?","M","BOSS","E","$","R","BOSS"],"items_purchased_type":["Card","Relic","Card","Relic","Card","Relic","Relic"],"build_version":"2020-12-22","purchased_purges":2,"victory":true,"max_hp_per_floor":[70,70,70,70,70,70,70,70,75,75,75,75,75,75,75,75,75,75,75,75,75,75,75,75,85,85,87,89,89,89,89,91,91,91,101,101,101,101,103,103,103,105,107,109,109,111,118,118,120,120,120,122,122,122,122],"card_choices":[{"not_picked":["hexamod:AdvancingGuard","hexamod:InspiringFlames"],"picked":"hexamod:FastForward","floor":2.0},{"not_picked":["hexamod:BacktrackSmack","hexamod:HeatMetal","hexamod:SwordOfDarkness"],"picked":"SKIP","floor":4.0},{"not_picked":["hexamod:ThirdSeal","hexamod:Firestarter"],"picked":"hexamod:SearingWound","floor":5.0},{"not_picked":["hexamod:RetreatToShadows","hexamod:RainOfEmbers","hexamod:Firestarter"],"picked":"SKIP","floor":6.0},{"not_picked":["hexamod:GhostLash","hexamod:RetreatToShadows","hexamod:Firestarter"],"picked":"SKIP","floor":11.0},{"not_picked":["hexamod:BacktrackSmack","hexamod:ShieldOfDarkness","hexamod:RainOfEmbers"],"picked":"SKIP","floor":12.0},{"not_picked":["hexamod:GhostShield","hexamod:SwordOfDarkness"],"picked":"hexamod:NightmareGuise","floor":14.0},{"not_picked":["hexamod:SwordOfDarkness","hexamod:HauntingEcho"],"picked":"hexamod:WildfireWeapon","floor":15.0},{"not_picked":["hexamod:SearingWound","hexamod:TimeWarp"],"picked":"hexamod:TurnItUp","floor":16.0},{"not_picked":["hexamod:Again","hexamod:SoulSteal"],"picked":"hexamod:AdvancingGuard","floor":19.0},{"not_picked":["hexamod:ThermalTransfer","hexamod:HauntingEcho","hexamod:NecessarySacrifice"],"picked":"SKIP","floor":21.0},{"not_picked":["hexamod:RainOfEmbers","hexamod:PhantomFireball","hexamod:BacktrackSmack"],"picked":"SKIP","floor":26.0},{"not_picked":["hexamod:NightmareStrike+1","hexamod:NightmareGuise","hexamod:GhostOfSpirePast"],"picked":"Singing Bowl","floor":27.0},{"not_picked":["hexamod:Firestarter+1","hexamod:SwordOfDarkness","hexamod:GhostOfSpirePast"],"picked":"Singing Bowl","floor":28.0},{"not_picked":["hexamod:NecessarySacrifice+1","hexamod:ShieldOfDarkness"],"picked":"hexamod:FlamesFromBeyond","floor":30.0},{"not_picked":["hexamod:SpectralSpark+1","hexamod:RecurringNightmare","hexamod:GhostLash"],"picked":"Singing Bowl","floor":32.0},{"not_picked":["hexamod:WildfireWeapon","hexamod:TimeWarp"],"picked":"hexamod:EmpoweringStance","floor":33.0},{"not_picked":["hexamod:SwordOfDarkness+1","hexamod:HauntingEcho+1"],"picked":"hexamod:Hexaguard+1","floor":36.0},{"not_picked":["hexamod:CatchUp+1","hexamod:Incineration+1"],"picked":"hexamod:Firestarter+1","floor":37.0},{"not_picked":["hexamod:SwordOfDarkness+1","hexamod:NecessarySacrifice+1","hexamod:UnleashSpirits"],"picked":"Singing Bowl","floor":39.0},{"not_picked":["hexamod:FourthSeal","hexamod:Hexaguard","hexamod:HeatMetal+1"],"picked":"Singing Bowl","floor":42.0},{"not_picked":["hexamod:BacktrackSmack","hexamod:SwordOfDarkness+1","hexamod:TurnItUp"],"picked":"Singing Bowl","floor":43.0},{"not_picked":["hexamod:HauntingEcho","hexamod:BurningTouch","hexamod:RainOfEmbers"],"picked":"Singing Bowl","floor":44.0},{"not_picked":["hexamod:Firestarter+1","hexamod:NightmareGuise","hexamod:StepThrough+1"],"picked":"Singing Bowl","floor":46.0},{"not_picked":["hexamod:HauntingEcho+1","hexamod:NightmareStrike+1","hexamod:Firestarter+1"],"picked":"Singing Bowl","floor":49},{"not_picked":["hexamod:PowerFromBeyond","hexamod:AdvancingGuard","hexamod:GhostShield+1"],"picked":"Singing Bowl","floor":52}],"player_experience":788933,"relics_obtained":[{"floor":6.0,"key":"Gremlin Horn"},{"floor":7.0,"key":"White Beast Statue"},{"floor":12.0,"key":"Tiny Chest"},{"floor":25.0,"key":"Pear"},{"floor":27.0,"key":"Singing Bowl"},{"floor":30.0,"key":"Lantern"},{"floor":31.0,"key":"Oddly Smooth Stone"},{"floor":41.0,"key":"Unceasing Top"},{"floor":42.0,"key":"Ice Cream"},{"floor":43.0,"key":"Mummified Hand"},{"floor":45.0,"key":"Eternal Feather"},{"floor":46.0,"key":"Gambling Chip"},{"floor":48,"key":"Molten Egg 2"},{"floor":52,"key":"Sundial"}],"event_choices":[{"damage_healed":0.0,"max_hp_gain":5.0,"max_hp_loss":0.0,"gold_gain":0.0,"event_name":"Big Fish","player_choice":"Donut","floor":9.0,"gold_loss":0.0,"damage_taken":0.0},{"damage_healed":0.0,"max_hp_gain":0.0,"max_hp_loss":0.0,"gold_gain":0.0,"event_name":"The Library","player_choice":"Read","floor":20.0,"gold_loss":0.0,"damage_taken":0.0,"cards_obtained":["hexamod:EmpoweredFlame"]},{"damage_healed":0.0,"max_hp_gain":0.0,"max_hp_loss":0.0,"gold_gain":0.0,"event_name":"Back to Basics","player_choice":"Simplicity","floor":22.0,"gold_loss":0.0,"damage_taken":0.0,"cards_upgraded":["hexamod:Strike","hexamod:Strike","hexamod:Strike"]},{"damage_healed":0.0,"max_hp_gain":0.0,"max_hp_loss":0.0,"gold_gain":0.0,"event_name":"Addict","player_choice":"Stole Relic","floor":23.0,"gold_loss":0.0,"damage_taken":0.0,"relics_obtained":["Potion Belt"],"cards_obtained":["Shame"]},{"damage_healed":0.0,"max_hp_gain":0.0,"max_hp_loss":0.0,"gold_gain":0.0,"event_name":"Mysterious Sphere","player_choice":"Fight","floor":46.0,"gold_loss":0.0,"damage_taken":0.0}],"is_beta":false,"boss_relics":[{"not_picked":["Fusion Hammer","Busted Crown"],"picked":"Astrolabe"},{"not_picked":["Pandora\u0027s Box","Runic Pyramid"],"picked":"Empty Cage"}],"items_purged_floors":[11,28],"is_endless":false,"potions_floor_spawned":[6,11,12,14,15,16,19,21,26,27,28,30,32,33,36,37,39,42,43,44,46,48,52],"ascension_level":1}}