{"host":"uwh382mre4waz4ff","time":1609176937,"event":{"mods":["AchievementEnabler","BaseMod","Better Note","Better Third Choice","BetterRewards","Gremlin Mod","Minty Spire (QoL Compilation)","Quick Restart","Shop Mod","StSLib"],"gold_per_floor":[109,109,124,74,87,114,132,132,132,132,151,183,183,194,194,289,289,299,21,41,41,58,58,86,86,86,101,101,115,146,157,157,255,255,266,51,61,71,126,154,154,188,188,205,115,115,126,139,139,139,139,139,17,42,42],"floor_reached":56,"playtime":4209,"items_purged":["Gremlin:Strike","Gremlin:Strike+1","Gremlin:GremlinDance"],"score":1436,"play_id":"5b5e2bab-d243-4588-baae-1499e1ec0f4f","local_time":"20201229013537","is_ascension_mode":false,"campfire_choices":[{"data":"Gremlin:FairyDust","floor":10,"key":"SMITH"},{"data":"Gremlin:GlitterGuard","floor":13,"key":"SMITH"},{"data":"Gremlin:SecondVolley","floor":15,"key":"SMITH"},{"data":"Gremlin:Wizardry","floor":23,"key":"SMITH"},{"data":"Gremlin:Polish","floor":28,"key":"SMITH"},{"data":"Gremlin:Revel","floor":32,"key":"SMITH"},{"data":"Master of Strategy","floor":41,"key":"SMITH"},{"data":"Gremlin:ShadowShiv","floor":46,"key":"SMITH"},{"floor":49,"key":"RECALL"},{"data":"Gremlin:Defend","floor":52,"key":"SMITH"}],"circlet_count":0,"master_deck":["Gremlin:Defend","Gremlin:Defend+1","Gremlin:Defend+1","Gremlin:TagTeam+1","Gremlin:SecondVolley+1","Gremlin:Necromancy+1","Gremlin:Pretaliation+1","Gremlin:AggressiveDefense+1","Gremlin:FairyDust+1","Gremlin:Exacerbate+1","Gremlin:Pretaliation+1","Gremlin:GlitterGuard+1","Gremlin:ShadowShiv+1","Master of Strategy+1","Gremlin:Wizardry+1","Gremlin:Polish+1","Gremlin:Pinprick+1","Gremlin:FairyDust+1","Gremlin:Flurry+1","Gremlin:Revel+1","Gremlin:EdibleArmor+1","Gremlin:Wizardry","Gremlin:InfiniteBlocks+1","Gremlin:ProperTools+1","Gremlin:BubbleBarrier+1","Gremlin:BubbleBarrier+1"],"relics":["Gremlin:GremlinKnob","Molten Egg 2","Letter Opener","InkBottle","Nunchaku","Vajra","The Courier","Matryoshka","Runic Dome","Mummified Hand","Potion Belt","White Beast Statue","Kunai","Coffee Dripper","Bag of Marbles","Meat on the Bone","Mercury Hourglass","Pen Nib","Pear","Medical Kit","Bottled Tornado"],"acts_visited":["Exordium","TheCity","TheBeyond","TheEnding"],"potions_floor_usage":[6,14,24,24,30,40,55,55,55,55,55,55,55],"damage_taken":[{"damage":0,"enemies":"Small Slimes","floor":1,"turns":3},{"damage":0,"enemies":"Cultist","floor":3,"turns":3},{"damage":0,"enemies":"2 Louse","floor":5,"turns":2},{"damage":0,"enemies":"Gremlin Nob","floor":6,"turns":2},{"damage":0,"enemies":"Blue Slaver","floor":7,"turns":2},{"damage":0,"enemies":"Large Slime","floor":11,"turns":2},{"damage":4,"enemies":"Lagavulin","floor":12,"turns":5},{"damage":0,"enemies":"Lots of Slimes","floor":14,"turns":1},{"damage":0,"enemies":"Slime Boss","floor":16,"turns":6},{"damage":0,"enemies":"Shell Parasite","floor":18,"turns":2},{"damage":1,"enemies":"Chosen","floor":20,"turns":3},{"damage":0,"enemies":"Snecko","floor":22,"turns":2},{"damage":29,"enemies":"Slavers","floor":24,"turns":4},{"damage":0,"enemies":"Centurion and Healer","floor":27,"turns":2},{"damage":0,"enemies":"Chosen and Byrds","floor":29,"turns":1},{"damage":0,"enemies":"Book of Stabbing","floor":30,"turns":2},{"damage":0,"enemies":"3 Cultists","floor":31,"turns":1},{"damage":0,"enemies":"Automaton","floor":33,"turns":4},{"damage":11,"enemies":"3 Shapes","floor":35,"turns":2},{"damage":0,"enemies":"Orb Walker","floor":37,"turns":1},{"damage":0,"enemies":"4 Shapes","floor":38,"turns":1},{"damage":0,"enemies":"Reptomancer","floor":40,"turns":2},{"damage":0,"enemies":"Giant Head","floor":42,"turns":3},{"damage":0,"enemies":"Spire Growth","floor":44,"turns":1},{"damage":0,"enemies":"Jaw Worm Horde","floor":47,"turns":1},{"damage":15,"enemies":"Writhing Mass","floor":48,"turns":3},{"damage":11,"enemies":"Donu and Deca","floor":50,"turns":2},{"damage":0,"enemies":"Shield and Spear","floor":54,"turns":3},{"damage":10,"enemies":"The Heart","floor":55,"turns":5}],"seed_played":"4132057233456581337","potions_obtained":[{"floor":1,"key":"FearPotion"},{"floor":3,"key":"GamblersBrew"},{"floor":6,"key":"DistilledChaos"},{"floor":12,"key":"Swift Potion"},{"floor":14,"key":"FearPotion"},{"floor":16,"key":"CultistPotion"},{"floor":18,"key":"Weak Potion"},{"floor":24,"key":"Fire Potion"},{"floor":27,"key":"PowerPotion"},{"floor":29,"key":"EntropicBrew"},{"floor":30,"key":"Ancient Potion"},{"floor":31,"key":"LiquidMemories"},{"floor":33,"key":"SpeedPotion"},{"floor":35,"key":"BlessingOfTheForge"},{"floor":37,"key":"Regen Potion"},{"floor":40,"key":"LiquidMemories"},{"floor":42,"key":"SkillPotion"},{"floor":44,"key":"Block Potion"},{"floor":47,"key":"BlessingOfTheForge"},{"floor":54,"key":"DistilledChaos"}],"is_trial":false,"path_per_floor":["M","?","M","?","M","E","M","?","T","R","M","E","R","M","R","B",null,"M","$","M","?","M","R","E","?","T","M","R","M","E","M","R","B",null,"M","$","M","M","T","E","R","E","T","M","?","R","M","M","R","B",null,"R","$","E","B",null],"character_chosen":"GREMLIN","items_purchased":["Master of Strategy","Gremlin:Wizardry","Bag of Marbles","Medical Kit"],"campfire_rested":0,"item_purchase_floors":[19,19,36,53],"current_hp_per_floor":[20,20,20,20,20,20,20,16,16,16,16,7,7,16,16,20,20,20,20,20,20,20,20,12,12,12,20,20,20,12,20,20,12,20,20,20,20,9,9,20,20,20,22,22,22,22,22,22,22,22,22,22,22,22,22],"gold":42,"neow_bonus":"","is_daily":false,"chose_seed":false,"campfire_upgraded":9,"win_rate":0.0,"timestamp":1609176937,"path_taken":["M","?","?","?","M","E","M","?","T","R","M","E","R","M","R","BOSS","M","$","M","?","M","R","E","?","T","M","R","M","E","M","R","BOSS","M","$","M","M","?","E","R","E","T","M","?","R","?","M","R","BOSS","R","$","E","BOSS"],"items_purchased_type":["Card","Card","Relic","Relic"],"build_version":"2020-12-22","purchased_purges":3,"victory":true,"max_hp_per_floor":[20,20,20,20,20,20,20,20,20,20,20,20,20,20,20,20,20,20,20,20,20,20,20,20,20,20,20,20,20,20,20,20,20,20,20,20,20,20,20,20,20,20,22,22,22,22,22,22,22,22,22,22,22,22,22],"card_choices":[{"not_picked":["Gremlin:Tricksy","Gremlin:Polish"],"picked":"Gremlin:Pretaliation+1","floor":1},{"not_picked":["Gremlin:GremlinArms","Gremlin:TwistTheKnife+1"],"picked":"Gremlin:AggressiveDefense+1","floor":3},{"not_picked":["Gremlin:FeelTheAudience+1","Gremlin:MakeshiftArmor"],"picked":"Gremlin:FairyDust","floor":5},{"not_picked":["Gremlin:Pinprick+1","Gremlin:Pickpocket+1"],"picked":"Gremlin:Exacerbate+1","floor":6},{"not_picked":["Gremlin:PourSalt+1","Gremlin:TwistTheKnife+1","Gremlin:Irritability"],"picked":"SKIP","floor":7},{"not_picked":["Gremlin:BubbleBarrier","Gremlin:Stupend+1"],"picked":"Gremlin:Pretaliation+1","floor":11},{"not_picked":["Gremlin:Changeo","Gremlin:Presto+1"],"picked":"Gremlin:GlitterGuard","floor":12},{"not_picked":["Gremlin:Tadah","Gremlin:ToeStub+1","Gremlin:GremlinOffensive+1"],"picked":"SKIP","floor":14},{"not_picked":["Gremlin:BrokenShin","Gremlin:Encore"],"picked":"Gremlin:ShadowShiv","floor":16},{"not_picked":["Gremlin:RageBreak+1","Gremlin:Enthusiasm","Gremlin:Jeer+1"],"picked":"SKIP","floor":18},{"not_picked":["Gremlin:CatScratch+1","Gremlin:PartyStick"],"picked":"Gremlin:Polish","floor":20},{"not_picked":["Gremlin:FollowThrough+1","Gremlin:BulkUp","Gremlin:GremlinArms"],"picked":"SKIP","floor":22},{"not_picked":["Gremlin:Tricksy","Gremlin:Irritability"],"picked":"Gremlin:Pinprick+1","floor":24},{"not_picked":["Gremlin:GlitterGuard+1","Gremlin:MakeshiftArmor"],"picked":"Gremlin:Flurry+1","floor":27},{"not_picked":["Gremlin:TwistTheKnife+1","Gremlin:Enthusiasm","Gremlin:GremlinArms"],"picked":"SKIP","floor":29},{"not_picked":["Gremlin:AggressiveDefense+1","Gremlin:Changeo","Gremlin:TwistTheKnife+1"],"picked":"SKIP","floor":30},{"not_picked":["Gremlin:Patsy+1","Gremlin:Tadah"],"picked":"Gremlin:Revel","floor":31},{"not_picked":["Gremlin:Glimmer+1","Gremlin:TwistTheKnife+1"],"picked":"Gremlin:EdibleArmor+1","floor":35},{"not_picked":["Gremlin:PourSalt+1","Gremlin:CatScratch+1"],"picked":"Gremlin:Wizardry","floor":37},{"not_picked":["Gremlin:DaggerDance+1","Gremlin:Wizardry+1"],"picked":"Gremlin:InfiniteBlocks+1","floor":38},{"not_picked":["Gremlin:Changeo","Gremlin:PourSalt+1","Gremlin:Glimmer+1"],"picked":"SKIP","floor":40},{"not_picked":["Gremlin:BulkUp+1","Gremlin:DaggerDance+1","Gremlin:InfiniteBlocks"],"picked":"SKIP","floor":42},{"not_picked":["Gremlin:Tadah","Gremlin:Glimmer+1"],"picked":"Gremlin:ProperTools+1","floor":44},{"not_picked":["Gremlin:ToeStub+1","Gremlin:Fury+1"],"picked":"Gremlin:BubbleBarrier+1","floor":47},{"not_picked":["Gremlin:ToeStub+1","Gremlin:TwistTheKnife+1","Gremlin:Heckle"],"picked":"SKIP","floor":48},{"not_picked":["Gremlin:Changeo+1","Gremlin:Mockery"],"picked":"Gremlin:BubbleBarrier+1","floor":54}],"player_experience":113222,"relics_obtained":[{"floor":6,"key":"Vajra"},{"floor":9,"key":"The Courier"},{"floor":12,"key":"Matryoshka"},{"floor":24,"key":"Mummified Hand"},{"floor":26,"key":"Potion Belt"},{"floor":26,"key":"White Beast Statue"},{"floor":30,"key":"Kunai"},{"floor":39,"key":"Meat on the Bone"},{"floor":40,"key":"Mercury Hourglass"},{"floor":42,"key":"Pen Nib"},{"floor":43,"key":"Pear"},{"floor":54,"key":"Bottled Tornado"}],"event_choices":[{"damage_healed":0,"gold_gain":0,"player_choice":"Forge","damage_taken":0,"max_hp_gain":0,"max_hp_loss":0,"event_name":"Accursed Blacksmith","floor":2,"gold_loss":0,"cards_upgraded":["Gremlin:TagTeam"]},{"cards_removed":["Gremlin:Strike"],"damage_healed":0,"gold_gain":0,"player_choice":"Card Removal","damage_taken":0,"max_hp_gain":0,"max_hp_loss":0,"event_name":"The Cleric","floor":4,"gold_loss":50},{"damage_healed":20,"gold_gain":0,"player_choice":"Upgrade","damage_taken":4,"max_hp_gain":0,"max_hp_loss":20,"event_name":"betterThird:BetterShining","floor":8,"gold_loss":0,"cards_upgraded":["Gremlin:Necromancy","Gremlin:Strike"]},{"cards_removed":["Gremlin:GremlinDance"],"damage_healed":0,"gold_gain":0,"player_choice":"Give","damage_taken":0,"max_hp_gain":0,"max_hp_loss":0,"event_name":"betterNote:BetterNote","floor":21,"gold_loss":0,"cards_obtained":["None"]},{"damage_healed":0,"gold_gain":0,"player_choice":"Copied","damage_taken":0,"max_hp_gain":0,"max_hp_loss":0,"event_name":"Duplicator","floor":25,"gold_loss":0,"cards_obtained":["Gremlin:FairyDust"]},{"cards_removed":["Gremlin:Defend"],"damage_healed":0,"gold_gain":0,"player_choice":"Upgrade and Remove","damage_taken":0,"max_hp_gain":0,"max_hp_loss":0,"event_name":"Designer","floor":45,"gold_loss":90,"cards_upgraded":["Gremlin:Defend"]}],"is_beta":false,"boss_relics":[{"not_picked":["Tiny House","Black Star"],"picked":"Runic Dome"},{"not_picked":["Busted Crown","Fusion Hammer"],"picked":"Coffee Dripper"}],"items_purged_floors":[0,19,36],"is_endless":false,"potions_floor_spawned":[1,3,6,12,14,16,18,24,27,29,30,31,33,35,37,38,40,42,44,47,48,54],"ascension_level":0}}