{"host":"xt3o4iokwksypl90","time":1609170467,"event":{"mods":["AchievementEnabler","BaseMod","Googly Eyes","Highlight Path","Minty Spire (QoL Compilation)","Permanent Neow"],"gold_per_floor":[111,127,127,137,153,153,179,195,495,524,368,381,202,231,231,336,336,352,352,15,33,51,77,93,93,93],"floor_reached":25,"playtime":2549,"items_purged":["Strike_G","Strike_G"],"score":379,"play_id":"48ca8227-2cf2-4a9b-8bb3-b794c4ecd45c","local_time":"20201228164747","is_ascension_mode":true,"campfire_choices":[{"data":"Deadly Poison","floor":6,"key":"SMITH"},{"floor":15,"key":"DIG"}],"circlet_count":0,"master_deck":["Strike_G","Strike_G","Strike_G","Defend_G","Defend_G","Defend_G","Defend_G","Defend_G","Survivor","Neutralize+1","Heel Hook","Backstab","Bane","Deadly Poison+1","Die Die Die","Deadly Poison","Sucker Punch","Footwork","Deflect","Footwork","Terror","Envenom","Blade Dance+1","Apotheosis","Envenom","Acrobatics+1","Crippling Poison+1","Outmaneuver+1"],"relics":["Ring of the Snake","PreservedInsect","Happy Flower","Old Coin","Mango","Shovel","Pantograph","Snecko Eye","DollysMirror","Bag of Marbles"],"acts_visited":["Exordium","TheCity"],"potions_floor_usage":[10,19,21,24,24],"damage_taken":[{"damage":4,"enemies":"Small Slimes","floor":1,"turns":4},{"damage":0,"enemies":"Cultist","floor":2,"turns":4},{"damage":1,"enemies":"2 Louse","floor":4,"turns":2},{"damage":16,"enemies":"Lots of Slimes","floor":5,"turns":4},{"damage":15,"enemies":"Lagavulin","floor":7,"turns":5},{"damage":0,"enemies":"2 Fungi Beasts","floor":8,"turns":2},{"damage":0,"enemies":"3 Sentries","floor":10,"turns":3},{"damage":9,"enemies":"Exordium Thugs","floor":12,"turns":3},{"damage":0,"enemies":"Gremlin Nob","floor":14,"turns":2},{"damage":21,"enemies":"The Guardian","floor":16,"turns":9},{"damage":22,"enemies":"Shell Parasite","floor":18,"turns":6},{"damage":11,"enemies":"2 Thieves","floor":21,"turns":3},{"damage":14,"enemies":"Centurion and Healer","floor":22,"turns":6},{"damage":36,"enemies":"Slavers","floor":23,"turns":5},{"damage":7,"enemies":"Snecko","floor":24,"turns":7},{"damage":14,"enemies":"Book of Stabbing","floor":25,"turns":4}],"seed_played":"-676117786692632551","potions_obtained":[{"floor":1,"key":"Poison Potion"},{"floor":4,"key":"Dexterity Potion"},{"floor":5,"key":"SmokeBomb"},{"floor":7,"key":"Explosive Potion"},{"floor":8,"key":"DuplicationPotion"},{"floor":19,"key":"Fruit Juice"},{"floor":19,"key":"Ancient Potion"},{"floor":22,"key":"Strength Potion"},{"floor":23,"key":"Regen Potion"}],"is_trial":false,"path_per_floor":["M","M","?","M","M","R","E","M","T","E","$","M","$","E","R","B",null,"M","?","$","M","M","E","M","E"],"character_chosen":"THE_SILENT","items_purchased":["Footwork","Footwork","Apotheosis","DollysMirror"],"campfire_rested":0,"item_purchase_floors":[11,13,20,20],"current_hp_per_floor":[66,66,66,65,49,49,34,34,34,48,48,39,39,39,39,43,84,62,67,67,56,42,6,14,0,0],"gold":93,"neow_bonus":"RANDOM_COMMON_RELIC","is_daily":false,"chose_seed":false,"campfire_upgraded":1,"win_rate":0.0,"timestamp":1609170467,"path_taken":["M","M","?","M","?","R","E","M","T","E","$","M","$","E","R","BOSS","M","?","$","?","M","E","M","E"],"items_purchased_type":["Card","Card","Card","Relic"],"build_version":"2020-12-22","purchased_purges":2,"victory":false,"max_hp_per_floor":[70,70,70,70,70,70,70,70,70,84,84,84,84,84,84,84,84,84,89,89,89,89,89,89,89,89],"card_choices":[{"not_picked":["Bane","Caltrops"],"picked":"Heel Hook","floor":1},{"not_picked":["Expertise","Infinite Blades"],"picked":"Backstab","floor":2},{"not_picked":["Setup","Expertise"],"picked":"Bane","floor":4},{"not_picked":["Acrobatics","Night Terror"],"picked":"Deadly Poison","floor":5},{"not_picked":["Escape Plan","Choke"],"picked":"Die Die Die","floor":7},{"not_picked":["Slice","Bane"],"picked":"Deadly Poison","floor":8},{"not_picked":["Prepared","Heel Hook"],"picked":"Sucker Punch","floor":10},{"not_picked":["Terror","Dagger Spray"],"picked":"Deflect","floor":12},{"not_picked":["Flying Knee","Setup"],"picked":"Terror","floor":14},{"not_picked":["Bullet Time","Corpse Explosion"],"picked":"Envenom","floor":16},{"not_picked":["PiercingWail","Dagger Throw"],"picked":"Blade Dance+1","floor":18},{"not_picked":["Deflect","Prepared+1"],"picked":"Acrobatics+1","floor":21},{"not_picked":["Footwork","Quick Slash"],"picked":"Crippling Poison+1","floor":22},{"not_picked":["Calculated Gamble","Grand Finale"],"picked":"Outmaneuver+1","floor":23},{"not_picked":["Noxious Fumes","Acrobatics","Sucker Punch"],"picked":"SKIP","floor":24}],"player_experience":217609,"relics_obtained":[{"floor":7,"key":"Happy Flower"},{"floor":9,"key":"Old Coin"},{"floor":10,"key":"Mango"},{"floor":14,"key":"Shovel"},{"floor":15,"key":"Pantograph"},{"floor":23,"key":"Bag of Marbles"}],"event_choices":[{"damage_healed":0,"gold_gain":0,"player_choice":"Forge","damage_taken":0,"max_hp_gain":0,"max_hp_loss":0,"event_name":"Accursed Blacksmith","floor":3,"gold_loss":0,"cards_upgraded":["Neutralize"]},{"damage_healed":0,"gold_gain":0,"player_choice":"Got Potions","damage_taken":0,"max_hp_gain":0,"max_hp_loss":0,"event_name":"Lab","floor":19,"gold_loss":0}],"is_beta":false,"boss_relics":[{"not_picked":["SacredBark","HoveringKite"],"picked":"Snecko Eye"}],"items_purged_floors":[11,13],"is_endless":false,"potions_floor_spawned":[1,4,5,7,8,22,23],"killed_by":"Book of Stabbing","ascension_level":4}}