{"host":"5fasz840ryq7obdf","time":1609164558,"event":{"mods":["AchievementEnabler","BaseMod","Bestiary","Better Altar","Better Skull","Better Third Choice","BetterRewards","Block Reminder","Colored Powertips","Curses Come First","Highlight Path","Minty Spire (QoL Compilation)","Quick Restart","Rare Cards Sparkle","Relic Sorter","Relic Stats","Replay The Spire","Shop Mod","Spicy Shops","StSLib","SuperFastMode"],"gold_per_floor":[36,76,1,38,78,130,150,51,77,77,129,159,210,241,241,315,315,325,364,364,411,444,491,491,130,130,130,181,181,216,234,234,332,332,348,362,362,362,374,399,6,56,56,0,36,36,36,62,62,93,93,93,93,93,93,4,38,38,38],"floor_reached":58,"playtime":3663,"items_purged":["Defend_R","Defend_R","Strike_R","Strike_R","Strike_R","Strike_R","Strike_R"],"score":3654,"play_id":"dd500eea-21bd-4d4f-b53b-dbac21a1065d","local_time":"20201228140918","is_ascension_mode":true,"campfire_choices":[{"data":"Seeing Red","floor":10.0,"key":"SMITH"},{"data":"Demon Form","floor":15.0,"key":"SMITH"},{"data":"Rupture","floor":24.0,"key":"SMITH"},{"data":"Berserk","floor":27.0,"key":"SMITH"},{"data":"Rupture","floor":32.0,"key":"SMITH"},{"data":"Whirlwind","floor":49,"key":"SMITH"},{"floor":51,"key":"RECALL"},{"data":"ReplayTheSpireMod:Private Reserves","floor":55,"key":"SMITH"}],"circlet_count":0,"master_deck":["AscendersBane","Defend_R","Bash","Rupture+1","Battle Trance","HandOfGreed","ReplayTheSpireMod:Private Reserves+1","Shrug It Off","Shrug It Off","ReplayTheSpireMod:Limb From Limb","Hemokinesis","ReplayTheSpireMod:Limb From Limb","Berserk+1","Shrug It Off+1","Combust","Whirlwind","Offering","Infernal Blade","Pummel","Demon Form+1","Pummel","Seeing Red+1","Thunderclap","Combust","Replay:Many Hands+1","Bloodletting+1","J.A.X.+1","Heavy Blade+1","Rupture+1","Whirlwind+1","Feed","Demonic Infusion+1","Pummel+1","Panacea+1","Madness+1","Trip+1","Shrug It Off+1","Pommel Strike+1","Seeing Red+1","Hemokinesis+1","Pummel"],"relics":["Burning Blood","Red Skull","Membership Card","Garlic","Singing Bowl","Torii","Orrery","Divine Protection","Brimstone","Anchor","Mummified Hand","Bag of Marbles","Lantern","Pen Nib","ReplayTheSpireMod:Lightbulb","Toxic Egg 2","Runic Pyramid","Dream Catcher","StrikeDummy","Paper Frog","Ice Cream","Centennial Puzzle","ReplayTheSpireMod:Spearhead","Pet Ghost","Sozu","Omamori","Snack Pack","Oddly Smooth Stone","Blue Candle","Red Mask","Juzu Bracelet","Shuriken","Replay:Bottled Flurry"],"acts_visited":["Exordium","TheCity","TheBeyond","TheEnding"],"potions_floor_usage":[58],"damage_taken":[{"damage":0.0,"enemies":"2 Louse","floor":1.0,"turns":1.0},{"damage":0.0,"enemies":"Jaw Worm","floor":2.0,"turns":1.0},{"damage":0.0,"enemies":"Cultist","floor":4.0,"turns":2.0},{"damage":0.0,"enemies":"Large Slime","floor":5.0,"turns":1.0},{"damage":0.0,"enemies":"Gremlin Nob","floor":6.0,"turns":2.0},{"damage":0.0,"enemies":"Exordium Wildlife","floor":7.0,"turns":1.0},{"damage":0.0,"enemies":"3 Sentries","floor":11.0,"turns":3.0},{"damage":0.0,"enemies":"Red Slaver","floor":12.0,"turns":3.0},{"damage":15.0,"enemies":"Lagavulin","floor":13.0,"turns":5.0},{"damage":0.0,"enemies":"Large Slime","floor":14.0,"turns":2.0},{"damage":24.0,"enemies":"Hexaghost","floor":16.0,"turns":4.0},{"damage":0.0,"enemies":"Spheric Guardian","floor":18.0,"turns":3.0},{"damage":0.0,"enemies":"Chosen","floor":19.0,"turns":2.0},{"damage":0.0,"enemies":"Snecko","floor":22.0,"turns":2.0},{"damage":1.0,"enemies":"Slavers","floor":23.0,"turns":3.0},{"damage":0.0,"enemies":"Book of Stabbing","floor":28.0,"turns":2.0},{"damage":0.0,"enemies":"Slavers","floor":30.0,"turns":1.0},{"damage":4.0,"enemies":"Shelled Parasite and Fungi","floor":31.0,"turns":2.0},{"damage":16,"enemies":"Pondfish","floor":33,"turns":3},{"damage":0,"enemies":"Orb Walker","floor":35,"turns":1},{"damage":0,"enemies":"3 Darklings","floor":36,"turns":2},{"damage":6,"enemies":"Transient","floor":39,"turns":4},{"damage":5,"enemies":"R_Hoarder","floor":40,"turns":3},{"damage":0,"enemies":"Nemesis","floor":42,"turns":3},{"damage":32,"enemies":"4 Shapes","floor":45,"turns":3},{"damage":35,"enemies":"R_Hoarder","floor":48,"turns":5},{"damage":8,"enemies":"Jaw Worm Horde","floor":50,"turns":2},{"damage":37,"enemies":"Donu and Deca","floor":52,"turns":5},{"damage":26,"enemies":"Awakened One","floor":53,"turns":5},{"damage":15,"enemies":"Shield and Spear","floor":57,"turns":3},{"damage":110,"enemies":"The Heart","floor":58,"turns":3}],"seed_played":"8336702445016920780","potions_obtained":[{"floor":2.0,"key":"Energy Potion"},{"floor":4.0,"key":"FearPotion"},{"floor":11.0,"key":"GamblersBrew"},{"floor":12.0,"key":"DuplicationPotion"},{"floor":14.0,"key":"DistilledChaos"},{"floor":18.0,"key":"ColorlessPotion"},{"floor":28.0,"key":"AttackPotion"}],"is_trial":false,"path_per_floor":["M","M","?","M","M","E","M","$","T","R","E","M","E","M","R","B",null,"M","M","?","T","M","E","R","$","T","R","E","?","E","M","R","B",null,"M","M","?","?","M","E","$","E","T","?","M","PTL","PTL","E","R","M","R","B","B",null,"R","$","E","B"],"character_chosen":"IRONCLAD","items_purchased":["Red Skull","Rupture","Membership Card","Garlic","Battle Trance","Singing Bowl","Torii","HandOfGreed","ReplayTheSpireMod:Private Reserves","Orrery","Berserk","Divine Protection","Shrug It Off+1","Combust","Brimstone","Whirlwind","Anchor","Mummified Hand","Bag of Marbles","Offering","Pen Nib","Seeing Red","Paper Frog","Rupture","Ice Cream","Whirlwind","Snack Pack","Seeing Red+1","Shuriken","Pummel"],"campfire_rested":0,"item_purchase_floors":[0,0,0,0,0,0,0,0,0,0,0,0,0,0,0,0,0,0,0,0,8,8,25,25,25,25,41,41,56,56],"current_hp_per_floor":[26,34,34,42,48,54,60,60,60,60,68,76,67,73,73,55,76,82,85,85,85,85,87,87,87,87,87,87,87,89,91,91,84,92,94,99,89,89,95,99,99,109,109,109,89,89,89,69,69,74,74,45,31,100,100,100,100,0,0],"gold":38,"neow_bonus":"","is_daily":false,"chose_seed":false,"campfire_upgraded":7,"win_rate":0.0,"timestamp":1609164558,"path_taken":["M","M","?","M","M","E","M","?","T","R","E","M","E","M","R","BOSS","M","M","?","?","M","E","R","$","T","R","E","?","E","M","R","BOSS","M","M","?","?","?","E","$","E","T","?","M","PTL","PTL","E","R","M","R","BOSS","BOSS","R","$","E","BOSS"],"items_purchased_type":["Relic","Card","Relic","Relic","Card","Relic","Relic","Card","Card","Relic","Card","Relic","Card","Card","Relic","Card","Relic","Relic","Relic","Card","Relic","Card","Relic","Card","Relic","Card","Relic","Card","Relic","Card"],"build_version":"2020-12-22","purchased_purges":7,"victory":false,"max_hp_per_floor":[75,77,77,79,79,79,79,79,79,79,81,83,83,83,83,83,83,83,85,85,85,85,87,87,87,87,87,87,87,89,91,91,94,94,94,99,99,99,105,108,108,110,110,110,115,115,115,118,118,123,123,123,123,123,123,123,128,128,128],"relic_stats":{"Singing Bowl":26,"Torii":24,"counters":[191,613],"Blue Candle":[5],"Pen Nib":[19],"Juzu Bracelet":0,"Burning Blood":971,"Sozu":2,"Dream Catcher":0,"Centennial Puzzle":[116],"Mummified Hand":[158],"Shuriken":[5],"obtain_stats":[{"Golden Egg":45,"Ginger":0,"Whetstone":9,"Sling":48,"Blood Vial":17,"MealTicket":3,"HandDrill":0,"Replay:Bottled Flurry":57,"Kunai":19,"Electric Blood":17,"Replay:Bottled Steam":30,"betterAltar:BloodRelic":21,"Blue Candle":48,"Eternal Feather":8,"Pen Nib":0,"Akabeko":17,"Bird Faced Urn":48,"Mark of Pain":34,"StrikeDummy":23,"Unceasing Top":0,"Lantern":9,"Regal Pillow":21,"Singing Bowl":0,"Torii":0,"StoneCalendar":4,"King of Hearts":0,"Bag of Preparation":48,"Smiling Mask":9,"Cursed Key":34,"Ancient Tea Set":21,"Burning Blood":0,"Pet Ghost":30,"Matryoshka":0,"Shovel":17,"InkBottle":17,"Paper Frog":28,"Potion Belt":48,"Self Forming Clay":31,"Golden Idol":3,"Thread and Needle":45,"PreservedInsect":0,"The Courier":27,"Omamori":25,"Frozen Egg 2":0,"MawBank":42,"Ornamental Fan":26,"Bloody Idol":21,"Orrery":20,"Turnip":54,"Art of War":6,"Durian":0,"Garlic":0,"Bottled Lightning":14,"ReplayTheSpireMod:Lightbulb":11,"Toy Ornithopter":23,"Ice Cream":12,"Divine Protection":0,"Calipers":0,"Gremlin Horn":55,"CeramicFish":2,"Vajra":20,"Sozu":17,"Centennial Puzzle":21,"HornCleat":55,"DollysMirror":0,"Strawberry":40,"Prayer Wheel":17,"Iron Hammer":25,"Toxic Egg 2":0,"Happy Flower":0,"ReplayTheSpireMod:CursedCoin":54,"Oddly Smooth Stone":8,"Charon\u0027s Ashes":26,"Letter Opener":40,"War Paint":41,"Question Card":14,"Du-Vu Doll":0,"OrangePellets":31,"ReplayTheSpireMod:Spearhead":6,"Replay:Baseball":25,"Brimstone":37,"Shuriken":32,"Bronze Scales":42,"Onion Ring":42,"Simple Rune":55,"Black Star":34,"Grinning Jar":6,"Mirror":40,"Pocketwatch":44,"Meat on the Bone":0,"Darkstone Periapt":12,"ReplayFunnel":54,"Mango":10,"Incense Burner":38,"Juzu Bracelet":48,"ClockworkSouvenir":48,"Nunchaku":26,"Replay:Bandana":0,"Dream Catcher":23,"Mummified Hand":6,"Gambling Chip":0,"Tiny Chest":20,"Red Mask":39,"Replay:Bottled Snecko":54,"Red Skull":20,"Runic Pyramid":17,"Guide Book":36,"Replay:WaspNest":9,"Odd Mushroom":10,"Orichalcum":31,"Medical Kit":0,"Mercury Hourglass":46,"Calling Bell":17,"Peace Pipe":45,"Strange Spoon":0,"Anchor":36,"ChewingGum":34,"Bag of Marbles":0,"Snack Pack":0,"Membership Card":0,"TungstenRod":43,"FossilizedHelix":46},{"Golden Egg":156,"Ginger":10,"Whetstone":16,"Sling":66,"Blood Vial":21,"MealTicket":41,"HandDrill":0,"Replay:Bottled Flurry":190,"Kunai":50,"Electric Blood":139,"Replay:Bottled Steam":145,"betterAltar:BloodRelic":22,"Blue Candle":66,"Eternal Feather":16,"Pen Nib":0,"Akabeko":49,"Bird Faced Urn":66,"Mark of Pain":58,"StrikeDummy":175,"Unceasing Top":68,"Lantern":4,"Regal Pillow":51,"Singing Bowl":40,"Torii":68,"StoneCalendar":41,"King of Hearts":98,"Bag of Preparation":94,"Smiling Mask":16,"Cursed Key":29,"Ancient Tea Set":109,"Burning Blood":0,"Pet Ghost":177,"Matryoshka":10,"Shovel":49,"InkBottle":49,"Paper Frog":26,"Potion Belt":94,"Self Forming Clay":28,"Golden Idol":69,"Thread and Needle":36,"PreservedInsect":10,"The Courier":55,"Omamori":24,"Frozen Egg 2":0,"MawBank":64,"Ornamental Fan":24,"Bloody Idol":22,"Orrery":109,"Turnip":158,"Art of War":14,"Durian":98,"Garlic":160,"Bottled Lightning":20,"ReplayTheSpireMod:Lightbulb":167,"Toy Ornithopter":23,"Ice Cream":46,"Divine Protection":160,"Calipers":40,"Gremlin Horn":129,"CeramicFish":11,"Vajra":22,"Sozu":76,"Centennial Puzzle":51,"HornCleat":97,"DollysMirror":98,"Strawberry":121,"Prayer Wheel":21,"Iron Hammer":112,"Toxic Egg 2":0,"Happy Flower":10,"ReplayTheSpireMod:CursedCoin":158,"Oddly Smooth Stone":44,"Charon\u0027s Ashes":54,"Letter Opener":34,"War Paint":89,"Question Card":9,"Du-Vu Doll":40,"OrangePellets":28,"ReplayTheSpireMod:Spearhead":101,"Replay:Baseball":112,"Brimstone":31,"Shuriken":57,"Bronze Scales":35,"Onion Ring":123,"Simple Rune":129,"Black Star":85,"Grinning Jar":135,"Mirror":152,"Pocketwatch":124,"Meat on the Bone":130,"Darkstone Periapt":19,"ReplayFunnel":128,"Mango":45,"Incense Burner":88,"Juzu Bracelet":186,"ClockworkSouvenir":66,"Nunchaku":24,"Replay:Bandana":98,"Dream Catcher":111,"Mummified Hand":71,"Gambling Chip":40,"Tiny Chest":22,"Red Mask":151,"Replay:Bottled Snecko":128,"Red Skull":22,"Runic Pyramid":171,"Guide Book":118,"Replay:WaspNest":103,"Odd Mushroom":5,"Orichalcum":84,"Medical Kit":130,"Mercury Hourglass":65,"Calling Bell":21,"Peace Pipe":125,"Strange Spoon":0,"Anchor":59,"ChewingGum":148,"Bag of Marbles":98,"Snack Pack":130,"Membership Card":10,"TungstenRod":35,"FossilizedHelix":93},{"Golden Egg":513,"Ginger":39,"Whetstone":57,"Sling":203,"Blood Vial":72,"MealTicket":129,"HandDrill":0,"Replay:Bottled Flurry":610,"Kunai":163,"Electric Blood":470,"Replay:Bottled Steam":489,"betterAltar:BloodRelic":74,"Blue Candle":203,"Eternal Feather":57,"Pen Nib":0,"Akabeko":159,"Bird Faced Urn":203,"Mark of Pain":182,"StrikeDummy":566,"Unceasing Top":212,"Lantern":11,"Regal Pillow":166,"Singing Bowl":127,"Torii":212,"StoneCalendar":129,"King of Hearts":364,"Bag of Preparation":337,"Smiling Mask":57,"Cursed Key":99,"Ancient Tea Set":385,"Burning Blood":0,"Pet Ghost":569,"Matryoshka":39,"Shovel":159,"InkBottle":159,"Paper Frog":88,"Potion Belt":337,"Self Forming Clay":94,"Golden Idol":215,"Thread and Needle":116,"PreservedInsect":39,"The Courier":176,"Omamori":80,"Frozen Egg 2":0,"MawBank":195,"Ornamental Fan":80,"Bloody Idol":74,"Orrery":385,"Turnip":523,"Art of War":53,"Durian":364,"Garlic":531,"Bottled Lightning":66,"ReplayTheSpireMod:Lightbulb":542,"Toy Ornithopter":77,"Ice Cream":148,"Divine Protection":531,"Calipers":127,"Gremlin Horn":430,"CeramicFish":43,"Vajra":74,"Sozu":241,"Centennial Puzzle":166,"HornCleat":355,"DollysMirror":364,"Strawberry":411,"Prayer Wheel":72,"Iron Hammer":392,"Toxic Egg 2":0,"Happy Flower":39,"ReplayTheSpireMod:CursedCoin":523,"Oddly Smooth Stone":142,"Charon\u0027s Ashes":172,"Letter Opener":111,"War Paint":319,"Question Card":33,"Du-Vu Doll":127,"OrangePellets":94,"ReplayTheSpireMod:Spearhead":370,"Replay:Baseball":392,"Brimstone":103,"Shuriken":180,"Bronze Scales":113,"Onion Ring":417,"Simple Rune":430,"Black Star":297,"Grinning Jar":452,"Mirror":505,"Pocketwatch":419,"Meat on the Bone":435,"Darkstone Periapt":65,"ReplayFunnel":429,"Mango":144,"Incense Burner":313,"Juzu Bracelet":595,"ClockworkSouvenir":203,"Nunchaku":80,"Replay:Bandana":364,"Dream Catcher":389,"Mummified Hand":222,"Gambling Chip":127,"Tiny Chest":74,"Red Mask":501,"Replay:Bottled Snecko":429,"Red Skull":74,"Runic Pyramid":556,"Guide Book":407,"Replay:WaspNest":373,"Odd Mushroom":14,"Orichalcum":286,"Medical Kit":435,"Mercury Hourglass":200,"Calling Bell":72,"Peace Pipe":420,"Strange Spoon":0,"Anchor":183,"ChewingGum":497,"Bag of Marbles":364,"Snack Pack":435,"Membership Card":39,"TungstenRod":113,"FossilizedHelix":334}]},"card_choices":[{"not_picked":["Sword Boomerang","Burning Pact"],"picked":"Shrug It Off","floor":0.0},{"not_picked":["Evolve","Abandon"],"picked":"Shrug It Off","floor":0.0},{"not_picked":["ReplayTheSpireMod:Corrosion Curse","Disarm"],"picked":"ReplayTheSpireMod:Limb From Limb","floor":0.0},{"not_picked":["Sentinel","Seeing Red"],"picked":"Hemokinesis","floor":0.0},{"not_picked":["Armaments","ReplayTheSpireMod:Corrosion Curse"],"picked":"ReplayTheSpireMod:Limb From Limb","floor":0.0},{"not_picked":["Flex","Headbutt"],"picked":"Infernal Blade","floor":1.0},{"not_picked":["Armaments","Clothesline","True Grit"],"picked":"Singing Bowl","floor":2.0},{"not_picked":["Warcry","Sword Boomerang","Flex"],"picked":"Singing Bowl","floor":4.0},{"not_picked":["Shrug It Off","Massacre"],"picked":"Pummel","floor":5.0},{"not_picked":["Havoc","Warcry"],"picked":"Demon Form","floor":6.0},{"not_picked":["Fire Breathing","Run Through"],"picked":"Pummel","floor":7.0},{"not_picked":["Pommel Strike","Corruption","ReplayTheSpireMod:LeadingStrike"],"picked":"Singing Bowl","floor":11.0},{"not_picked":["Wild Strike","ReplayTheSpireMod:Strike From Hell","Perfected Strike"],"picked":"Singing Bowl","floor":12.0},{"not_picked":["Sword Boomerang","True Grit+1"],"picked":"Thunderclap","floor":13.0},{"not_picked":["Replay:Undeath\u0027s Touch","Perfected Strike"],"picked":"Combust","floor":14.0},{"not_picked":["Eclipse+1","Juggernaut"],"picked":"Replay:Many Hands+1","floor":16.0},{"not_picked":["Clash","Headbutt"],"picked":"Bloodletting+1","floor":18.0},{"not_picked":["Perfected Strike","Power Through+1","Inflame"],"picked":"Singing Bowl","floor":19.0},{"not_picked":["Power Through+1","Anger"],"picked":"Heavy Blade","floor":22.0},{"not_picked":["Rampage","Second Wind+1","Flame Barrier+1"],"picked":"Singing Bowl","floor":23.0},{"not_picked":["Replay:Undeath\u0027s Touch","Uppercut"],"picked":"Feed","floor":28.0},{"not_picked":["Body Slam","True Grit+1","Headbutt"],"picked":"Singing Bowl","floor":30.0},{"not_picked":["Headbutt","Power Through+1","Fire Breathing"],"picked":"Singing Bowl","floor":31.0},{"not_picked":["Limit Break+1","Fiend Fire"],"picked":"Demonic Infusion+1","floor":33},{"not_picked":["Armaments+1","Run Through"],"picked":"Pummel+1","floor":35},{"not_picked":["Rampage+1","Iron Wave","Thunderclap"],"picked":"Singing Bowl","floor":36},{"not_picked":["Poisoned Strike","ReplayTheSpireMod:Brewmster"],"picked":"Panacea+1","floor":37},{"not_picked":["Crow Ritual","Purity+1"],"picked":"Madness+1","floor":37},{"not_picked":["PanicButton+1","Thinking Ahead+1"],"picked":"Trip+1","floor":37},{"not_picked":["Headbutt+1","Thunderclap"],"picked":"Shrug It Off+1","floor":39},{"not_picked":["Combust+1","Thunderclap+1"],"picked":"Pommel Strike+1","floor":40},{"not_picked":["ReplayTheSpireMod:Stacked+1","Inflame","ReplayTheSpireMod:Strike From Hell"],"picked":"Singing Bowl","floor":42},{"not_picked":["Headbutt+1","Flame Barrier+1","Anger"],"picked":"Singing Bowl","floor":45},{"not_picked":["Thunderclap","Sword Boomerang"],"picked":"Hemokinesis+1","floor":48},{"not_picked":["Rampage+1","Rage+1","ReplayReversal+1"],"picked":"Singing Bowl","floor":50},{"not_picked":["Headbutt","Heavy Blade","Twin Strike"],"picked":"Singing Bowl","floor":57}],"player_experience":1218652,"relics_obtained":[{"floor":6.0,"key":"Lantern"},{"floor":11.0,"key":"ReplayTheSpireMod:Lightbulb"},{"floor":13.0,"key":"Toxic Egg 2"},{"floor":21.0,"key":"Dream Catcher"},{"floor":23.0,"key":"StrikeDummy"},{"floor":26.0,"key":"Centennial Puzzle"},{"floor":28.0,"key":"ReplayTheSpireMod:Spearhead"},{"floor":30.0,"key":"Pet Ghost"},{"floor":40,"key":"Omamori"},{"floor":42,"key":"Oddly Smooth Stone"},{"floor":43,"key":"Blue Candle"},{"floor":48,"key":"Juzu Bracelet"},{"floor":57,"key":"Replay:Bottled Flurry"}],"event_choices":[{"cards_removed":["Defend_R"],"damage_healed":0.0,"max_hp_gain":0.0,"max_hp_loss":0.0,"gold_gain":0.0,"event_name":"The Cleric","player_choice":"Card Removal","floor":3.0,"gold_loss":75.0,"damage_taken":0.0},{"damage_healed":0.0,"max_hp_gain":0.0,"max_hp_loss":0.0,"gold_gain":0.0,"event_name":"Drug Dealer","player_choice":"Obtain J.A.X.","floor":20.0,"gold_loss":0.0,"damage_taken":0.0,"cards_obtained":["J.A.X."]},{"damage_healed":0.0,"max_hp_gain":0.0,"max_hp_loss":0.0,"gold_gain":0.0,"event_name":"Vampires","player_choice":"Ignored","floor":29.0,"gold_loss":0.0,"damage_taken":0.0},{"damage_healed":0,"gold_gain":0,"player_choice":"Memory 3","damage_taken":10,"max_hp_gain":0,"max_hp_loss":0,"event_name":"SensoryStone","floor":37,"gold_loss":0},{"damage_healed":0,"gold_gain":0,"player_choice":"Forge","damage_taken":0,"max_hp_gain":0,"max_hp_loss":0,"event_name":"Accursed Blacksmith","floor":38,"gold_loss":0,"cards_upgraded":["Heavy Blade"]},{"damage_healed":0,"gold_gain":0,"player_choice":"Paid","damage_taken":0,"relics_obtained":["Red Mask"],"max_hp_gain":0,"max_hp_loss":0,"event_name":"Tomb of Lord Red Mask","floor":44,"gold_loss":56}],"is_beta":false,"boss_relics":[{"not_picked":["SacredBark","Calling Bell"],"picked":"Runic Pyramid"},{"not_picked":["Velvet Choker","Replay:Drink Me"],"picked":"Sozu"}],"items_purged_floors":[0,0,0,25,25,41,41],"is_endless":false,"potions_floor_spawned":[2,4,11,12,14,18,22,28,31,33,36,42,45,57],"killed_by":"The Heart","ascension_level":20}}