{"host":"bq4pt811tk9yrmjl","time":1609115370,"event":{"mods":["AchievementEnabler","BaseMod","Colored Map","Colored Powertips","Defuse TimeMaze Blight","Hermit","Minty Spire (QoL Compilation)","StSLib","SuperFastMode"],"gold_per_floor":[109,109,123,123,134,134,134,134,134,144,74,74,74,113,113,113,113],"floor_reached":16,"playtime":231,"items_purged":[],"score":103,"play_id":"b12fa6c3-0ef8-441e-9e57-05e9aedf67c2","local_time":"20201227222930","is_ascension_mode":true,"campfire_choices":[{"data":"hermit:GoldenBullet","floor":6,"key":"SMITH"},{"data":"hermit:Snapshot","floor":13,"key":"SMITH"},{"floor":15,"key":"REST"}],"circlet_count":0,"master_deck":["hermit:Strike_Hermit","hermit:Strike_Hermit","hermit:Strike_Hermit","hermit:Strike_Hermit","hermit:Defend_Hermit","hermit:Defend_Hermit","hermit:Defend_Hermit","hermit:Defend_Hermit","hermit:Snapshot+1","hermit:Covet","hermit:CalledShot+1","hermit:GoldenBullet+1","Regret","hermit:LowProfile+1","hermit:TakeCover+1","Injury","hermit:Gestalt+1"],"relics":["hermit:Momento","NeowsBlessing","CultistMask","Toxic Egg 2","StrikeDummy","Golden Idol","Sundial"],"acts_visited":["Exordium"],"potions_floor_usage":[14,14],"damage_taken":[{"damage":0,"enemies":"Jaw Worm","floor":1,"turns":1},{"damage":0,"enemies":"Cultist","floor":3,"turns":1},{"damage":0,"enemies":"2 Louse","floor":5,"turns":1},{"damage":17,"enemies":"Looter","floor":10,"turns":4},{"damage":19,"enemies":"Gremlin Nob","floor":14,"turns":4},{"damage":61,"enemies":"Hexaghost","floor":16,"turns":16}],"seed_played":"7268654979315908470","potions_obtained":[{"floor":5,"key":"PowerPotion"},{"floor":10,"key":"Weak Potion"}],"is_trial":false,"path_per_floor":["M","?","M","T","M","R","?","?","T","M","$","?","R","E","R","B"],"character_chosen":"HERMIT","items_purchased":["hermit:TakeCover+1"],"campfire_rested":1,"item_purchase_floors":[11],"current_hp_per_floor":[75,75,75,75,75,75,75,75,75,58,58,58,58,39,61,0,0],"gold":113,"neow_bonus":"THREE_ENEMY_KILL","is_daily":false,"chose_seed":false,"campfire_upgraded":2,"win_rate":0.0,"timestamp":1609115370,"path_taken":["M","?","?","?","M","R","?","?","T","M","$","?","R","E","R","BOSS"],"items_purchased_type":["Card"],"build_version":"2020-12-22","purchased_purges":0,"victory":false,"max_hp_per_floor":[75,75,75,75,75,75,75,75,75,75,75,75,75,75,75,75,75],"card_choices":[{"not_picked":["hermit:Misfire","hermit:Snipe"],"picked":"hermit:CalledShot","floor":1},{"not_picked":["hermit:Quickdraw","hermit:TrackingShot"],"picked":"hermit:GoldenBullet","floor":3},{"not_picked":["hermit:Feint","hermit:WideOpen","hermit:Headshot"],"picked":"SKIP","floor":5},{"not_picked":["hermit:BigShot","hermit:Determination"],"picked":"hermit:LowProfile+1","floor":10},{"not_picked":["hermit:WideOpen","hermit:HoleUp+1"],"picked":"hermit:Gestalt+1","floor":14}],"player_experience":133097,"relics_obtained":[{"floor":9,"key":"StrikeDummy"},{"floor":14,"key":"Sundial"}],"event_choices":[{"damage_healed":0,"gold_gain":0,"player_choice":"Trade","damage_taken":0,"relics_obtained":["CultistMask"],"max_hp_gain":0,"max_hp_loss":0,"event_name":"FaceTrader","floor":2,"gold_loss":0},{"damage_healed":0,"gold_gain":0,"player_choice":"Grow","damage_taken":0,"max_hp_gain":0,"max_hp_loss":0,"event_name":"Living Wall","floor":7,"gold_loss":0,"cards_upgraded":["hermit:CalledShot"]},{"damage_healed":0,"gold_gain":0,"player_choice":"Box","damage_taken":0,"relics_obtained":["Toxic Egg 2"],"max_hp_gain":0,"max_hp_loss":0,"event_name":"Big Fish","floor":8,"gold_loss":0,"cards_obtained":["Regret"]},{"damage_healed":0,"gold_gain":0,"player_choice":"Take Wound","damage_taken":0,"relics_obtained":["Golden Idol"],"max_hp_gain":0,"max_hp_loss":0,"event_name":"Golden Idol","floor":12,"gold_loss":0,"cards_obtained":["Injury"]}],"is_beta":false,"boss_relics":[],"items_purged_floors":[],"is_endless":false,"potions_floor_spawned":[5,10],"killed_by":"Hexaghost","ascension_level":1}}