{"host":"anox4050deqdcqoh","time":1609116319,"event":{"mods":["BaseMod","Colored Map","Minty Spire (QoL Compilation)","Quick Restart"],"gold_per_floor":[115,115,190,206,220,220,252,252,252,280,280,290,316,326,326,422,422,434,434,450,0,19,19,33,33,56,56,56,56,75,85,85,185,185,196,196,60,72,21,21,37,37,37,37,53,72,87,0,0,0,0],"floor_reached":50,"playtime":2882,"items_purged":["Berserk"],"score":487,"play_id":"94dd3734-5585-439b-a04a-a1596fa87864","local_time":"20201227194519","is_ascension_mode":true,"campfire_choices":[{"floor":6,"key":"RECALL"},{"floor":8,"key":"REST"},{"data":"Metallicize","floor":11,"key":"SMITH"},{"data":"Shockwave","floor":15,"key":"SMITH"},{"data":"Berserk","floor":23,"key":"SMITH"},{"floor":25,"key":"REST"},{"data":"Seeing Red","floor":28,"key":"SMITH"},{"floor":32,"key":"REST"},{"data":"Metallicize","floor":40,"key":"SMITH"},{"data":"Flame Barrier","floor":42,"key":"SMITH"},{"data":"Seeing Red","floor":44,"key":"SMITH"},{"floor":49,"key":"REST"}],"circlet_count":0,"master_deck":["Bash","Metallicize+1","Shockwave+1","Carnage","Immolate","Clothesline","Bludgeon","Inflame","Impervious","Whirlwind","Evolve","Berserk+1","Seeing Red+1","Flame Barrier+1","Rage","Whirlwind","Flame Barrier","Cleave+1","Metallicize+1","RitualDagger","Seeing Red+1","Fire Breathing","Shrug It Off+1","Power Through","Feel No Pain","Pummel+1","Wild Strike+1","Parasite"],"relics":["Burning Blood","Meat on the Bone","Sundial","Self Forming Clay","Eternal Feather","Bottled Flame","Pandora\u0027s Box","Juzu Bracelet","Strange Spoon","Smiling Mask","Red Mask"],"acts_visited":["Exordium","TheCity","TheBeyond"],"potions_floor_usage":[10,16,16,31,33,47,50,50,50],"damage_taken":[{"damage":7,"enemies":"Cultist","floor":1,"turns":5},{"damage":6,"enemies":"2 Louse","floor":4,"turns":4},{"damage":5,"enemies":"Jaw Worm","floor":5,"turns":4},{"damage":39,"enemies":"3 Sentries","floor":7,"turns":11},{"damage":11,"enemies":"Gremlin Nob","floor":10,"turns":4},{"damage":7,"enemies":"Exordium Wildlife","floor":12,"turns":4},{"damage":17,"enemies":"3 Sentries","floor":13,"turns":5},{"damage":5,"enemies":"3 Louse","floor":14,"turns":2},{"damage":46,"enemies":"Hexaghost","floor":16,"turns":10},{"damage":18,"enemies":"2 Thieves","floor":18,"turns":5},{"damage":7,"enemies":"Shell Parasite","floor":20,"turns":5},{"damage":15,"enemies":"Snake Plant","floor":22,"turns":4},{"damage":25,"enemies":"Cultist and Chosen","floor":24,"turns":8},{"damage":18,"enemies":"3 Cultists","floor":30,"turns":7},{"damage":24,"enemies":"Centurion and Healer","floor":31,"turns":7},{"damage":35,"enemies":"Automaton","floor":33,"turns":10},{"damage":20,"enemies":"3 Darklings","floor":35,"turns":4},{"damage":9,"enemies":"3 Shapes","floor":38,"turns":5},{"damage":14,"enemies":"Spire Growth","floor":41,"turns":6},{"damage":17,"enemies":"Sphere and 2 Shapes","floor":45,"turns":7},{"damage":22,"enemies":"Writhing Mass","floor":46,"turns":9},{"damage":32,"enemies":"Transient","floor":47,"turns":5},{"damage":112,"enemies":"Awakened One","floor":50,"turns":13}],"seed_played":"9012266057230646848","potions_obtained":[{"floor":1,"key":"Ancient Potion"},{"floor":4,"key":"BlessingOfTheForge"},{"floor":12,"key":"FearPotion"},{"floor":13,"key":"Swift Potion"},{"floor":14,"key":"BloodPotion"},{"floor":20,"key":"ColorlessPotion"},{"floor":22,"key":"DistilledChaos"},{"floor":33,"key":"Dexterity Potion"},{"floor":47,"key":"ColorlessPotion"}],"is_trial":false,"path_per_floor":["M","T","?","M","M","R","E","R","T","E","R","M","E","M","R","B",null,"M","?","M","$","M","R","M","R","T","?","R","?","M","M","R","B",null,"M","?","$","M","$","R","M","R","T","R","M","M","M","?","R","B"],"character_chosen":"IRONCLAD","items_purchased":["Juzu Bracelet","Metallicize","Strange Spoon","Power Through","Feel No Pain","Swift Potion"],"campfire_rested":4,"item_purchase_floors":[21,21,21,37,37,39],"current_hp_per_floor":[87,87,76,76,77,77,56,82,82,77,83,82,71,72,81,53,88,76,76,75,75,66,75,56,88,88,82,88,88,76,58,88,59,88,74,71,71,68,68,83,75,88,88,88,77,61,47,47,88,0,0],"gold":0,"neow_bonus":"TEN_PERCENT_HP_BONUS","is_daily":false,"chose_seed":false,"campfire_upgraded":7,"win_rate":0.0,"timestamp":1609116319,"path_taken":["M","?","?","M","M","R","E","R","T","E","R","M","E","M","R","BOSS","M","?","M","$","M","R","M","R","T","?","R","?","M","M","R","BOSS","M","?","$","M","?","R","M","R","T","R","M","M","M","?","R","BOSS"],"items_purchased_type":["Relic","Card","Relic","Card","Card","Potion"],"build_version":"2020-12-22","purchased_purges":1,"victory":false,"max_hp_per_floor":[88,88,88,88,88,88,88,88,88,88,88,88,88,88,88,88,88,88,88,88,88,88,88,88,88,88,88,88,88,88,88,88,88,88,88,88,88,88,88,88,88,88,88,88,88,88,88,88,88,88,88],"card_choices":[{"not_picked":["Havoc","Warcry"],"picked":"Metallicize","floor":1},{"not_picked":["Blood for Blood","Twin Strike"],"picked":"Shockwave","floor":4},{"not_picked":["Havoc","Flex"],"picked":"Carnage","floor":5},{"not_picked":["Anger","Headbutt","Flex"],"picked":"SKIP","floor":7},{"not_picked":["Carnage","Evolve"],"picked":"Immolate","floor":10},{"not_picked":["Shrug It Off","Thunderclap"],"picked":"Clothesline","floor":12},{"not_picked":["Seeing Red","Infernal Blade"],"picked":"Bludgeon","floor":13},{"not_picked":["Sword Boomerang","Second Wind"],"picked":"Inflame","floor":14},{"not_picked":["Bludgeon","Fiend Fire"],"picked":"Berserk","floor":16},{"not_picked":["Searing Blow","Battle Trance","Wild Strike"],"picked":"SKIP","floor":18},{"not_picked":["Anger+1","Twin Strike"],"picked":"Cleave+1","floor":20},{"not_picked":["Sever Soul","Clash","Anger+1"],"picked":"SKIP","floor":22},{"not_picked":["Armaments","Searing Blow","Impervious"],"picked":"SKIP","floor":24},{"not_picked":["Whirlwind","Iron Wave"],"picked":"Seeing Red","floor":30},{"not_picked":["Dual Wield","Blood for Blood"],"picked":"Fire Breathing","floor":31},{"not_picked":["Headbutt","Sever Soul+1"],"picked":"Shrug It Off+1","floor":35},{"not_picked":["Heavy Blade+1","Twin Strike"],"picked":"Pummel+1","floor":38},{"not_picked":["Dark Embrace+1","True Grit+1"],"picked":"Wild Strike+1","floor":41},{"not_picked":["Perfected Strike","Shrug It Off","Iron Wave"],"picked":"SKIP","floor":45},{"not_picked":["Sword Boomerang","Heavy Blade","Thunderclap+1"],"picked":"SKIP","floor":46},{"not_picked":["Iron Wave","Cleave","Feed"],"picked":"SKIP","floor":47}],"player_experience":219711,"relics_obtained":[{"floor":2,"key":"Meat on the Bone"},{"floor":7,"key":"Sundial"},{"floor":9,"key":"Self Forming Clay"},{"floor":10,"key":"Eternal Feather"},{"floor":13,"key":"Bottled Flame"},{"floor":43,"key":"Smiling Mask"}],"event_choices":[{"damage_healed":0,"gold_gain":75,"player_choice":"Gather Gold","damage_taken":11,"max_hp_gain":0,"max_hp_loss":0,"event_name":"World of Goop","floor":3,"gold_loss":0},{"damage_healed":0,"gold_gain":0,"player_choice":"Ignored","damage_taken":0,"max_hp_gain":0,"max_hp_loss":0,"event_name":"Ghosts","floor":19,"gold_loss":0},{"damage_healed":0,"gold_gain":0,"player_choice":"Joined the Cult","damage_taken":6,"max_hp_gain":0,"max_hp_loss":0,"event_name":"Nest","floor":27,"gold_loss":0,"cards_obtained":["RitualDagger"]},{"damage_healed":0,"gold_gain":0,"player_choice":"Simplicity","damage_taken":0,"max_hp_gain":0,"max_hp_loss":0,"event_name":"Back to Basics","floor":29,"gold_loss":0,"cards_upgraded":[]},{"damage_healed":0,"gold_gain":0,"player_choice":"Punched","damage_taken":3,"max_hp_gain":0,"max_hp_loss":0,"event_name":"Designer","floor":36,"gold_loss":0},{"damage_healed":0,"gold_gain":0,"player_choice":"Paid","damage_taken":0,"relics_obtained":["Red Mask"],"max_hp_gain":0,"max_hp_loss":0,"event_name":"Tomb of Lord Red Mask","floor":48,"gold_loss":87}],"is_beta":false,"boss_relics":[{"not_picked":["Philosopher\u0027s Stone","Snecko Eye"],"picked":"Pandora\u0027s Box"},{"not_picked":["Runic Dome","Runic Cube","Fusion Hammer"]}],"items_purged_floors":[21],"is_endless":false,"potions_floor_spawned":[1,4,12,13,14,20,22,30,33,41,45,47],"killed_by":"Awakened One","ascension_level":1}}