{"host":"vcrofm1hbk0ziuql","time":1609139187,"event":{"mods":["2.2 Compatiblity","BaseMod","Colored Map","DeckTracker","Googly Eyes","Highlight Path","Minty Spire (QoL Compilation)","StSLib"],"gold_per_floor":[110,129,142,142,167,167,181,181,181,194,218,218,258,272,272,393,393,411,321,337,352,352,352,372,48,48,48,64,64,64,82,82,210,210,226,19,0,0,63,107,107,130,154,154,192,192,192],"floor_reached":46,"playtime":1759,"items_purged":["Strike_R","Strike_R"],"score":482,"play_id":"77115a97-4ce3-4791-a316-26f8bd733044","local_time":"20201228070627","is_ascension_mode":false,"campfire_choices":[{"data":"Bash","floor":6,"key":"SMITH"},{"data":"Pommel Strike","floor":8,"key":"SMITH"},{"data":"Power Through","floor":12,"key":"SMITH"},{"data":"Armaments","floor":15,"key":"SMITH"},{"data":"Infernal Blade","floor":23,"key":"SMITH"},{"data":"Immolate","floor":27,"key":"SMITH"},{"floor":30,"key":"RECALL"},{"data":"Cleave","floor":32,"key":"SMITH"},{"data":"Dark Embrace","floor":41,"key":"SMITH"},{"data":"Power Through","floor":44,"key":"SMITH"}],"circlet_count":0,"master_deck":["Strike_R+1","Defend_R","Defend_R","Defend_R","Defend_R","Bash+1","Cleave+1","Fire Breathing","Dropkick","Fire Breathing","Pommel Strike+1","Power Through+1","Armaments+1","Shrug It Off","Fiend Fire","Infernal Blade+1","Dropkick+1","True Grit","Immolate+1","True Grit+1","Thunderclap+1","Immolate+1","CurseOfTheBell","Dark Embrace+1","Power Through+1"],"relics":["Burning Blood","TungstenRod","Golden Idol","Mango","Bottled Flame","Sozu","Molten Egg 2","Calling Bell","PreservedInsect","Blue Candle","Ginger","Membership Card","Red Mask","Singing Bowl","Torii","Ice Cream","Toy Ornithopter","Letter Opener"],"acts_visited":["Exordium","TheCity","TheBeyond"],"potions_floor_usage":[10,16,16,20],"damage_taken":[{"damage":0,"enemies":"Small Slimes","floor":1,"turns":4},{"damage":0,"enemies":"Jaw Worm","floor":2,"turns":3},{"damage":8,"enemies":"Cultist","floor":3,"turns":4},{"damage":10,"enemies":"3 Louse","floor":5,"turns":3},{"damage":0,"enemies":"Large Slime","floor":7,"turns":5},{"damage":6,"enemies":"Lots of Slimes","floor":10,"turns":4},{"damage":9,"enemies":"Looter","floor":11,"turns":2},{"damage":3,"enemies":"3 Sentries","floor":13,"turns":5},{"damage":7,"enemies":"Blue Slaver","floor":14,"turns":4},{"damage":19,"enemies":"The Guardian","floor":16,"turns":11},{"damage":0,"enemies":"Chosen","floor":18,"turns":4},{"damage":0,"enemies":"3 Byrds","floor":20,"turns":5},{"damage":16,"enemies":"Snake Plant","floor":21,"turns":6},{"damage":6,"enemies":"Centurion and Healer","floor":24,"turns":5},{"damage":1,"enemies":"Chosen and Byrds","floor":28,"turns":5},{"damage":11,"enemies":"Sentry and Sphere","floor":31,"turns":5},{"damage":75,"enemies":"Collector","floor":33,"turns":11},{"damage":0,"enemies":"3 Shapes","floor":35,"turns":2},{"damage":16,"enemies":"Mind Bloom Boss Battle","floor":39,"turns":6},{"damage":39,"enemies":"Nemesis","floor":40,"turns":7},{"damage":13,"enemies":"3 Darklings","floor":42,"turns":4},{"damage":12,"enemies":"Reptomancer","floor":45,"turns":5},{"damage":34,"enemies":"Spire Growth","floor":46,"turns":5}],"seed_played":"132111478670077094","potions_obtained":[{"floor":2,"key":"AttackPotion"},{"floor":7,"key":"Fire Potion"},{"floor":11,"key":"SkillPotion"},{"floor":14,"key":"PowerPotion"}],"is_trial":false,"path_per_floor":["M","M","M","?","M","R","M","R","T","M","M","R","E","M","R","B",null,"M","?","M","M","?","R","M","$","T","R","M","?","R","M","R","B",null,"M","$","?","T","?","E","R","M","T","R","E","M"],"character_chosen":"IRONCLAD","items_purchased":["Molten Egg 2","Membership Card"],"campfire_rested":0,"item_purchase_floors":[25,36],"current_hp_per_floor":[72,72,70,53,49,49,55,55,69,69,66,66,69,68,68,55,86,86,86,86,76,76,76,76,76,76,76,81,81,81,76,76,7,86,86,86,86,86,78,45,45,38,38,38,34,0,0],"gold":192,"neow_bonus":"ONE_RARE_RELIC","is_daily":false,"chose_seed":false,"campfire_upgraded":9,"win_rate":0.0,"timestamp":1609139187,"path_taken":["M","M","M","?","M","R","M","R","T","M","M","R","E","M","R","BOSS","M","?","M","?","?","R","M","$","T","R","M","?","R","M","R","BOSS","M","?","?","?","?","E","R","M","T","R","E","M"],"items_purchased_type":["Relic","Relic"],"build_version":"2020-12-22","purchased_purges":2,"victory":false,"max_hp_per_floor":[72,72,72,72,72,72,72,72,86,86,86,86,86,86,86,86,86,86,86,86,86,86,86,86,86,86,86,86,86,86,86,86,86,86,86,86,86,86,88,88,88,88,88,88,90,90,90],"card_choices":[{"not_picked":["Warcry","Blood for Blood"],"picked":"Cleave","floor":1},{"not_picked":["Battle Trance","Infernal Blade"],"picked":"Fire Breathing","floor":2},{"not_picked":["Flex","Combust"],"picked":"Dropkick","floor":3},{"not_picked":["Searing Blow","Body Slam"],"picked":"Fire Breathing","floor":5},{"not_picked":["Anger","Warcry"],"picked":"Pommel Strike","floor":7},{"not_picked":["Havoc","Iron Wave","Pommel Strike"],"picked":"SKIP","floor":10},{"not_picked":["Thunderclap","Berserk"],"picked":"Power Through","floor":11},{"not_picked":["Disarm","Headbutt","Armaments"],"picked":"SKIP","floor":13},{"not_picked":["Disarm","Headbutt"],"picked":"Armaments","floor":13},{"not_picked":["Blood for Blood","Iron Wave"],"picked":"Shrug It Off","floor":14},{"not_picked":["Berserk","Juggernaut"],"picked":"Fiend Fire","floor":16},{"not_picked":["Heavy Blade","Uppercut","Headbutt+1"],"picked":"SKIP","floor":18},{"not_picked":["Thunderclap","Havoc"],"picked":"Infernal Blade","floor":20},{"not_picked":["Shrug It Off","Blood for Blood"],"picked":"Dropkick+1","floor":21},{"not_picked":["Sever Soul","Anger"],"picked":"Immolate","floor":24},{"not_picked":["Carnage+1","Body Slam+1"],"picked":"True Grit+1","floor":28},{"not_picked":["Clothesline+1","Sword Boomerang+1"],"picked":"Thunderclap+1","floor":31},{"not_picked":["Demon Form","Limit Break"],"picked":"Immolate+1","floor":33},{"not_picked":["Headbutt+1","Clash+1","Thunderclap+1"],"picked":"SKIP","floor":35},{"not_picked":["Perfected Strike+1","Shockwave+1","Dropkick+1"],"picked":"Singing Bowl","floor":39},{"not_picked":["Pommel Strike+1","Uppercut+1"],"picked":"Dark Embrace","floor":40},{"not_picked":["Clash+1","Sword Boomerang+1"],"picked":"Power Through","floor":42},{"not_picked":["Iron Wave+1","Headbutt+1","Flex+1"],"picked":"Singing Bowl","floor":45}],"player_experience":545733,"relics_obtained":[{"floor":9,"key":"Mango"},{"floor":13,"key":"Bottled Flame"},{"floor":34,"key":"PreservedInsect"},{"floor":34,"key":"Blue Candle"},{"floor":34,"key":"Ginger"},{"floor":38,"key":"Singing Bowl"},{"floor":39,"key":"Torii"},{"floor":40,"key":"Ice Cream"},{"floor":43,"key":"Toy Ornithopter"},{"floor":45,"key":"Letter Opener"}],"event_choices":[{"damage_healed":0,"gold_gain":0,"player_choice":"Take Damage","damage_taken":18,"relics_obtained":["Golden Idol"],"max_hp_gain":0,"max_hp_loss":0,"event_name":"Golden Idol","floor":4,"gold_loss":0},{"cards_removed":["Strike_R"],"damage_healed":0,"gold_gain":0,"player_choice":"Upgrade and Remove","damage_taken":0,"max_hp_gain":0,"max_hp_loss":0,"event_name":"Designer","floor":19,"gold_loss":90,"cards_upgraded":["Strike_R"]},{"damage_healed":0,"gold_gain":0,"player_choice":"Read","damage_taken":0,"max_hp_gain":0,"max_hp_loss":0,"event_name":"The Library","floor":22,"gold_loss":0,"cards_obtained":["True Grit"]},{"cards_removed":["Strike_R"],"damage_healed":0,"gold_gain":0,"player_choice":"Offered Basic","damage_taken":0,"max_hp_gain":0,"max_hp_loss":0,"event_name":"Bonfire Elementals","floor":29,"gold_loss":0},{"damage_healed":0,"gold_gain":0,"player_choice":"Paid","damage_taken":0,"relics_obtained":["Red Mask"],"max_hp_gain":0,"max_hp_loss":0,"event_name":"Tomb of Lord Red Mask","floor":37,"gold_loss":19},{"damage_healed":0,"gold_gain":0,"player_choice":"Fight","damage_taken":0,"max_hp_gain":0,"max_hp_loss":0,"event_name":"MindBloom","floor":39,"gold_loss":0}],"is_beta":false,"boss_relics":[{"not_picked":["Runic Pyramid","Runic Cube"],"picked":"Sozu"},{"not_picked":["Velvet Choker","Coffee Dripper"],"picked":"Calling Bell"}],"items_purged_floors":[25,36],"is_endless":false,"potions_floor_spawned":[2,7,11,14,18,20,21,31,42,45],"killed_by":"Spire Growth","ascension_level":0}}