{"host":"2i0myh7fqij2ti1z","time":1608795901,"event":{"mods":["Aspiration","BaseMod","Better Third Choice","Colored Powertips","FoggyMod","Highlight Path","Minty Spire (QoL Compilation)","Permanent Neow","Quick Restart","Random Character Button","Random Character Mod","Relic Sorter","Replay The Spire","Shop Mod","Spicy Shops","StSLib","Transform Curses","Wandering Minibosses","vexMod"],"gold_per_floor":[135,135,195,18843,17908,17908,16848,16938,16961,17057,15743,16093,16177,16177,16177,16462,16462,16510,16510,14816,12537,8785,8891,8891,8891,8933,8933,9017,9103,9181,7019,7019,7372,7372,7417,7693,7840,7931,8171,8148,7509,7549,7558,7558,7591,7591,7687,6525,6525,6535],"floor_reached":51,"playtime":3136,"items_purged":["Defend_R","Defend_R","Strike_R","Strike_R","Strike_R","Bash","Strike_R","Life Link+1"],"score":1311,"play_id":"711dcc6f-3fc6-4cec-8bc4-501ee3e3dc80","local_time":"20201224154501","daily_mods":["Cursed Run","Vintage","Midas"],"is_ascension_mode":true,"campfire_choices":[],"circlet_count":10,"master_deck":["Berserk+1","vexMod:StairwayStrike+1","Headbutt+1","Writhe","Spreading Infection","Searing Blow+2","Rupture+1","Dual Wield+1","CommonCold","Overencumbered","Writhe","Core Surge+1","Delirium","Amnesia","Doubt","Corruption+1","AbeCurse","Delirium","Fire Breathing+1","Shockwave+1","Barricade+1","Parasite","Shame","Hallucinations","ReplayTheSpireMod:Faulty Equipment+1","Shame","CommonCold","ReplayTheSpireMod:Restless Dread","Limit Break+1","Regret","Voices","Hallucinations","Languid","Normality","Delirium","Clumsy","Overencumbered","Parasite","Parasite","CommonCold","Sickly","Languid"],"relics":["Cursed Key","Darkstone Periapt","Du-Vu Doll","Ring of Chaos","Orichalcum","vexMod:HeadHunter","Snack Pack","Replay:Multitool","vexMod:RetaliationKit","Regal Pillow","ReplayTheSpireMod:ShopPack","Blue Candle","ReplayTheSpireMod:TigerMarble","Oddly Smooth Stone","Guide Book","WingedGreaves","Pondfish Scales","MerchantsRug","Frozen Eye","vexMod:BarristanHead","aspiration:HiddenCompartment","Centennial Puzzle","vexMod:Dragonfruit","Anchor","Girya","OrangePellets","ReplayTheSpireMod:Ring of Exchange","Ring of Greed","The Courier","Old Coin","Blood Vial","White Beast Statue","Abe\u0027s Treasure","aspiration:FrozenJewel","Membership Card","Molten Egg 2","Lizard Tail","ReplayFunnel","vexMod:ScavengeHelm","Mercury Hourglass","vexMod:MemoryStick","Divine Protection","Pen Nib","Bronze Scales","Bag of Marbles","Replay:Mystery Machine","Replay:Wax Seal","Gremlin Horn","Replay:PocketPolymizer","vexMod:PlasmaPancake","Nunchaku","Pantograph","Blue Doll","aspiration:ArtOfWarUpgrade","Prayer Wheel","Mummified Hand","Tiny Chest","vexMod:CardConverter","vexMod:InvisibilityCloak","Replay:Drink Me","Mirror","Eternal Feather","Singing Bowl","Question Card","MealTicket","aspiration:Lifesprig","Replay:Rubber Ducky","Replay:Bandana","Meat on the Bone","Strawberry","Mango","King of Hearts","Red Skull","Chameleon Ring","Frozen Egg 2","CeramicFish","Replay:Ringing Soul","Black Star","Magic Flower","Turnip","Iron Hammer","Another Sword","Vajra","Toy Ornithopter","HornCleat","Charon\u0027s Ashes","Bottled Tornado","aspiration:ChemicalBlood","Juzu Bracelet","Durian","Lantern","Bottled Lightning","aspiration:HummingbirdHeart","Akabeko","vexMod:FocusSash","Gremlin Food","Potion Belt","TungstenRod","ReplayTheSpireMod:Lightbulb","War Paint","Happy Flower","Bag of Preparation","Peace Pipe","Whetstone","Kunai","Boot","Replay:Arrowhead","Replay:Kaleidoscope","vexMod:RedPlottingStone","PreservedInsect","Golden Egg","Bird Faced Urn","Toxic Egg 2","Shuriken","aspiration:StickyExplosives_weak","Matryoshka","aspiration:FetidBarrel","Replay:Accelerometer","ReplayTheSpireMod:Shallot","PrismaticShard","Red Mask","Pear","StrikeDummy","vexMod:ConsolationPrize","Onion Ring","Self Forming Clay","Calipers","Sundial","Quantum Egg","vexMod:BerryBomb","Garlic","Replay:WaspNest","aspiration:HatOfInfinitePower","Counterbalance","aspiration:AnachronicSnailShell","SacredBark","Torii","TheAbacus","FossilizedHelix","Incense Burner","Ice Cream","Thread and Needle","Replay:Grab Bag","Replay:Bronze Core","vexMod:DeviousBotling","Snecko Heart","vexMod:ImprovementManual","CaptainsWheel","Ginger","aspiration:Headhunter","StoneCalendar","Circlet","vexMod:TanglingVine","ReplayTheSpireMod:DimensionalGlitch","aspiration:Nostalgia","Ring of the Snake","aspiration:SecretTechniqueScroll"],"acts_visited":["Exordium","TheCity","TheBeyond"],"potions_floor_usage":[50,50,50],"damage_taken":[{"damage":5.0,"enemies":"Small Slimes","floor":1.0,"turns":3.0},{"damage":7.0,"enemies":"2 Louse","floor":3.0,"turns":2.0},{"damage":12.0,"enemies":"Lagavulin","floor":8.0,"turns":3.0},{"damage":24.0,"enemies":"3 Sentries","floor":10.0,"turns":5.0},{"damage":0.0,"enemies":"Lagavulin","floor":13.0,"turns":2.0},{"damage":44.0,"enemies":"Fading Forest","floor":16.0,"turns":11.0},{"damage":0.0,"enemies":"3 Byrds","floor":18.0,"turns":2.0},{"damage":0.0,"enemies":"Gremlin Leader","floor":23.0,"turns":1.0},{"damage":0.0,"enemies":"Masked Bandits","floor":28.0,"turns":1.0},{"damage":0.0,"enemies":"Book of Stabbing","floor":30.0,"turns":2.0},{"damage":0.0,"enemies":"Collector","floor":33.0,"turns":2.0},{"damage":0.0,"enemies":"3 Darklings","floor":35.0,"turns":2.0},{"damage":0.0,"enemies":"2 Orb Walkers","floor":37.0,"turns":2.0},{"damage":0.0,"enemies":"Mind Bloom Boss Battle","floor":40.0,"turns":2.0},{"damage":0,"enemies":"Nemesis","floor":42,"turns":2},{"damage":0,"enemies":"R_Hoarder","floor":47,"turns":1},{"damage":1,"enemies":"Donu and Deca","floor":50,"turns":3}],"seed_played":"-8536363875345117277","potions_obtained":[{"floor":1.0,"key":"FairyPotion"},{"floor":3.0,"key":"Fire Potion"},{"floor":13.0,"key":"Energy Potion"},{"floor":16.0,"key":"DistilledChaos"},{"floor":28.0,"key":"CultistPotion"},{"floor":33.0,"key":"Strength Potion"},{"floor":36.0,"key":"Fruit Juice"},{"floor":36.0,"key":"ColorlessPotion"}],"is_trial":true,"path_per_floor":["M","?","M","$","$","?","$","E","T","E","$","?","E","?","R","B",null,"M","?","$","$","$","E","R","?","T","?","?","T","E","$","R","B",null,"M","?","?","T","?","?","$","E","T","?","T","?","E","$","R","B",null],"character_chosen":"IRONCLAD","items_purchased":["Snack Pack","Replay:Multitool","vexMod:RetaliationKit","Regal Pillow","Berserk","ReplayTheSpireMod:ShopPack","Blue Candle","ReplayTheSpireMod:TigerMarble","Oddly Smooth Stone","Guide Book","Omamori","WingedGreaves","Pondfish Scales","MerchantsRug","Frozen Eye","vexMod:Dragonfruit","Anchor","Girya","OrangePellets","Rupture","Dual Wield","Membership Card","Molten Egg 2","Lizard Tail","ReplayFunnel","vexMod:ScavengeHelm","Mercury Hourglass","vexMod:MemoryStick","Divine Protection","Pen Nib","Bronze Scales","Bag of Marbles","Replay:Mystery Machine","Replay:Wax Seal","Gremlin Horn","Replay:PocketPolymizer","vexMod:PlasmaPancake","Nunchaku","Pantograph","Blue Doll","Art of War","Prayer Wheel","Mummified Hand","Tiny Chest","vexMod:CardConverter","vexMod:InvisibilityCloak","Replay:Drink Me","Mirror","Eternal Feather","Singing Bowl","Question Card","MealTicket","aspiration:Lifesprig","Replay:Rubber Ducky","Replay:Bandana","Meat on the Bone","Strawberry","Mango","King of Hearts","Red Skull","Chameleon Ring","Frozen Egg 2","CeramicFish","Replay:Ringing Soul","Fire Breathing+1","Black Star","Magic Flower","Turnip","Iron Hammer","Another Sword","Vajra","Toy Ornithopter","HornCleat","Charon\u0027s Ashes","Bottled Tornado","aspiration:ChemicalBlood","Juzu Bracelet","Durian","Lantern","Bottled Lightning","aspiration:HummingbirdHeart","Akabeko","vexMod:FocusSash","Gremlin Food","Potion Belt","TungstenRod","ReplayTheSpireMod:Lightbulb","War Paint","Happy Flower","Bag of Preparation","Peace Pipe","Whetstone","Kunai","Boot","Replay:Arrowhead","Replay:Kaleidoscope","vexMod:RedPlottingStone","PreservedInsect","Golden Egg","Bird Faced Urn","Toxic Egg 2","Shuriken","aspiration:StickyExplosives_weak","Shockwave+1","Self Forming Clay","Calipers","Sundial","Quantum Egg","vexMod:BerryBomb","Garlic","Replay:WaspNest","aspiration:HatOfInfinitePower","Counterbalance","aspiration:AnachronicSnailShell","SacredBark","Torii","TheAbacus","FossilizedHelix","Incense Burner","Ice Cream","Thread and Needle","vexMod:TanglingVine","ReplayTheSpireMod:DimensionalGlitch","Circlet","aspiration:Nostalgia","Circlet","aspiration:SecretTechniqueScroll","Circlet","Circlet","Circlet","Life Link+1"],"campfire_rested":0,"item_purchase_floors":[4,4,4,4,4,4,5,5,5,5,7,7,7,7,7,11,11,11,11,11,11,20,20,20,20,20,20,20,20,20,20,20,20,20,20,20,20,20,20,20,20,21,21,21,21,21,21,21,21,21,21,21,21,21,21,21,21,21,21,21,21,21,21,21,22,22,22,22,22,22,22,22,22,22,22,22,22,22,22,22,22,22,22,22,22,22,22,22,22,22,22,22,22,22,22,22,22,22,22,22,22,22,22,22,31,31,31,31,31,31,31,31,31,31,31,31,31,31,31,31,31,41,41,41,48,48,48,48,48,48,48],"current_hp_per_floor":[75,75,68,68,68,68,74,66,72,50,55,73,75,66,66,50,139,145,145,151,135,147,154,154,154,173,168,173,202,210,216,216,253,253,253,297,310,321,340,340,351,355,366,366,377,377,391,397,397,407],"gold":6535,"neow_bonus":"","is_daily":false,"chose_seed":false,"campfire_upgraded":0,"win_rate":0.0,"timestamp":1608795901,"path_taken":["M","?","?","?","$","?","?","E","T","E","$","?","E","?","R","BOSS","M","?","$","$","$","E","R","?","T","?","?","?","E","?","R","BOSS","M","?","?","?","?","?","$","E","T","?","?","?","E","$","R","BOSS"],"items_purchased_type":["Relic","Relic","Relic","Relic","Card","Relic","Relic","Relic","Relic","Relic","Relic","Relic","Relic","Relic","Relic","Relic","Relic","Relic","Relic","Card","Card","Relic","Relic","Relic","Relic","Relic","Relic","Relic","Relic","Relic","Relic","Relic","Relic","Relic","Relic","Relic","Relic","Relic","Relic","Relic","Relic","Relic","Relic","Relic","Relic","Relic","Relic","Relic","Relic","Relic","Relic","Relic","Relic","Relic","Relic","Relic","Relic","Relic","Relic","Relic","Relic","Relic","Relic","Relic","Card","Relic","Relic","Relic","Relic","Relic","Relic","Relic","Relic","Relic","Relic","Relic","Relic","Relic","Relic","Relic","Relic","Relic","Relic","Relic","Relic","Relic","Relic","Relic","Relic","Relic","Relic","Relic","Relic","Relic","Relic","Relic","Relic","Relic","Relic","Relic","Relic","Relic","Relic","Card","Relic","Relic","Relic","Relic","Relic","Relic","Relic","Relic","Relic","Relic","Relic","Relic","Relic","Relic","Relic","Relic","Relic","Relic","Relic","Undefined","Relic","Undefined","Relic","Undefined","Undefined","Undefined","Card"],"build_version":"2020-12-22","purchased_purges":8,"victory":true,"max_hp_per_floor":[80,80,80,80,80,80,86,86,92,92,97,115,115,115,115,133,139,145,145,151,135,147,154,154,154,173,175,177,206,210,216,216,253,253,253,297,310,321,340,340,351,355,366,366,377,377,392,397,397,408],"card_choices":[{"not_picked":["Replay:Sssssssssstrike","Specialist"],"picked":"vexMod:StairwayStrike","floor":4.0},{"not_picked":["Hemogenesis","Offering"],"picked":"Berserk","floor":8.0},{"not_picked":["Feel No Pain","Twin Strike","Sword Boomerang"],"picked":"SKIP","floor":8.0},{"not_picked":["Exhume","Corruption"],"picked":"Berserk","floor":10.0},{"not_picked":["Armaments","ReplayTheSpireMod:Strike From Hell"],"picked":"Searing Blow","floor":10.0},{"not_picked":["Impervious","Exhume"],"picked":"Berserk","floor":13.0},{"not_picked":["Bludgeon","Thunderclap","Pommel Strike"],"picked":"SKIP","floor":13.0},{"not_picked":["Replay:Many Hands","Exhume"],"picked":"Corruption","floor":16.0},{"not_picked":["Demon Form","Demonic Infusion","Exhume"],"picked":"Barricade","floor":23.0},{"not_picked":["Headbutt+1","Sword Boomerang+1","Iron Wave+1","Hemokinesis+1"],"picked":"Singing Bowl","floor":23.0},{"not_picked":["Sentinel+1","Ghostly Armor+1","ReplayTheSpireMod:Strike From Hell+1","Thunderclap+1"],"picked":"Singing Bowl","floor":27.0},{"not_picked":["Poisoned Strike+1","Sucker Punch+1","Ball Lightning+1","Prepared+1"],"picked":"Singing Bowl","floor":28.0},{"not_picked":["Hemogenesis","Bludgeon","Berserk","Feed"],"picked":"Singing Bowl","floor":30.0},{"not_picked":["Iron Wave+1","Perfected Strike+1","Capacitor+1","Footwork+1"],"picked":"Singing Bowl","floor":30.0},{"not_picked":["ReplayTheSpireMod:Necrogeddon+1","Multi-Cast+1","Tools of the Trade+1"],"picked":"Limit Break+1","floor":33.0},{"not_picked":["Dagger Spray+1","Beam Cell+1","Replay:AtTheReady+1","PanicButton+1"],"picked":"Singing Bowl","floor":36.0},{"not_picked":["Flex+1","Clash+1","Doom and Gloom+1","Wild Strike+1"],"picked":"Singing Bowl","floor":37.0},{"not_picked":["Demonic Infusion","Berserk","Corruption","Feed"],"picked":"Singing Bowl","floor":42},{"not_picked":["BasicCrystalCard+1","Replay:Bag of Tricks+1","EmptyFist+1","Dramatic Entrance+1"],"picked":"Singing Bowl","floor":42},{"not_picked":["Double Tap","Exhume","Barricade","Feed"],"picked":"Singing Bowl","floor":47},{"not_picked":["Life Link+1","Time Bomb+1","Clothesline+1","Dropkick+1"],"picked":"Singing Bowl","floor":47}],"player_experience":188185,"relics_obtained":[{"floor":1.0,"key":"Orichalcum"},{"floor":3.0,"key":"vexMod:HeadHunter"},{"floor":8.0,"key":"vexMod:BarristanHead"},{"floor":9.0,"key":"aspiration:HiddenCompartment"},{"floor":10.0,"key":"Centennial Puzzle"},{"floor":12.0,"key":"ReplayTheSpireMod:Ring of Exchange"},{"floor":12.0,"key":"Ring of Greed"},{"floor":12.0,"key":"The Courier"},{"floor":12.0,"key":"Old Coin"},{"floor":13.0,"key":"Blood Vial"},{"floor":18.0,"key":"aspiration:FrozenJewel"},{"floor":23.0,"key":"Matryoshka"},{"floor":23.0,"key":"aspiration:FetidBarrel"},{"floor":26.0,"key":"Replay:Accelerometer"},{"floor":26.0,"key":"ReplayTheSpireMod:Shallot"},{"floor":27.0,"key":"PrismaticShard"},{"floor":28.0,"key":"Red Mask"},{"floor":29.0,"key":"Pear"},{"floor":29.0,"key":"StrikeDummy"},{"floor":30.0,"key":"vexMod:ConsolationPrize"},{"floor":30.0,"key":"Onion Ring"},{"floor":35.0,"key":"CaptainsWheel"},{"floor":36.0,"key":"Ginger"},{"floor":37.0,"key":"aspiration:Headhunter"},{"floor":38.0,"key":"StoneCalendar"},{"floor":43,"key":"Circlet"},{"floor":45,"key":"Circlet"},{"floor":47,"key":"Circlet"},{"floor":47,"key":"Circlet"}],"event_choices":[{"cards_removed":["Defend_R"],"damage_healed":0.0,"max_hp_gain":0.0,"max_hp_loss":0.0,"gold_gain":0.0,"event_name":"Purifier","player_choice":"Purged","floor":2.0,"gold_loss":0.0,"damage_taken":0.0},{"damage_healed":0.0,"max_hp_gain":0.0,"max_hp_loss":0.0,"gold_gain":0.0,"event_name":"Ghosts","player_choice":"Ignored","floor":19.0,"gold_loss":0.0,"damage_taken":0.0},{"damage_healed":0.0,"max_hp_gain":0.0,"max_hp_loss":0.0,"gold_gain":0.0,"event_name":"FaceTrader","player_choice":"Leave","floor":25.0,"gold_loss":0.0,"damage_taken":0.0},{"damage_healed":0.0,"max_hp_gain":0.0,"max_hp_loss":0.0,"gold_gain":0.0,"event_name":"Masked Bandits","player_choice":"Fought Bandits","floor":28.0,"gold_loss":0.0,"damage_taken":0.0},{"damage_healed":0.0,"max_hp_gain":0.0,"max_hp_loss":0.0,"gold_gain":0.0,"event_name":"Mysterious Sphere","player_choice":"Fight","floor":37.0,"gold_loss":0.0,"damage_taken":0.0},{"damage_healed":0.0,"max_hp_gain":0.0,"max_hp_loss":0.0,"gold_gain":222.0,"event_name":"Tomb of Lord Red Mask","player_choice":"Wore Mask","floor":39.0,"gold_loss":0.0,"damage_taken":0.0},{"damage_healed":0.0,"max_hp_gain":0.0,"max_hp_loss":0.0,"gold_gain":0.0,"event_name":"MindBloom","player_choice":"Fight","floor":40.0,"gold_loss":0.0,"damage_taken":0.0},{"cards_removed":["Berserk"],"damage_healed":0,"gold_gain":0,"player_choice":"Removed Power","damage_taken":0,"max_hp_gain":0,"max_hp_loss":0,"event_name":"Falling","floor":46,"gold_loss":0}],"is_beta":false,"boss_relics":[{"not_picked":["vexMod:BigBerry","Kintsugi"],"picked":"Abe\u0027s Treasure"},{"not_picked":["aspiration:RitualDagger","Busted Crown"],"picked":"Replay:Grab Bag"},{"not_picked":["vexMod:RockOfEvil","vexMod:CursedCompass"],"picked":"Replay:Bronze Core"},{"not_picked":["Sozu","Painkiller Herb"],"picked":"vexMod:DeviousBotling"},{"not_picked":["Pandora\u0027s Box","aspiration:DefectSkillbook"],"picked":"Snecko Heart"},{"not_picked":["Empty Cage","aspiration:SilentSkillbook"],"picked":"vexMod:ImprovementManual"}],"items_purged_floors":[4,5,5,7,11,11,20,48],"is_endless":false,"potions_floor_spawned":[1,3,13,16,18,28,33,35,37,40],"ascension_level":1}}