{"host":"z9grmtg2w0nmz8n1","time":1608786291,"event":{"mods":["Aspiration","Bard","BaseMod","Beaked The Cultist","Better Altar","Better Match","Better Note","Better Sensory Stone","Better Skull","Better Third Choice","BetterRewards","CCEM","Colored Map","Conspire","Downfall","GifTheSpireLib","Googly Eyes","Halation","Hermit","Highlight Path","Hubris","Hunter ??","Jedi Mod","Jorbs\u0027s Wanderer Trilogy","Mad Scientist","Marisa????????","Minty Spire (QoL Compilation)","Permanent Neow","Replay The Spire","Shade Mod","Shop Mod","Spicy Shops","StSLib","Stuff the Spire","The Bug Knight","The Construct","The Necromancer","The Runesmith","The Witch"],"gold_per_floor":[118,132,44,61,72,72,84,114,165,184,259,287,307,318,318,416,416,429,439,439,457,467,497,497,527,527,527,615,628,648,677,677,772,772,792,792,842,862,862,892,892,233,233,233,246,257,288,288,288,288,288,288,476,476,476,476],"floor_reached":55,"playtime":53578,"items_purged":["Amnesia"],"score":1076,"play_id":"7ff81b55-9d8a-4670-a81e-c9a830aede81","local_time":"20201224030451","is_ascension_mode":false,"campfire_choices":[{"floor":6,"key":"RECALL"},{"floor":15,"key":"REST"},{"data":"Runesmith:ChaoticBlast","floor":24,"key":"SMITH"},{"data":"Runesmith:FissionHammer","floor":27,"key":"SMITH"},{"data":"Parasite","floor":32,"key":"PURGE"},{"data":"Runesmith:Fortify","floor":44,"key":"SMITH"},{"data":"Panache","floor":48,"key":"SMITH"},{"data":"Runesmith:Attraction","floor":49,"key":"SMITH"},{"data":"Runesmith:EarthShield","floor":52,"key":"SMITH"}],"circlet_count":0,"master_deck":["Runesmith:Defend_RS","Runesmith:Defend_RS","Runesmith:CraftFirestone","Runesmith:Fortify+1","Dramatic Entrance","Runesmith:Augment","Runesmith:StaticCage","Runesmith:CraftVitae+1","Runesmith:CraftMagma","Runesmith:ChaoticBlast+1","Runesmith:ChiselStab","Runesmith:CraftMagma","Runesmith:FissionHammer+1","Runesmith:EarthShield+1","Runesmith:Grindstone+1","Runesmith:CraftMagma","Runesmith:CraftMagma+1","Runesmith:Permafrost+1","Runesmith:Attraction+1","Runesmith:CraftMagma+1","Runesmith:GoWithTheFlow+1","Runesmith:CraftIncendium+1","Panache+1","Runesmith:ArcReactor"],"relics":["Runesmith:BrokenRuby","StuffTheSpire:HeavyRock","Quantum Egg","Pocketwatch","Replay:Grab Bag","jedi:hotpepper","Coffee Dripper","Kintsugi","conspire:RunicOctahedron","CCEMRelics:PorcelainBowl","halation:AfternoonTea","StuffTheSpire:Gunfinga","Potion Belt","Dream Catcher","conspire:SlowCooker","hubris:Icosahedron","Calipers","jedi:arcanewood","CCEMRelics:WrappedPresent","Pet Ghost","StuffTheSpire:Nightcore","Thread and Needle","War Paint","jedi:ominousloannote","Nunchaku"],"acts_visited":["Exordium","TheCity","TheBeyond","TheEnding"],"potions_floor_usage":[16,23,35,35,38,38,50,55,55],"damage_taken":[{"damage":0,"enemies":"Small Slimes","floor":1,"turns":2},{"damage":0,"enemies":"Cultist","floor":2,"turns":5},{"damage":0,"enemies":"conspire:RoseBush","floor":4,"turns":2},{"damage":0,"enemies":"Blue Slaver","floor":5,"turns":4},{"damage":0,"enemies":"Large Slime","floor":7,"turns":9},{"damage":18,"enemies":"3 Sentries","floor":8,"turns":16},{"damage":0,"enemies":"Exordium Thugs","floor":10,"turns":5},{"damage":2,"enemies":"Lagavulin","floor":12,"turns":6},{"damage":0,"enemies":"2 Fungi Beasts","floor":13,"turns":1},{"damage":0,"enemies":"Blue Slaver","floor":14,"turns":4},{"damage":50,"enemies":"Fading Forest","floor":16,"turns":11},{"damage":1,"enemies":"Shell Parasite","floor":18,"turns":5},{"damage":0,"enemies":"3 Byrds","floor":19,"turns":3},{"damage":0,"enemies":"3 Cultists","floor":21,"turns":4},{"damage":0,"enemies":"Snake Plant","floor":22,"turns":3},{"damage":0,"enemies":"Gremlin Leader","floor":23,"turns":7},{"damage":0,"enemies":"Book of Stabbing","floor":25,"turns":5},{"damage":0,"enemies":"Snecko","floor":29,"turns":5},{"damage":0,"enemies":"Centurion and Healer","floor":30,"turns":4},{"damage":0,"enemies":"HollowMod:Nosk","floor":31,"turns":5},{"damage":0,"enemies":"conspire:MysteriousRune","floor":33,"turns":7},{"damage":1,"enemies":"Orb Walker","floor":35,"turns":3},{"damage":0,"enemies":"Mind Bloom Boss Battle","floor":37,"turns":5},{"damage":0,"enemies":"3 Shapes","floor":38,"turns":2},{"damage":0,"enemies":"R_Hoarder","floor":40,"turns":5},{"damage":0,"enemies":"Jaw Worm Horde","floor":45,"turns":3},{"damage":0,"enemies":"Sphere and 2 Shapes","floor":46,"turns":2},{"damage":0,"enemies":"Reptomancer","floor":47,"turns":4},{"damage":0,"enemies":"conspire:OrnateMirror","floor":50,"turns":6},{"damage":14,"enemies":"Shield and Spear","floor":54,"turns":5},{"damage":55,"enemies":"The Heart","floor":55,"turns":9}],"seed_played":"8290185536665598021","potions_obtained":[{"floor":8,"key":"SteroidPotion"},{"floor":10,"key":"GamblersBrew"},{"floor":13,"key":"SneckoOil"},{"floor":16,"key":"FairyPotion"},{"floor":22,"key":"AttackPotion"},{"floor":23,"key":"LifebloodPotion"},{"floor":29,"key":"jedi:StrikingPotion"},{"floor":31,"key":"Swift Potion"},{"floor":35,"key":"Strength Potion"},{"floor":37,"key":"AttackPotion"},{"floor":45,"key":"Energy Potion"},{"floor":47,"key":"Cursed Concoction"}],"is_trial":false,"path_per_floor":["M","M","?","M","M","R","M","E","T","M","?","E","M","M","R","B",null,"M","M","?","M","M","E","R","E","T","R","?","M","M","E","R_BF","B",null,"M","?","?","M","?","E","?","$","T","R","M","M","E","R","R","B",null,"R","$","E","B"],"character_chosen":"RUNESMITH_CLASS","items_purchased":["Panache","CCEMRelics:WrappedPresent","Pet Ghost","Runesmith:ArcReactor","jedi:ominousloannote"],"campfire_rested":1,"item_purchase_floors":[42,42,42,53,53],"current_hp_per_floor":[70,70,70,70,70,70,70,52,52,52,41,39,39,39,60,35,52,51,51,51,51,51,51,51,51,51,51,45,45,45,45,45,45,49,48,48,48,48,48,48,48,52,52,52,52,52,52,52,52,52,52,52,52,38,0,0],"gold":476,"neow_bonus":"RANDOM_COLORLESS","is_daily":false,"chose_seed":false,"campfire_upgraded":6,"win_rate":0.0,"timestamp":1608786291,"path_taken":["M","M","?","?","?","R","M","E","T","M","?","E","M","M","R","BOSS","M","M","?","M","M","E","R","E","T","R","?","M","M","E","R_BF","BOSS","M","?","?","M","?","E","?","?","T","R","?","M","E","?","R","BOSS","R","$","E","BOSS"],"items_purchased_type":["Card","Relic","Relic","Card","Relic"],"build_version":"2020-12-22","purchased_purges":1,"victory":false,"max_hp_per_floor":[70,70,70,70,70,70,70,70,70,70,70,70,70,70,70,70,52,52,52,52,52,52,52,52,52,52,52,52,52,52,52,49,49,49,49,49,49,49,49,49,49,52,52,52,52,52,52,52,52,52,52,52,52,52,52,52],"card_choices":[{"not_picked":["Mind Blast","jedi:forcepull"],"picked":"Dramatic Entrance","floor":0},{"not_picked":["Runesmith:HammerThrow","Runesmith:Terraform"],"picked":"Runesmith:Augment","floor":1},{"not_picked":["Runesmith:Retool","Runesmith:StaticCage","Runesmith:Refine"],"picked":"SKIP","floor":2},{"not_picked":["Runesmith:Empowerment","Runesmith:BackupBattery","Runesmith:EnergizedChisel"],"picked":"SKIP","floor":4},{"not_picked":["Runesmith:ShiftingStrike","aspiration:UnbridledHammer"],"picked":"Runesmith:StaticCage","floor":5},{"not_picked":["Runesmith:Augment","Runesmith:Grindstone"],"picked":"Runesmith:CraftVitae","floor":7},{"not_picked":["Runesmith:Grindstone","Runesmith:HammerThrow"],"picked":"Runesmith:CraftMagma","floor":8},{"not_picked":["Runesmith:HammerTime","Runesmith:PerfectChisel"],"picked":"Runesmith:ChaoticBlast","floor":10},{"not_picked":["Runesmith:CraftPrismatica","Runesmith:Accelerate"],"picked":"Runesmith:ChiselStab","floor":12},{"not_picked":["Runesmith:UnstableHammer","Runesmith:DoubleUp"],"picked":"Runesmith:CraftMagma","floor":13},{"not_picked":["Runesmith:NegativeSpace","Runesmith:Repurpose","Runesmith:Malloc"],"picked":"SKIP","floor":14},{"not_picked":["Runesmith:GrandSlam","Runesmith:GenerateForcefield"],"picked":"Runesmith:FissionHammer","floor":16},{"not_picked":["Runesmith:CraftProtectio","Runesmith:Terraform+1","Runesmith:MakeshiftArmor"],"picked":"SKIP","floor":18},{"not_picked":["Runesmith:HammerAndChisel+1","Runesmith:CraftProtectio"],"picked":"Runesmith:EarthShield","floor":19},{"not_picked":["Runesmith:StaticCage","Runesmith:Overpower+1","Runesmith:MakeshiftArmor"],"picked":"SKIP","floor":21},{"not_picked":["Runesmith:MakeshiftArmor","Runesmith:ChargedHammer","Runesmith:Repurpose"],"picked":"SKIP","floor":22},{"not_picked":["Runesmith:EnergizedChisel","Runesmith:HeatExchange"],"picked":"Runesmith:Grindstone+1","floor":23},{"not_picked":["Runesmith:Overpower","Runesmith:NanitesCloud","Runesmith:HeatExchange"],"picked":"SKIP","floor":25},{"not_picked":["Runesmith:EnergizedChisel","Runesmith:CraftPrismatica"],"picked":"Runesmith:CraftMagma","floor":28},{"not_picked":["Runesmith:HeatExchange","Runesmith:HammerAndChisel"],"picked":"Runesmith:CraftMagma","floor":28},{"not_picked":["Runesmith:CraftProtectio","Runesmith:BackupBattery+1"],"picked":"Runesmith:Permafrost","floor":29},{"not_picked":["Runesmith:HeatExchange+1","Runesmith:CraftProtectio"],"picked":"Runesmith:Attraction","floor":30},{"not_picked":["Runesmith:CraftVitae+1","Runesmith:Prism"],"picked":"Runesmith:CraftMagma+1","floor":31},{"not_picked":["Runesmith:NanitesCloud+1","Runesmith:MakeshiftArmor+1","Runesmith:ShiftingStrike+1"],"picked":"SKIP","floor":35},{"not_picked":["Runesmith:ElementalConversion","Runesmith:BackupBattery+1"],"picked":"Runesmith:GoWithTheFlow+1","floor":37},{"not_picked":["Runesmith:HeatExchange+1","Runesmith:CraftSpiculum+1"],"picked":"Runesmith:CraftIncendium+1","floor":38},{"not_picked":["Runesmith:WhiteBalance","aspiration:UnbridledHammer","Runesmith:CraftObretio"],"picked":"SKIP","floor":40},{"not_picked":["Runesmith:HeatedChisel+1","Runesmith:ShiftingStrike+1","Runesmith:FissionHammer"],"picked":"SKIP","floor":45},{"not_picked":["Runesmith:CraftProtectio","Runesmith:CraftVitae+1","Runesmith:HeatExchange+1"],"picked":"SKIP","floor":46},{"not_picked":["Runesmith:ChiselStab","Runesmith:Empowerment+1","Runesmith:CraftProtectio+1"],"picked":"SKIP","floor":47},{"not_picked":["Runesmith:CraftProtectio+1","Runesmith:ElementalConversion","Runesmith:Prism"],"picked":"SKIP","floor":54}],"player_experience":637601,"relics_obtained":[{"floor":8,"key":"Quantum Egg"},{"floor":12,"key":"Pocketwatch"},{"floor":23,"key":"CCEMRelics:PorcelainBowl"},{"floor":25,"key":"halation:AfternoonTea"},{"floor":26,"key":"StuffTheSpire:Gunfinga"},{"floor":28,"key":"Potion Belt"},{"floor":31,"key":"Dream Catcher"},{"floor":37,"key":"Calipers"},{"floor":40,"key":"jedi:arcanewood"},{"floor":42,"key":"StuffTheSpire:Nightcore"},{"floor":43,"key":"Thread and Needle"},{"floor":47,"key":"War Paint"},{"floor":54,"key":"Nunchaku"}],"event_choices":[{"damage_healed":0,"gold_gain":0,"player_choice":"Paid Gold","damage_taken":0,"relics_obtained":["StuffTheSpire:HeavyRock"],"max_hp_gain":0,"max_hp_loss":0,"event_name":"WeMeetAgain","floor":3,"gold_loss":88},{"damage_healed":0,"gold_gain":75,"player_choice":"Gold","damage_taken":11,"max_hp_gain":0,"max_hp_loss":0,"event_name":"betterThird:BetterGoop","floor":11,"gold_loss":0},{"cards_removed":["Parasite"],"damage_healed":0,"gold_gain":0,"player_choice":"Give","damage_taken":0,"max_hp_gain":0,"max_hp_loss":0,"event_name":"betterNote:BetterNote","floor":20,"gold_loss":0,"cards_obtained":["Runesmith:Defend_RS"]},{"damage_healed":0,"gold_gain":0,"player_choice":"Fight","damage_taken":0,"max_hp_gain":0,"max_hp_loss":0,"event_name":"MindBloom","floor":37,"gold_loss":0},{"cards_removed":["Runesmith:Defend_RS"],"damage_healed":0,"gold_gain":0,"player_choice":"Removed Skill","damage_taken":0,"max_hp_gain":0,"max_hp_loss":0,"event_name":"Falling","floor":39,"gold_loss":0}],"is_beta":false,"boss_relics":[{"not_picked":["StuffTheSpire:RunicConfusion","StuffTheSpire:ModemDavis"],"picked":"Replay:Grab Bag"},{"not_picked":["hubris:CrackedHourglass","Painkiller Herb"],"picked":"jedi:hotpepper"},{"not_picked":["Abe\u0027s Treasure","halation:CatFaceCupcake"],"picked":"Coffee Dripper"},{"not_picked":["SlaversCollar","Runic Pyramid"],"picked":"Kintsugi"},{"not_picked":["halation:Prosthetics","Replay:Drink Me"],"picked":"conspire:RunicOctahedron"},{"not_picked":["beaked:MawFillet","Runesmith:UraniumAnvil"],"picked":"conspire:SlowCooker"}],"items_purged_floors":[42],"is_endless":false,"potions_floor_spawned":[8,10,13,16,21,22,23,29,31,35,37,45,47],"killed_by":"The Heart","ascension_level":0}}