{"host":"cjhtzh7tp54jdfyv","time":1608834649,"event":{"mods":["AchievementEnabler","BaseMod","Colored Map","Colored Powertips","Curses Come First","DeckTracker","Filter the Spire","Minty Spire (QoL Compilation)","RNG Fix","Relic Sorter","Relic Stats","StSLib","The Cursed","Waifu the Spire","ojb\u0027s Better Paths Mod","ojb\u0027s Info Mod"],"gold_per_floor":[118,42,57,74,86,86,111,111,111,129,27,27,62,86,86,86,86],"floor_reached":16,"playtime":1107,"items_purged":[],"score":224,"play_id":"5833a532-fa7e-402b-8fdc-257e1e7099eb","local_time":"20201224133049","is_ascension_mode":true,"campfire_choices":[{"data":"TheCursedMod:PrepareRite","floor":6,"key":"SMITH"},{"floor":8,"key":"REST"},{"data":"TheCursedMod:CircleOfWindfury","floor":15,"key":"SMITH"}],"circlet_count":0,"master_deck":["AscendersBane","TheCursedMod:Strike_TheCursed","TheCursedMod:Strike_TheCursed","TheCursedMod:Strike_TheCursed","TheCursedMod:Strike_TheCursed","TheCursedMod:Defend_TheCursed","TheCursedMod:Defend_TheCursed","TheCursedMod:Defend_TheCursed","TheCursedMod:Defend_TheCursed","TheCursedMod:CursedWand","TheCursedMod:CleanUpWorkshop+1","TheCursedMod:Dregs","TheCursedMod:AbyssShockwave","TheCursedMod:LuckyCharm","TheCursedMod:Mangle","TheCursedMod:PrepareRite+1","TheCursedMod:RapidMovement","TheCursedMod:BloodBarrier","Madness","TheCursedMod:SpitefulPlan","TheCursedMod:CircleOfWindfury+1"],"relics":["TheCursedMod:BlackMagic101","Bottled Lightning","Golden Idol","Blood Vial"],"acts_visited":["Exordium"],"potions_floor_usage":[7,10,10,16],"damage_taken":[{"damage":7,"enemies":"Jaw Worm","floor":1,"turns":5},{"damage":3,"enemies":"Small Slimes","floor":3,"turns":2},{"damage":1,"enemies":"Cultist","floor":4,"turns":4},{"damage":21,"enemies":"Red Slaver","floor":5,"turns":4},{"damage":27,"enemies":"3 Sentries","floor":7,"turns":10},{"damage":2,"enemies":"Large Slime","floor":10,"turns":6},{"damage":22,"enemies":"Lagavulin","floor":13,"turns":9},{"damage":0,"enemies":"Gremlin Gang","floor":14,"turns":2},{"damage":11,"enemies":"Hexaghost","floor":16,"turns":7}],"seed_played":"-4872610121659336177","potions_obtained":[{"floor":4,"key":"DuplicationPotion"},{"floor":5,"key":"Explosive Potion"},{"floor":7,"key":"Strength Potion"},{"floor":13,"key":"SpeedPotion"}],"is_trial":false,"path_per_floor":["M","$","M","M","M","R","E","R","T","M","$","?","E","M","R","B"],"character_chosen":"THE_CURSED","items_purchased":["TheCursedMod:LuckyCharm","Madness"],"campfire_rested":1,"item_purchase_floors":[2,11],"current_hp_per_floor":[57,57,54,53,32,32,5,26,26,24,24,24,2,4,4,0,0],"gold":86,"neow_bonus":"UPGRADE_CARD","is_daily":false,"chose_seed":false,"campfire_upgraded":2,"win_rate":0.0,"timestamp":1608834649,"path_taken":["M","?","M","?","M","R","E","R","T","M","$","?","E","M","R","BOSS"],"items_purchased_type":["Card","Card"],"build_version":"2020-12-22","purchased_purges":0,"victory":false,"max_hp_per_floor":[71,71,71,71,71,71,71,71,71,71,71,64,64,64,64,64,64],"relic_stats":{"Blood Vial":4,"counters":[9,49],"Golden Idol":12,"obtain_stats":[{"Blood Vial":13,"TheCursedMod:BlackMagic101":0,"Golden Idol":12,"Bottled Lightning":9},{"Blood Vial":7,"TheCursedMod:BlackMagic101":0,"Golden Idol":6,"Bottled Lightning":5},{"Blood Vial":40,"TheCursedMod:BlackMagic101":0,"Golden Idol":31,"Bottled Lightning":25}]},"card_choices":[{"not_picked":["TheCursedMod:TacticalStrike","TheCursedMod:CircleOfBlood"],"picked":"TheCursedMod:AbyssShockwave","floor":1},{"not_picked":["TheCursedMod:TacticalStrike","TheCursedMod:Obscuration","TheCursedMod:SpitefulStrike"],"picked":"SKIP","floor":3},{"not_picked":["TheCursedMod:CircleOfCorruption","TheCursedMod:AbyssShockwave"],"picked":"TheCursedMod:Mangle","floor":4},{"not_picked":["TheCursedMod:SaltUponWound","TheCursedMod:SoulCrush"],"picked":"TheCursedMod:PrepareRite","floor":5},{"not_picked":["TheCursedMod:Stretching","TheCursedMod:PrepareRite"],"picked":"TheCursedMod:RapidMovement","floor":7},{"not_picked":["TheCursedMod:CursedBlade","TheCursedMod:CursedShiv"],"picked":"TheCursedMod:BloodBarrier","floor":10},{"not_picked":["TheCursedMod:CursedRelics","TheCursedMod:WearCloak"],"picked":"TheCursedMod:SpitefulPlan","floor":13},{"not_picked":["TheCursedMod:CircleOfFlame","TheCursedMod:SurpriseAttack"],"picked":"TheCursedMod:CircleOfWindfury","floor":14}],"player_experience":4398050,"relics_obtained":[{"floor":9,"key":"Bottled Lightning"},{"floor":13,"key":"Blood Vial"}],"event_choices":[{"damage_healed":0,"gold_gain":0,"player_choice":"Lose Max HP","damage_taken":0,"relics_obtained":["Golden Idol"],"max_hp_gain":0,"max_hp_loss":7,"event_name":"Golden Idol","floor":12,"gold_loss":0}],"is_beta":false,"boss_relics":[],"items_purged_floors":[],"is_endless":false,"potions_floor_spawned":[4,5,7,13],"killed_by":"Hexaghost","ascension_level":20}}