{"host":"17xjy7b7ubl548g2","time":1608845250,"event":{"mods":["2.2 Compatiblity","Act Like it!","Aspiration","Astrologer","Bard","BaseMod","Bestiary","Challenge The Spire","ChefMod","Colored Map","Conspire","Elementarium","Energized Spire","GifTheSpireLib","Halation","Hallownest","Hermit","Hubris","Infinite Spire","Jedi Mod","Jorbs\u0027s Wanderer Trilogy","Marisa（霧雨　魔理沙）","Marked Mod","Minty Spire (QoL Compilation)","Pale of the Ancients","Permanent Neow","Puzzle Mod","Replay The Spire","Robot Space Explorer","Spicy Shops","StSLib","Stuff the Spire","The Blue Laboratory","The Bug Knight","The Construct","The Disciple","The Hayseed","The Hierophant","The Runesmith","The Sage"],"gold_per_floor":[113,113,130,12,27,27,27],"floor_reached":6,"playtime":436,"items_purged":["Strike_P"],"score":65,"play_id":"52f7c8bd-11ef-438b-924d-3f77e78aeab1","local_time":"20201224162730","is_ascension_mode":true,"campfire_choices":[],"circlet_count":0,"master_deck":["AscendersBane","Strike_P","Strike_P","Strike_P","Defend_P","Defend_P","Defend_P","Defend_P","Eruption","Vigilance","Protect","BowlingBash","Wallop","EmptyBody+1","PathToVictory"],"relics":["PureWater","hubris:Towel"],"acts_visited":["Exordium"],"potions_floor_usage":[5,6],"damage_taken":[{"damage":0,"enemies":"Hallownest:monsterHuskWarrior","floor":1,"turns":2},{"damage":2,"enemies":"Hallownest:2_Baldur","floor":3,"turns":4},{"damage":15,"enemies":"2_ Uuma","floor":5,"turns":3},{"damage":1,"enemies":"Hallownest:eliteCrystalGuardian","floor":6,"turns":5}],"seed_played":"8701780108096878890","potions_obtained":[{"floor":1,"key":"blueLaboratory:PolymorphPotion"},{"floor":5,"key":"Adrenaline Potion"}],"is_trial":false,"path_per_floor":["M","?","M","$","M","E"],"character_chosen":"WATCHER","items_purchased":["EmptyBody+1"],"campfire_rested":0,"item_purchase_floors":[4],"current_hp_per_floor":[61,61,59,59,44,43,43],"gold":27,"neow_bonus":"THREE_CARDS","is_daily":false,"chose_seed":false,"campfire_upgraded":0,"win_rate":0.0,"timestamp":1608845250,"path_taken":["M","?","M","$","M","E"],"items_purchased_type":["Card"],"build_version":"2020-12-22","purchased_purges":1,"victory":false,"max_hp_per_floor":[68,68,68,68,68,68,68],"card_choices":[{"not_picked":["ClearTheMind","Pray"],"picked":"Protect","floor":0},{"not_picked":["MarkedMod:GentlePulse","EmptyFist"],"picked":"BowlingBash","floor":1},{"not_picked":["Nirvana","Halt"],"picked":"Wallop","floor":3},{"not_picked":["MarkedMod:GentlePulse","Replay:Cycle"],"picked":"PathToVictory","floor":5}],"player_experience":1625278,"relics_obtained":[],"event_choices":[],"is_beta":false,"boss_relics":[],"items_purged_floors":[4],"is_endless":false,"potions_floor_spawned":[1,5],"killed_by":"Hallownest:eliteCrystalGuardian","ascension_level":16}}