{"host":"10zqi976ywvus8mh","time":1608790999,"event":{"mods":["AchievementEnabler","Act Like it!","BaseMod","Block Reminder","Colored Map","Colored Powertips","Googly Eyes","Minty Spire (QoL Compilation)","Quick Restart","Rare Cards Sparkle","Relic Stats","StSLib","everything is the same but u backflip on backflip"],"gold_per_floor":[116,130,149,149,160,186,186,200,227,257,257,257,5,36,36,139,139,153,153,169,183,183,183,213,128,128,128,155,167,24,37,37,134,134,145,145,157,157,167,167,200,200,200,228,228,240,9,9,9],"floor_reached":48,"playtime":2592,"items_purged":["Strike_P"],"score":976,"play_id":"38ceef82-de0a-49c7-8db3-3b7a6af8e8f2","local_time":"20201224012319","is_ascension_mode":true,"campfire_choices":[{"floor":7.0,"key":"REST"},{"floor":11.0,"key":"REST"},{"floor":15.0,"key":"REST"},{"floor":23.0,"key":"REST"},{"data":"Eruption","floor":27,"key":"SMITH"},{"floor":32,"key":"REST"},{"data":"SpiritShield","floor":40,"key":"SMITH"},{"floor":42,"key":"RECALL"},{"data":"ConjureBlade","floor":45,"key":"SMITH"}],"circlet_count":0,"master_deck":["Strike_P","Strike_P+1","Strike_P+1","Defend_P+1","Defend_P","Defend_P+1","Eruption+1","Vigilance","Collect+1","Halt","EmptyFist","JustLucky","ThirdEye","EmptyMind+1","SandsOfTime","Prostrate","FlurryOfBlows+1","CutThroughFate","LessonLearned+1","ThirdEye","Pray+1","ConjureBlade+1","MasterReality+1","CrushJoints+1","TalkToTheHand+1","SpiritShield+1","Prostrate+1","Perseverance+1","ThirdEye+1","Pain","Brilliance"],"relics":["PureWater","Dead Branch","Strawberry","Bronze Scales","Damaru","Chemical X","TeardropLocket","Cursed Key","Nilry\u0027s Codex","War Paint","Anchor","StrikeDummy","Pen Nib","Coffee Dripper","Bag of Marbles","Nunchaku","Oddly Smooth Stone"],"acts_visited":["Exordium","TheCity","TheBeyond"],"potions_floor_usage":[28,31,39,39,46],"damage_taken":[{"damage":4.0,"enemies":"Jaw Worm","floor":1.0,"turns":4.0},{"damage":2.0,"enemies":"2 Louse","floor":2.0,"turns":3.0},{"damage":0.0,"enemies":"Cultist","floor":3.0,"turns":2.0},{"damage":11.0,"enemies":"3 Louse","floor":5.0,"turns":2.0},{"damage":32.0,"enemies":"Gremlin Nob","floor":6.0,"turns":4.0},{"damage":15.0,"enemies":"Exordium Thugs","floor":8.0,"turns":7.0},{"damage":10.0,"enemies":"3 Sentries","floor":10.0,"turns":10.0},{"damage":8.0,"enemies":"Gremlin Nob","floor":14.0,"turns":4.0},{"damage":19.0,"enemies":"Hexaghost","floor":16.0,"turns":8.0},{"damage":0.0,"enemies":"Spheric Guardian","floor":18.0,"turns":3.0},{"damage":16.0,"enemies":"2 Thieves","floor":20.0,"turns":4.0},{"damage":8.0,"enemies":"Cultist and Chosen","floor":21.0,"turns":4.0},{"damage":13.0,"enemies":"Gremlin Leader","floor":24.0,"turns":6.0},{"damage":0,"enemies":"Slavers","floor":28,"turns":3},{"damage":7,"enemies":"3 Cultists","floor":29,"turns":6},{"damage":5,"enemies":"Snake Plant","floor":31,"turns":3},{"damage":0,"enemies":"Champ","floor":33,"turns":6},{"damage":35,"enemies":"3 Darklings","floor":35,"turns":8},{"damage":3,"enemies":"Orb Walker","floor":37,"turns":3},{"damage":19,"enemies":"Sphere and 2 Shapes","floor":39,"turns":5},{"damage":1,"enemies":"Reptomancer","floor":41,"turns":6},{"damage":3,"enemies":"Giant Head","floor":44,"turns":5},{"damage":19,"enemies":"Jaw Worm Horde","floor":46,"turns":5},{"damage":16,"enemies":"Maw","floor":48,"turns":2}],"seed_played":"5341586280236966451","potions_obtained":[{"floor":2.0,"key":"AttackPotion"},{"floor":5.0,"key":"SteroidPotion"},{"floor":6.0,"key":"Dexterity Potion"},{"floor":14.0,"key":"PowerPotion"},{"floor":16.0,"key":"ColorlessPotion"},{"floor":24.0,"key":"Fire Potion"},{"floor":28,"key":"ColorlessPotion"},{"floor":33,"key":"LiquidBronze"},{"floor":35,"key":"ColorlessPotion"},{"floor":37,"key":"Regen Potion"},{"floor":41,"key":"BottledMiracle"}],"is_trial":false,"path_per_floor":["M","M","M","?","M","E","R","M","T","E","R","?","$","E","R","B",null,"M","?","M","M","?","R","E","?","T","R","E","M","$","M","R","B",null,"M","?","M","?","M","R","E","R","T","E","R","M","$","M"],"character_chosen":"WATCHER","items_purchased":["Chemical X","FlurryOfBlows","Pen Nib","Brilliance","Oddly Smooth Stone"],"campfire_rested":5,"item_purchase_floors":[13,13,30,47,47],"current_hp_per_floor":[61,59,59,47,36,11,34,19,19,9,32,37,37,29,54,35,72,72,56,40,32,16,42,29,29,29,29,29,22,22,17,43,43,78,43,43,40,40,33,33,32,32,32,29,29,10,10,0,0],"gold":9,"neow_bonus":"TRANSFORM_CARD","is_daily":false,"chose_seed":false,"campfire_upgraded":3,"win_rate":0.0,"timestamp":1608790999,"path_taken":["M","M","M","?","M","E","R","M","T","E","R","?","?","E","R","BOSS","M","?","M","M","?","R","E","?","T","R","E","M","$","M","R","BOSS","M","?","?","?","M","R","E","R","T","E","R","M","$","M"],"items_purchased_type":["Relic","Card","Relic","Card","Relic"],"build_version":"2020-12-22","purchased_purges":1,"victory":false,"max_hp_per_floor":[72,72,72,72,72,79,79,79,79,79,79,84,84,84,84,84,84,84,89,89,89,89,89,89,89,89,89,89,89,89,89,89,89,89,89,89,89,85,85,85,85,85,85,85,85,85,85,85,85],"relic_stats":{"Nunchaku":[2],"counters":[24,113],"Dead Branch":[132],"Bronze Scales":[230],"Pen Nib":[11],"Chemical X":[25],"War Paint":["Collect","EmptyMind"],"Cursed Key":1,"obtain_stats":[{"Nilry\u0027s Codex":22,"Dead Branch":4,"Damaru":10,"Oddly Smooth Stone":47,"Pen Nib":30,"TeardropLocket":14,"War Paint":24,"Cursed Key":17,"Anchor":25,"Nunchaku":44,"Strawberry":6,"Bronze Scales":9,"Coffee Dripper":34,"Bag of Marbles":41,"Chemical X":13,"PureWater":0,"StrikeDummy":28},{"Nilry\u0027s Codex":12,"Dead Branch":3,"Damaru":7,"Oddly Smooth Stone":23,"Pen Nib":15,"TeardropLocket":8,"War Paint":13,"Cursed Key":9,"Anchor":13,"Nunchaku":22,"Strawberry":5,"Bronze Scales":6,"Coffee Dripper":17,"Bag of Marbles":21,"Chemical X":7,"PureWater":0,"StrikeDummy":14},{"Nilry\u0027s Codex":55,"Dead Branch":9,"Damaru":32,"Oddly Smooth Stone":111,"Pen Nib":70,"TeardropLocket":36,"War Paint":61,"Cursed Key":44,"Anchor":61,"Nunchaku":106,"Strawberry":15,"Bronze Scales":22,"Coffee Dripper":79,"Bag of Marbles":101,"Chemical X":32,"PureWater":0,"StrikeDummy":64}]},"card_choices":[{"not_picked":["Consecrate","Protect"],"picked":"Halt","floor":1.0},{"not_picked":["Worship","Evaluate"],"picked":"EmptyFist","floor":2.0},{"not_picked":["Worship","Establishment"],"picked":"JustLucky","floor":3.0},{"not_picked":["Weave","FlyingSleeves"],"picked":"ThirdEye","floor":5.0},{"not_picked":["Pray","PathToVictory"],"picked":"EmptyMind","floor":6.0},{"not_picked":["WreathOfFlame","Adaptation"],"picked":"SandsOfTime","floor":8.0},{"not_picked":["ForeignInfluence","Consecrate"],"picked":"Prostrate","floor":10.0},{"not_picked":["WindmillStrike","Perseverance"],"picked":"CutThroughFate","floor":14.0},{"not_picked":["DevaForm","ConjureBlade"],"picked":"LessonLearned","floor":16.0},{"not_picked":["PathToVictory","Consecrate"],"picked":"ThirdEye","floor":18.0},{"not_picked":["ThirdEye","Sanctity"],"picked":"Pray+1","floor":20.0},{"not_picked":["CutThroughFate+1","InnerPeace"],"picked":"ConjureBlade","floor":21.0},{"not_picked":["PathToVictory","WindmillStrike"],"picked":"MasterReality","floor":24.0},{"not_picked":["Consecrate","PathToVictory"],"picked":"CrushJoints+1","floor":28},{"not_picked":["FlurryOfBlows","PathToVictory"],"picked":"TalkToTheHand+1","floor":29},{"not_picked":["CrushJoints","Establishment","WindmillStrike"],"picked":"SKIP","floor":31},{"not_picked":["Devotion","DeusExMachina"],"picked":"SpiritShield","floor":33},{"not_picked":["Protect","FollowUp+1","Vengeance"],"picked":"SKIP","floor":35},{"not_picked":["Crescendo+1","FlyingSleeves+1"],"picked":"Prostrate+1","floor":37},{"not_picked":["PathToVictory+1","FlurryOfBlows"],"picked":"Perseverance+1","floor":39},{"not_picked":["CrushJoints+1","Study"],"picked":"ThirdEye+1","floor":41},{"not_picked":["ForeignInfluence","Prostrate","Devotion"],"picked":"SKIP","floor":44},{"not_picked":["WindmillStrike","Consecrate","SignatureMove"],"picked":"SKIP","floor":46}],"player_experience":1515527,"relics_obtained":[{"floor":6.0,"key":"Strawberry"},{"floor":9.0,"key":"Bronze Scales"},{"floor":10.0,"key":"Damaru"},{"floor":14.0,"key":"TeardropLocket"},{"floor":22.0,"key":"Nilry\u0027s Codex"},{"floor":24.0,"key":"War Paint"},{"floor":28,"key":"StrikeDummy"},{"floor":41,"key":"Bag of Marbles"},{"floor":44,"key":"Nunchaku"}],"event_choices":[{"damage_healed":0.0,"max_hp_gain":0.0,"max_hp_loss":0.0,"gold_gain":0.0,"event_name":"Scrap Ooze","player_choice":"Success","floor":4.0,"gold_loss":0.0,"damage_taken":12.0,"relics_obtained":["Dead Branch"]},{"damage_healed":0.0,"max_hp_gain":5.0,"max_hp_loss":0.0,"gold_gain":0.0,"event_name":"Big Fish","player_choice":"Donut","floor":12.0,"gold_loss":0.0,"damage_taken":0.0},{"damage_healed":0.0,"max_hp_gain":5.0,"max_hp_loss":0.0,"gold_gain":0.0,"event_name":"Forgotten Altar","player_choice":"Shed Blood","floor":19.0,"gold_loss":0.0,"damage_taken":21.0},{"damage_healed":0.0,"max_hp_gain":0.0,"max_hp_loss":0.0,"gold_gain":0.0,"event_name":"Cursed Tome","player_choice":"Obtained Book","floor":22.0,"gold_loss":0.0,"damage_taken":16.0},{"damage_healed":0.0,"max_hp_gain":0.0,"max_hp_loss":0.0,"gold_gain":0.0,"event_name":"Addict","player_choice":"Obtained Relic","floor":25.0,"gold_loss":85.0,"damage_taken":0.0,"relics_obtained":["Anchor"]},{"damage_healed":0,"gold_gain":0,"player_choice":"Ignored","damage_taken":0,"max_hp_gain":0,"max_hp_loss":0,"event_name":"NoteForYourself","floor":36,"gold_loss":0},{"damage_healed":0,"gold_gain":0,"player_choice":"Max HP","damage_taken":0,"max_hp_gain":0,"max_hp_loss":4,"event_name":"Winding Halls","floor":38,"gold_loss":0}],"is_beta":false,"boss_relics":[{"not_picked":["Ectoplasm","Black Star"],"picked":"Cursed Key"},{"not_picked":["VioletLotus","Tiny House"],"picked":"Coffee Dripper"}],"items_purged_floors":[13],"is_endless":false,"potions_floor_spawned":[2,5,6,14,16,18,24,28,33,35,37,41],"killed_by":"Maw","ascension_level":9}}