{"host":"x4x6fw95e6eqd4n0","time":1608798509,"event":{"mods":["AchievementEnabler","BaseMod","Colored Map","Colored Powertips","DeckTracker","Minty Spire (QoL Compilation)"],"gold_per_floor":[115,115,115,134,154,154,184,184,184,201,201,221,321,26,26,126,126,136,154,38,38,57,86,86,86,86],"floor_reached":25,"playtime":757,"items_purged":["Strike_B"],"score":232,"play_id":"608a6717-68e0-44af-9bce-0d34b78aea37","local_time":"20201224102829","is_ascension_mode":true,"campfire_choices":[{"data":"White Noise","floor":6,"key":"SMITH"},{"data":"Sunder","floor":8,"key":"SMITH"},{"data":"Fission","floor":11,"key":"SMITH"},{"data":"Storm","floor":15,"key":"SMITH"},{"data":"Meteor Strike","floor":24,"key":"SMITH"}],"circlet_count":0,"master_deck":["Strike_B","Strike_B","Strike_B","Defend_B","Defend_B","Defend_B","Defend_B","Zap+1","Dualcast+1","Ball Lightning","Coolheaded","White Noise+1","Sunder+1","Fission+1","Sunder","Storm+1","Creative AI","Ball Lightning","Loop","Loop","RitualDagger","Hologram","Meteor Strike+1"],"relics":["Cracked Core","Mummified Hand","InkBottle","Cables","Philosopher\u0027s Stone","Darkstone Periapt"],"acts_visited":["Exordium","TheCity"],"potions_floor_usage":[16,25],"damage_taken":[{"damage":0,"enemies":"2 Louse","floor":1,"turns":2},{"damage":5,"enemies":"Small Slimes","floor":4,"turns":2},{"damage":0,"enemies":"Cultist","floor":5,"turns":2},{"damage":26,"enemies":"3 Sentries","floor":7,"turns":7},{"damage":8,"enemies":"Red Slaver","floor":10,"turns":3},{"damage":6,"enemies":"3 Louse","floor":12,"turns":2},{"damage":14,"enemies":"Hexaghost","floor":16,"turns":9},{"damage":7,"enemies":"Chosen","floor":18,"turns":3},{"damage":15,"enemies":"3 Byrds","floor":19,"turns":3},{"damage":6,"enemies":"Snecko","floor":22,"turns":4},{"damage":25,"enemies":"Gremlin Leader","floor":23,"turns":5},{"damage":20,"enemies":"Book of Stabbing","floor":25,"turns":3}],"seed_played":"850796663572253925","potions_obtained":[{"floor":7,"key":"GamblersBrew"},{"floor":10,"key":"AttackPotion"},{"floor":23,"key":"FearPotion"}],"is_trial":false,"path_per_floor":["M","?","?","M","M","R","E","R","T","M","R","M","?","$","R","B",null,"M","M","$","?","M","E","R","E"],"character_chosen":"DEFECT","items_purchased":["Cables","Storm","Loop"],"campfire_rested":0,"item_purchase_floors":[14,14,20],"current_hp_per_floor":[75,75,75,70,70,70,44,44,44,36,36,30,30,30,30,16,75,68,53,53,47,41,16,16,0,0],"gold":86,"neow_bonus":"UPGRADE_CARD","is_daily":false,"chose_seed":false,"campfire_upgraded":5,"win_rate":0.0,"timestamp":1608798509,"path_taken":["M","?","?","M","M","R","E","R","T","M","R","M","?","$","R","BOSS","M","?","$","?","M","E","R","E"],"items_purchased_type":["Relic","Card","Card"],"build_version":"2020-12-13","purchased_purges":1,"victory":false,"max_hp_per_floor":[75,75,75,75,75,75,75,75,75,75,75,75,75,75,75,75,75,75,75,75,75,75,75,75,75,75],"card_choices":[{"not_picked":["Rebound","Stack"],"picked":"Ball Lightning","floor":1},{"not_picked":["Stack","Hologram"],"picked":"Coolheaded","floor":4},{"not_picked":["Hello World","Leap"],"picked":"White Noise","floor":5},{"not_picked":["Go for the Eyes","Redo"],"picked":"Sunder","floor":7},{"not_picked":["BootSequence","Darkness"],"picked":"Fission","floor":10},{"not_picked":["Beam Cell","Stack"],"picked":"Sunder","floor":12},{"not_picked":["Rainbow","Thunder Strike"],"picked":"Creative AI","floor":16},{"not_picked":["Steam+1","Gash"],"picked":"Ball Lightning","floor":18},{"not_picked":["Barrage+1","Ball Lightning+1"],"picked":"Loop","floor":19},{"not_picked":["Stack","Compile Driver"],"picked":"Hologram","floor":22},{"not_picked":["Sweeping Beam","Conserve Battery"],"picked":"Meteor Strike","floor":23}],"player_experience":70388,"relics_obtained":[{"floor":7,"key":"Mummified Hand"},{"floor":9,"key":"InkBottle"},{"floor":23,"key":"Darkstone Periapt"}],"event_choices":[{"damage_healed":0,"gold_gain":0,"player_choice":"Grow","damage_taken":0,"max_hp_gain":0,"max_hp_loss":0,"event_name":"Living Wall","floor":2,"gold_loss":0,"cards_upgraded":["Zap"]},{"damage_healed":0,"gold_gain":0,"player_choice":"Ignored","damage_taken":0,"max_hp_gain":0,"max_hp_loss":0,"event_name":"Liars Game","floor":3,"gold_loss":0},{"damage_healed":0,"gold_gain":100,"player_choice":"Pray","damage_taken":0,"max_hp_gain":0,"max_hp_loss":0,"event_name":"Golden Shrine","floor":13,"gold_loss":0},{"damage_healed":0,"gold_gain":0,"player_choice":"Joined the Cult","damage_taken":6,"max_hp_gain":0,"max_hp_loss":0,"event_name":"Nest","floor":21,"gold_loss":0,"cards_obtained":["RitualDagger"]}],"is_beta":false,"boss_relics":[{"not_picked":["Runic Pyramid","Snecko Eye"],"picked":"Philosopher\u0027s Stone"}],"items_purged_floors":[20],"is_endless":false,"potions_floor_spawned":[7,10,23],"killed_by":"Book of Stabbing","ascension_level":1}}