{"host":"vd5put2n5b3t1prw","time":1608786405,"event":{"mods":["2.2 Compatiblity","AchievementEnabler","Alarm Clock","BaseMod","Better Altar","Better Match","Better Note","Better Sensory Stone","Better Silent Start","Better Skull","Better Third Choice","Better Vampires","Better-Laid Plans","BetterRewards","Block Reminder","Card Forge","Colored Map","Curses Come First","Custom Start","Downfall","Emptier Cage","Marked Mod","Minty Spire (QoL Compilation)","Quick Restart","Random Character Button","Relic Filter","Relic Stats","Reorder Act Four","Spicy Shops","StSLib","Transform Curses","Waifu the Spire"],"gold_per_floor":[110,130,305,319,104,135,135,8,33,68,68,84,101,0,0,96,96,116,116,131,149,169,169,195,195,195,209,221,0,16,51,51,152,152,168,182,198,69,69,69,118,146,146,160,160,160,190,240,240,240,240,18,18,44,44],"floor_reached":56,"playtime":4477,"items_purged":["Slimebound:Strike_Slimebound","Slimebound:Strike_Slimebound","Slimebound:Strike_Slimebound","Slimebound:Tackle","Regret"],"score":2130,"play_id":"ed856258-dded-4455-933e-c00ad2380664","local_time":"20201223230645","is_ascension_mode":true,"campfire_choices":[{"data":"Sadistic Nature","floor":7,"key":"SMITH"},{"floor":15,"key":"RECALL"},{"data":"Panache","floor":23,"key":"SMITH"},{"floor":25,"key":"REST"},{"data":"Slimebound:Schlurp","floor":32,"key":"SMITH"},{"data":"Slimebound:SplitMire","floor":40,"key":"SMITH"},{"data":"Slimebound:CheckThePlaybook","floor":46,"key":"SMITH"},{"data":"Slimebound:SlimeSpikes","floor":49,"key":"SMITH"},{"data":"Slimebound:SlimeSpikes","floor":53,"key":"SMITH"}],"circlet_count":0,"master_deck":["Slimebound:Defend_Slimebound+1","Slimebound:Split+1","Slimebound:CorrosiveSpit+1","Slimebound:Gluttony+1","Slimebound:LeechEnergy+1","Slimebound:ComboTackle+1","Sadistic Nature+1","Slimebound:SpikyOuterGoop+1","Panache+1","Slimebound:SlimeSpikes+1","Slimebound:MassFeed+1","Slimebound:ComboTackle+1","Slimebound:LeechEnergy+1","Slimebound:SlimeSpikes+1","Slimebound:Gluttony+1","Slimebound:SlimeSpikes","Slimebound:LeechEnergy+1","Slimebound:LeechEnergy+1","Slimebound:Equalize+1","Slimebound:ForwardTackle+1","Slimebound:LeechEnergy+1","Slimebound:Darklings+1","Guardian:StasisEngine+1","Slimebound:SplitSpecialist+1","Slimebound:ComboTackle+1","Slimebound:Schlurp+1","Mayhem+1","Slimebound:CheckThePlaybook+1","Slimebound:SplitMire+1","Slimebound:Schlurp+1","Slimebound:SplitMire+1","Slimebound:BestDefense+1","Slimebound:LeadByExample+1","Guardian:StasisEngine+1","expansioncontent:DashGenerateEvil+1","Slimebound:SlimeSpikes+1"],"relics":["Slimebound:AbsorbEndCombat","Hammer of Thor","Seething Fire","Anvil of the Gods","Orrery","War Paint","Torii","hexamod:BolsterEngine","OrangePellets","Pear","Slimebound:SelfDamagePreventRelic","Molten Egg 2","Mummified Hand","Membership Card","Guardian:BottledAnomaly","Blood Vial","Bronze Scales","PreservedInsect","Bottled Lightning","Pen Nib","Guardian:PocketSentry","TungstenRod","Frozen Egg 2","Black Star","Singing Bowl","Lantern","Centennial Puzzle","FossilizedHelix","Slimebound:TarBlob","ClockworkSouvenir","Mango","Juzu Bracelet","Bottled Flame","Toxic Egg 2","Letter Opener","StoneCalendar","Guardian:GemstoneGun","DollysMirror","Bag of Preparation","Slimebound:AggressiveSlimeRelic"],"acts_visited":["Exordium","TheCity","TheBeyond","TheEnding"],"potions_floor_usage":[],"damage_taken":[{"damage":4,"enemies":"Jaw Worm","floor":1,"turns":1},{"damage":8,"enemies":"Cultist","floor":2,"turns":3},{"damage":15,"enemies":"2 Louse","floor":4,"turns":3},{"damage":18,"enemies":"Gremlin Nob","floor":6,"turns":3},{"damage":8,"enemies":"Lagavulin","floor":10,"turns":2},{"damage":8,"enemies":"Blue Slaver","floor":12,"turns":1},{"damage":0,"enemies":"3 Louse","floor":13,"turns":2},{"damage":6,"enemies":"The Guardian","floor":16,"turns":4},{"damage":20,"enemies":"Chosen","floor":18,"turns":3},{"damage":6,"enemies":"3 Byrds","floor":20,"turns":2},{"damage":6,"enemies":"Snake Plant","floor":21,"turns":3},{"damage":9,"enemies":"Cultist and Chosen","floor":22,"turns":2},{"damage":14,"enemies":"Book of Stabbing","floor":24,"turns":2},{"damage":20,"enemies":"Shelled Parasite and Fungi","floor":27,"turns":2},{"damage":13,"enemies":"Snake Plant","floor":28,"turns":2},{"damage":9,"enemies":"Centurion and Healer","floor":30,"turns":2},{"damage":33,"enemies":"Slavers","floor":31,"turns":2},{"damage":15,"enemies":"Automaton","floor":33,"turns":3},{"damage":25,"enemies":"3 Shapes","floor":35,"turns":2},{"damage":15,"enemies":"3 Darklings","floor":36,"turns":2},{"damage":15,"enemies":"Jaw Worm Horde","floor":37,"turns":2},{"damage":15,"enemies":"2 Orb Walkers","floor":41,"turns":2},{"damage":10,"enemies":"Reptomancer","floor":42,"turns":2},{"damage":15,"enemies":"Spire Growth","floor":44,"turns":1},{"damage":35,"enemies":"Nemesis","floor":47,"turns":3},{"damage":25,"enemies":"Mind Bloom Boss Battle","floor":48,"turns":1},{"damage":28,"enemies":"Time Eater","floor":50,"turns":4},{"damage":0,"enemies":"Shield and Spear","floor":54,"turns":1},{"damage":20,"enemies":"The Heart","floor":55,"turns":3}],"seed_played":"-3044065584145204054","potions_obtained":[{"floor":4,"key":"Weak Potion"},{"floor":16,"key":"FearPotion"},{"floor":27,"key":"SkillPotion"},{"floor":30,"key":"DistilledChaos"},{"floor":33,"key":"Slimebound:SlimedPotion"}],"is_trial":false,"path_per_floor":["M","M","?","M","$","E","R","$","T","E","?","M","M","$","R","B",null,"M","?","M","M","M","R","E","R","T","M","M","$","M","E","R","B",null,"M","M","M","$","?","R","?","E","T","M","?","R","E","?","R","B",null,"$","R","E","B",null],"character_chosen":"SLIMEBOUND","items_purchased":["Slimebound:Gluttony","Slimebound:LeechEnergy","Orrery","War Paint","Torii","hexamod:BolsterEngine","OrangePellets","Pear","Slimebound:SelfDamagePreventRelic","Molten Egg 2","Sadistic Nature","Mummified Hand","Slimebound:SpikyOuterGoop","Panache","Membership Card","Guardian:BottledAnomaly","Slimebound:ComboTackle+1","Slimebound:LeechEnergy+1","Blood Vial","Slimebound:LeechEnergy+1","Bronze Scales","Bottled Lightning","TungstenRod","Frozen Egg 2","Mayhem+1","ClockworkSouvenir","Slimebound:SlimedPotion","Slimebound:LeadByExample+1","DollysMirror","expansioncontent:DashGenerateEvil+1"],"campfire_rested":1,"item_purchase_floors":[0,0,0,0,0,0,0,0,0,0,0,0,0,0,0,0,0,0,0,5,5,8,14,14,29,38,38,52,52,52],"current_hp_per_floor":[70,74,74,77,77,68,68,68,68,86,86,86,86,86,86,90,90,90,90,90,90,90,90,90,90,90,91,92,92,94,89,89,96,96,96,94,98,98,93,93,109,109,109,111,111,111,112,111,111,117,117,117,117,117,117],"gold":44,"neow_bonus":"","is_daily":false,"chose_seed":false,"campfire_upgraded":7,"win_rate":0.0,"timestamp":1608786405,"path_taken":["M","M","?","M","$","E","R","$","T","E","?","?","M","$","R","BOSS","M","?","M","M","M","R","E","R","T","M","M","$","M","E","R","BOSS","M","M","M","$","?","R","?","E","T","M","?","R","E","?","R","BOSS","$","R","E","BOSS"],"items_purchased_type":["Card","Card","Relic","Relic","Relic","Relic","Relic","Relic","Relic","Relic","Card","Relic","Card","Card","Relic","Relic","Card","Card","Relic","Card","Relic","Relic","Relic","Relic","Card","Relic","Potion","Card","Relic","Card"],"build_version":"2020-12-22","purchased_purges":5,"victory":true,"max_hp_per_floor":[70,74,74,82,82,86,86,86,86,86,86,86,86,86,86,90,90,90,90,90,90,90,90,90,90,90,92,92,92,94,96,96,96,96,96,96,98,98,93,93,109,109,109,111,111,111,113,113,113,117,117,117,117,117,117],"relic_stats":{"Torii":17,"Singing Bowl":14,"counters":[70,231],"StoneCalendar":[0],"PreservedInsect":283,"Pen Nib":[31],"Juzu Bracelet":1,"Bag of Preparation":[2],"Letter Opener":[110],"War Paint":["Slimebound:Defend_Slimebound","Slimebound:CorrosiveSpit"],"Blood Vial":12,"OrangePellets":[54],"Centennial Puzzle":[33],"Mummified Hand":[154],"Bronze Scales":[170],"Black Star":5,"obtain_stats":[{"Vajra":0,"Hammer of Thor":0,"Whetstone":11,"Blood Vial":0,"Centennial Puzzle":10,"DollysMirror":52,"HandDrill":0,"Toxic Egg 2":43,"Slimebound:AggressiveSlimeRelic":54,"Pear":0,"downfall:HeartsMalice":0,"Eternal Feather":43,"Pen Nib":52,"Guardian:PocketSentry":52,"Letter Opener":47,"War Paint":0,"Akabeko":54,"Slimebound:TarBlob":17,"OrangePellets":0,"Bottled Flame":45,"Anvil of the Gods":0,"Shuriken":40,"Bronze Scales":5,"Molten Egg 2":0,"Black Star":17,"Lantern":24,"Singing Bowl":7,"Torii":0,"SacredBark":34,"Mango":41,"StoneCalendar":47,"Juzu Bracelet":42,"Bag of Preparation":54,"Smiling Mask":26,"ClockworkSouvenir":45,"Nunchaku":8,"Dream Catcher":46,"Mummified Hand":0,"Guardian:BottledAnomaly":30,"Slimebound:SelfDamagePreventRelic":0,"Guardian:GemstoneGun":48,"PreservedInsect":6,"Seething Fire":0,"Odd Mushroom":11,"Frozen Egg 2":14,"CaptainsWheel":54,"Ornamental Fan":25,"Orrery":0,"Slimebound:AbsorbEndCombat":0,"Membership Card":0,"Bottled Lightning":8,"hexamod:BolsterEngine":7,"Toy Ornithopter":8,"TungstenRod":9,"FossilizedHelix":31},{"Vajra":13,"Hammer of Thor":0,"Whetstone":19,"Blood Vial":41,"Centennial Puzzle":5,"DollysMirror":68,"HandDrill":13,"Toxic Egg 2":64,"Slimebound:AggressiveSlimeRelic":69,"Pear":41,"downfall:HeartsMalice":0,"Eternal Feather":35,"Pen Nib":11,"Guardian:PocketSentry":39,"Letter Opener":66,"War Paint":41,"Akabeko":12,"Slimebound:TarBlob":22,"OrangePellets":41,"Bottled Flame":35,"Anvil of the Gods":0,"Shuriken":34,"Bronze Scales":44,"Molten Egg 2":41,"Black Star":49,"Lantern":54,"Singing Bowl":3,"Torii":41,"SacredBark":31,"Mango":63,"StoneCalendar":66,"Juzu Bracelet":64,"Bag of Preparation":69,"Smiling Mask":26,"ClockworkSouvenir":35,"Nunchaku":18,"Dream Catcher":36,"Mummified Hand":41,"Guardian:BottledAnomaly":29,"Slimebound:SelfDamagePreventRelic":41,"Guardian:GemstoneGun":67,"PreservedInsect":45,"Seething Fire":0,"Odd Mushroom":6,"Frozen Egg 2":48,"CaptainsWheel":40,"Ornamental Fan":26,"Orrery":41,"Slimebound:AbsorbEndCombat":0,"Membership Card":41,"Bottled Lightning":45,"hexamod:BolsterEngine":17,"Toy Ornithopter":4,"TungstenRod":18,"FossilizedHelix":58},{"Vajra":61,"Hammer of Thor":0,"Whetstone":83,"Blood Vial":169,"Centennial Puzzle":16,"DollysMirror":228,"HandDrill":61,"Toxic Egg 2":219,"Slimebound:AggressiveSlimeRelic":229,"Pear":169,"downfall:HeartsMalice":0,"Eternal Feather":140,"Pen Nib":48,"Guardian:PocketSentry":157,"Letter Opener":223,"War Paint":169,"Akabeko":56,"Slimebound:TarBlob":95,"OrangePellets":169,"Bottled Flame":140,"Anvil of the Gods":0,"Shuriken":137,"Bronze Scales":176,"Molten Egg 2":169,"Black Star":188,"Lantern":200,"Singing Bowl":6,"Torii":169,"SacredBark":126,"Mango":217,"StoneCalendar":223,"Juzu Bracelet":219,"Bag of Preparation":229,"Smiling Mask":106,"ClockworkSouvenir":140,"Nunchaku":76,"Dream Catcher":143,"Mummified Hand":169,"Guardian:BottledAnomaly":117,"Slimebound:SelfDamagePreventRelic":169,"Guardian:GemstoneGun":224,"PreservedInsect":179,"Seething Fire":0,"Odd Mushroom":20,"Frozen Egg 2":184,"CaptainsWheel":162,"Ornamental Fan":106,"Orrery":169,"Slimebound:AbsorbEndCombat":0,"Membership Card":169,"Bottled Lightning":179,"hexamod:BolsterEngine":73,"Toy Ornithopter":10,"TungstenRod":76,"FossilizedHelix":208}],"TungstenRod":208},"card_choices":[{"not_picked":["Slimebound:ProtectTheBoss","Slimebound:BestDefense"],"picked":"Slimebound:ComboTackle","floor":0},{"not_picked":["Slimebound:BestDefense","Slimebound:DivideAndConquer"],"picked":"Slimebound:SlimeSpikes","floor":1},{"not_picked":["Slimebound:SplitBruiser","Slimebound:SamplingLick"],"picked":"Slimebound:LeechEnergy+1","floor":2},{"not_picked":["Slimebound:ItLooksTasty+1","Slimebound:FormOfPuddle","Slimebound:LevelUp"],"picked":"SKIP","floor":4},{"not_picked":["Slimebound:SamplingLick","Slimebound:SlimeTap"],"picked":"Slimebound:Equalize+1","floor":6},{"not_picked":["Slimebound:FirmFortitude","Slimebound:Chomp+1"],"picked":"Slimebound:ForwardTackle+1","floor":10},{"not_picked":["Slimebound:SplitAcid","Slimebound:PressTheAttack+1","Slimebound:Equalize+1"],"picked":"SKIP","floor":12},{"not_picked":["Slimebound:FormOfPuddle","Slimebound:PressTheAttack+1"],"picked":"Slimebound:LeechEnergy+1","floor":13},{"not_picked":["Slimebound:PrepareCrush","Slimebound:WasteNot"],"picked":"Slimebound:Darklings","floor":16},{"not_picked":["Slimebound:SplitAcid","Slimebound:Dissolve","Slimebound:LeechEnergy+1"],"picked":"SKIP","floor":18},{"not_picked":["Slimebound:ComboTackle+1","Slimebound:LeechEnergy+1","Slimebound:LevelUp+1"],"picked":"SKIP","floor":20},{"not_picked":["Slimebound:ComboTackle+1","Slimebound:ViciousTackle+1"],"picked":"Slimebound:SplitSpecialist+1","floor":21},{"not_picked":["Slimebound:SplitLeeching","Slimebound:SplitBruiser","Slimebound:MegaLick+1"],"picked":"SKIP","floor":22},{"not_picked":["Slimebound:LeechEnergy+1","Slimebound:RejuvenatingLick+1"],"picked":"Slimebound:ComboTackle+1","floor":24},{"not_picked":["Slimebound:ComboTackle+1","Slimebound:ViciousTackle+1","Slimebound:FormOfPuddle"],"picked":"Singing Bowl","floor":27},{"not_picked":["Slimebound:LeechingTouch+1","Slimebound:GoopTackle+1"],"picked":"Slimebound:Schlurp","floor":28},{"not_picked":["Slimebound:DivideAndConquer","Slimebound:SplitLeeching","Slimebound:GoopTackle+1"],"picked":"Singing Bowl","floor":30},{"not_picked":["Slimebound:SamplingLick","Slimebound:DouseInSlime","Slimebound:LeechEnergy+1"],"picked":"Singing Bowl","floor":31},{"not_picked":["Slimebound:OozeBath","Slimebound:SlimeSlap+1"],"picked":"Slimebound:CheckThePlaybook","floor":33},{"not_picked":["Slimebound:GrowthPunch+1","Slimebound:DivideAndConquer"],"picked":"Slimebound:SplitMire","floor":35},{"not_picked":["Slimebound:ComboTackle+1","Slimebound:SplitLeeching"],"picked":"Slimebound:Schlurp+1","floor":36},{"not_picked":["Slimebound:GoopSpray","Slimebound:GrowthPunch+1","Slimebound:SlimeBarrage+1"],"picked":"Singing Bowl","floor":37},{"not_picked":["Slimebound:SlimeBrawl","Slimebound:SplitLeeching","Slimebound:SplitAcid"],"picked":"Singing Bowl","floor":41},{"not_picked":["Slimebound:SplitAcid+1","Slimebound:ItLooksTasty+1"],"picked":"Slimebound:SplitMire+1","floor":42},{"not_picked":["Slimebound:FirmFortitude+1","Slimebound:ItLooksTasty+1","Slimebound:HauntingLick+1"],"picked":"Singing Bowl","floor":44},{"not_picked":["Slimebound:ViciousTackle+1","Slimebound:SpikyOuterGoop+1","Slimebound:Gluttony+1"],"picked":"Singing Bowl","floor":47},{"not_picked":["Slimebound:FinishingTackle+1","Slimebound:MassFeed+1"],"picked":"Slimebound:BestDefense+1","floor":48},{"not_picked":["Slimebound:LeechEnergy+1","Slimebound:ItLooksTasty+1"],"picked":"Slimebound:SlimeSpikes+1","floor":54}],"player_experience":322481,"relics_obtained":[{"floor":6,"key":"PreservedInsect"},{"floor":9,"key":"Pen Nib"},{"floor":10,"key":"Guardian:PocketSentry"},{"floor":24,"key":"Singing Bowl"},{"floor":24,"key":"Lantern"},{"floor":31,"key":"Centennial Puzzle"},{"floor":31,"key":"FossilizedHelix"},{"floor":41,"key":"Mango"},{"floor":42,"key":"Juzu Bracelet"},{"floor":42,"key":"Bottled Flame"},{"floor":43,"key":"Toxic Egg 2"},{"floor":47,"key":"Letter Opener"},{"floor":47,"key":"StoneCalendar"},{"floor":48,"key":"Guardian:GemstoneGun"},{"floor":54,"key":"Bag of Preparation"},{"floor":54,"key":"Slimebound:AggressiveSlimeRelic"}],"event_choices":[{"damage_healed":0,"gold_gain":175,"player_choice":"AGREE","damage_taken":130,"max_hp_gain":0,"max_hp_loss":0,"event_name":"betterThird:BetterSerpent","floor":3,"gold_loss":0},{"damage_healed":0,"gold_gain":0,"player_choice":"Bought 0 Potions","damage_taken":0,"max_hp_gain":0,"max_hp_loss":0,"event_name":"The Woman in Blue","floor":11,"gold_loss":0},{"cards_removed":["Slimebound:Darklings"],"damage_healed":0,"gold_gain":0,"player_choice":"Take \u0026 Give","damage_taken":0,"max_hp_gain":0,"max_hp_loss":0,"event_name":"betterNote:BetterNote","floor":19,"gold_loss":0,"cards_obtained":["Guardian:StasisEngine"]},{"damage_healed":0,"gold_gain":0,"player_choice":"Max HP","damage_taken":0,"max_hp_gain":0,"max_hp_loss":5,"event_name":"Winding Halls","floor":39,"gold_loss":0},{"damage_healed":0,"gold_gain":0,"player_choice":"Fight","damage_taken":0,"max_hp_gain":0,"max_hp_loss":0,"event_name":"Mysterious Sphere","floor":41,"gold_loss":0},{"damage_healed":0,"gold_gain":0,"player_choice":"Ignored","damage_taken":0,"max_hp_gain":0,"max_hp_loss":0,"event_name":"Tomb of Lord Red Mask","floor":45,"gold_loss":0},{"damage_healed":0,"gold_gain":0,"player_choice":"Fight","damage_taken":0,"max_hp_gain":0,"max_hp_loss":0,"event_name":"MindBloom","floor":48,"gold_loss":0}],"is_beta":false,"boss_relics":[{"not_picked":["Astrolabe","Velvet Choker"],"picked":"Black Star"},{"not_picked":["Pandora\u0027s Box","SacredBark"],"picked":"Slimebound:TarBlob"}],"items_purged_floors":[0,5,5,14,52],"is_endless":false,"potions_floor_spawned":[4,16,20,22,27,30,31,33,36,42,44,48,54],"ascension_level":2}}