{"host":"udzsrhbqdxqtlypj","time":1608852544,"event":{"mods":["BaseMod","Minty Spire (QoL Compilation)","Relic Stats"],"gold_per_floor":[154,189,227,281,281,335,335,368,368,368,368,125,179,242,242,419,419,458,498,543,582,582,607,607,632,632,652,61,103,157,157,157,157,157],"floor_reached":33,"playtime":2316,"items_purged":["Decay","Strike_R"],"score":516,"play_id":"488fbdb9-a478-44ae-8fba-df76057c83e0","local_time":"20201224172904","is_ascension_mode":true,"campfire_choices":[{"data":"Armaments","floor":7,"key":"SMITH"},{"data":"HandOfGreed","floor":11,"key":"SMITH"},{"data":"Shockwave","floor":15,"key":"SMITH"},{"floor":32,"key":"REST"}],"circlet_count":0,"master_deck":["AscendersBane","Strike_R","Strike_R","Defend_R+1","Defend_R","Defend_R+1","Defend_R","Bash","HandOfGreed+1","Armaments+1","Iron Wave","Hemokinesis","True Grit","Shrug It Off","Shockwave+1","Flash of Steel","Rampage","Offering","Cleave","Armaments+1","Bloodletting","Limit Break","Battle Trance+1","Headbutt","Ghostly Armor+1","Clothesline"],"relics":["Burning Blood","War Paint","Blue Candle","CaptainsWheel","Pocketwatch","Fusion Hammer","Nilry\u0027s Codex","Bottled Flame","Anchor","Pen Nib","Toxic Egg 2","Orrery","CeramicFish","Shuriken"],"acts_visited":["Exordium","TheCity"],"potions_floor_usage":[6,16,23,23,25,33],"damage_taken":[{"damage":10,"enemies":"Small Slimes","floor":1,"turns":4},{"damage":0,"enemies":"Jaw Worm","floor":2,"turns":6},{"damage":0,"enemies":"Cultist","floor":3,"turns":4},{"damage":4,"enemies":"2 Fungi Beasts","floor":4,"turns":5},{"damage":15,"enemies":"Lagavulin","floor":6,"turns":10},{"damage":0,"enemies":"Blue Slaver","floor":8,"turns":6},{"damage":7,"enemies":"Gremlin Nob","floor":13,"turns":3},{"damage":6,"enemies":"Exordium Wildlife","floor":14,"turns":5},{"damage":15,"enemies":"Slime Boss","floor":16,"turns":13},{"damage":6,"enemies":"2 Thieves","floor":18,"turns":4},{"damage":8,"enemies":"Chosen","floor":19,"turns":2},{"damage":8,"enemies":"3 Cultists","floor":20,"turns":5},{"damage":10,"enemies":"Snecko","floor":21,"turns":6},{"damage":10,"enemies":"Book of Stabbing","floor":23,"turns":5},{"damage":15,"enemies":"Gremlin Leader","floor":25,"turns":6},{"damage":10,"enemies":"Cultist and Chosen","floor":27,"turns":3},{"damage":5,"enemies":"Centurion and Healer","floor":29,"turns":4},{"damage":15,"enemies":"Slavers","floor":30,"turns":5},{"damage":36,"enemies":"Automaton","floor":33,"turns":6}],"seed_played":"-6635717425801282424","potions_obtained":[{"floor":1,"key":"ColorlessPotion"},{"floor":3,"key":"DistilledChaos"},{"floor":6,"key":"LiquidBronze"},{"floor":16,"key":"Explosive Potion"},{"floor":19,"key":"EssenceOfSteel"},{"floor":25,"key":"Swift Potion"},{"floor":29,"key":"Swift Potion"},{"floor":30,"key":"Dexterity Potion"}],"is_trial":false,"path_per_floor":["M","M","M","M","?","E","R","M","T","?","R","$","E","M","R","B",null,"M","M","M","M","?","E","?","E","T","M","$","M","E","T","R","B"],"character_chosen":"IRONCLAD","items_purchased":["Shockwave","Flash of Steel","Toxic Egg 2","Orrery","LiquidMemories"],"campfire_rested":1,"item_purchase_floors":[12,12,28,28,28],"current_hp_per_floor":[68,72,72,72,54,45,45,51,51,51,51,51,50,50,50,41,64,64,62,60,56,40,36,36,27,27,23,23,24,15,15,36,0,0],"gold":157,"neow_bonus":"RANDOM_COLORLESS_2","is_daily":false,"chose_seed":false,"campfire_upgraded":3,"win_rate":0.0,"timestamp":1608852544,"path_taken":["M","M","M","M","?","E","R","M","T","?","R","$","E","M","R","BOSS","M","M","M","M","?","E","?","E","T","M","$","M","E","?","R","BOSS"],"items_purchased_type":["Card","Card","Relic","Relic","Potion"],"build_version":"2020-12-22","purchased_purges":2,"victory":false,"max_hp_per_floor":[72,72,72,72,72,72,72,72,72,72,72,72,72,72,72,72,72,72,72,72,72,72,72,72,72,72,72,72,72,72,72,72,72,72],"relic_stats":{"counters":[19,102],"Shuriken":[1],"Blue Candle":[0],"CeramicFish":0,"Pen Nib":[3],"War Paint":["Defend_R","Defend_R"],"obtain_stats":[{"Nilry\u0027s Codex":22,"Blue Candle":6,"CeramicFish":30,"Pen Nib":26,"War Paint":5,"Burning Blood":0,"CaptainsWheel":9,"Bottled Flame":23,"Anchor":25,"Shuriken":31,"Orrery":28,"Fusion Hammer":17,"Toxic Egg 2":28,"Pocketwatch":13},{"Nilry\u0027s Codex":13,"Blue Candle":5,"CeramicFish":18,"Pen Nib":15,"War Paint":4,"Burning Blood":0,"CaptainsWheel":6,"Bottled Flame":14,"Anchor":15,"Shuriken":18,"Orrery":16,"Fusion Hammer":9,"Toxic Egg 2":16,"Pocketwatch":7},{"Nilry\u0027s Codex":73,"Blue Candle":29,"CeramicFish":96,"Pen Nib":84,"War Paint":19,"Burning Blood":0,"CaptainsWheel":35,"Bottled Flame":78,"Anchor":84,"Shuriken":96,"Orrery":87,"Fusion Hammer":56,"Toxic Egg 2":87,"Pocketwatch":38}],"Burning Blood":98,"Pocketwatch":[105]},"card_choices":[{"not_picked":["Transmutation","Chrysalis"],"picked":"HandOfGreed","floor":0},{"not_picked":["Flex","Power Through"],"picked":"Armaments","floor":1},{"not_picked":["Sword Boomerang","Dropkick"],"picked":"Iron Wave","floor":2},{"not_picked":["Warcry","Iron Wave"],"picked":"Hemokinesis","floor":3},{"not_picked":["Limit Break","Armaments"],"picked":"True Grit","floor":4},{"not_picked":["Dropkick","Body Slam","Searing Blow"],"picked":"SKIP","floor":6},{"not_picked":["Clothesline","Clash"],"picked":"Shrug It Off","floor":8},{"not_picked":["Twin Strike","Hemokinesis"],"picked":"Rampage","floor":13},{"not_picked":["Twin Strike","Dropkick","Warcry"],"picked":"SKIP","floor":14},{"not_picked":["Brutality","Juggernaut"],"picked":"Offering","floor":16},{"not_picked":["Sword Boomerang+1","Pommel Strike","Sentinel"],"picked":"SKIP","floor":18},{"not_picked":["Armaments","Headbutt"],"picked":"Cleave","floor":19},{"not_picked":["Flame Barrier+1","Sever Soul"],"picked":"Armaments+1","floor":20},{"not_picked":["Heavy Blade","Dark Embrace","Searing Blow"],"picked":"SKIP","floor":21},{"not_picked":["Clash+1","Iron Wave","Body Slam+1"],"picked":"SKIP","floor":23},{"not_picked":["Thunderclap","Double Tap","Armaments"],"picked":"SKIP","floor":25},{"not_picked":["Sentinel","True Grit","Shockwave"],"picked":"SKIP","floor":27},{"not_picked":["Twin Strike","Shrug It Off+1"],"picked":"Battle Trance+1","floor":28},{"not_picked":["Immolate","Whirlwind"],"picked":"Headbutt","floor":28},{"not_picked":["Spot Weakness+1","Demon Form"],"picked":"Ghostly Armor+1","floor":28},{"not_picked":["Cleave","Pommel Strike"],"picked":"Clothesline","floor":29},{"not_picked":["Rampage","Sword Boomerang+1","Heavy Blade"],"picked":"SKIP","floor":30}],"player_experience":2728239,"relics_obtained":[{"floor":6,"key":"Blue Candle"},{"floor":9,"key":"CaptainsWheel"},{"floor":13,"key":"Pocketwatch"},{"floor":22,"key":"Nilry\u0027s Codex"},{"floor":23,"key":"Bottled Flame"},{"floor":25,"key":"Anchor"},{"floor":26,"key":"Pen Nib"},{"floor":30,"key":"CeramicFish"},{"floor":31,"key":"Shuriken"}],"event_choices":[{"damage_healed":0,"gold_gain":0,"player_choice":"Success","damage_taken":18,"relics_obtained":["War Paint"],"max_hp_gain":0,"max_hp_loss":0,"event_name":"Scrap Ooze","floor":5,"gold_loss":0},{"damage_healed":0,"gold_gain":0,"player_choice":"Cursed","damage_taken":0,"max_hp_gain":0,"max_hp_loss":0,"event_name":"Wheel of Change","floor":10,"gold_loss":0,"cards_obtained":["Decay"]},{"damage_healed":0,"gold_gain":0,"player_choice":"Obtained Book","damage_taken":16,"max_hp_gain":0,"max_hp_loss":0,"event_name":"Cursed Tome","floor":22,"gold_loss":0},{"damage_healed":0,"gold_gain":0,"cards_transformed":["Strike_R","Strike_R"],"player_choice":"Became Test Subject","damage_taken":0,"max_hp_gain":0,"max_hp_loss":0,"event_name":"Drug Dealer","floor":24,"gold_loss":0,"cards_obtained":["Bloodletting","Limit Break"]}],"is_beta":false,"boss_relics":[{"not_picked":["Sozu","Runic Cube"],"picked":"Fusion Hammer"}],"items_purged_floors":[12,28],"is_endless":false,"potions_floor_spawned":[1,3,6,16,19,25,29,30],"killed_by":"Automaton","ascension_level":10}}