{"host":"a61r67bv2jut9r88","time":1608789495,"event":{"mods":["AchievementEnabler","BaseMod","Marisa£®ÏF”Í°°ƒß¿Ì…≥£©","Minty Spire (QoL Compilation)","Replay The Spire","Shop Mod","StSLib","SuperFastMode","The Bug Knight","The Cursed","The Servant 0.9.4"],"gold_per_floor":[114,64,84,95,95,120,120,130,130,143,83,113,130,14,14,116,116,130,205,216,216,136,136,136,136,136,156,176,76,87,104,104,201,251,267,267,267,287,287,318,328,328,352,232,243,243,256,273,273,273],"floor_reached":51,"playtime":2038,"items_purged":["HollowMod:LifebloodCocoon","TheCursedMod:Dregs","TheCursedMod:Dregs","Amnesia"],"score":1241,"play_id":"3cded73e-ec8d-49d2-8355-b3ef417547bb","local_time":"20201224135815","daily_mods":["SealedDeck","Vintage","Colorless Cards","Heirloom","Time Dilation"],"is_ascension_mode":false,"campfire_choices":[{"data":"HollowMod:GreatSlash","floor":7,"key":"SMITH"},{"floor":15,"key":"REST"},{"floor":23,"key":"REST"},{"data":"HollowMod:HuntersJournal","floor":32,"key":"SMITH"},{"floor":42,"key":"DIG"},{"data":"HollowMod:CloakDash","floor":46,"key":"SMITH"},{"floor":49,"key":"DIG"}],"circlet_count":0,"master_deck":["Finesse+1","HollowMod:CloakDash+1","HollowMod:GreatSlash+1","HollowMod:CycloneSlash","Crow Ritual+1","HollowMod:HuntersJournal+1","Crow Ritual+1","Dramatic Entrance","Panache+1","Bandage Up+1"],"relics":["HollowMod:VesselMask","Turnip","Question Card","HollowMod:MantisClawRelic","Happy Flower","Torii","Frozen Egg 2","The Courier","ReplayFunnel","Durian","HollowMod:LumaflyLanternRelic","Orrery","Kintsugi","Darkstone Periapt","Lantern","Replay:Accelerometer","Bottled Lightning","Vajra","Counterbalance","Anchor","Art of War","Nunchaku","Tiny House","Mirror","Ring of Hypnosis","Gremlin Horn","Ornamental Fan","Replay:Multitool","Replay:Baseball","Boot","Orichalcum","Snack Pack","Eternal Feather","Kunai"],"acts_visited":["Exordium","TheCity","TheBeyond"],"potions_floor_usage":[6,16,16,20,33,33,50],"damage_taken":[{"damage":0,"enemies":"2 Louse","floor":1,"turns":1},{"damage":0,"enemies":"Small Slimes","floor":3,"turns":4},{"damage":3,"enemies":"Jaw Worm","floor":4,"turns":4},{"damage":5,"enemies":"Gremlin Nob","floor":6,"turns":3},{"damage":7,"enemies":"Large Slime","floor":8,"turns":3},{"damage":0,"enemies":"HollowMod:HuskWarrior","floor":10,"turns":1},{"damage":0,"enemies":"HollowMod:MossKnight","floor":12,"turns":5},{"damage":0,"enemies":"Blue Slaver","floor":13,"turns":2},{"damage":2,"enemies":"Hexaghost","floor":16,"turns":5},{"damage":0,"enemies":"Spheric Guardian","floor":18,"turns":3},{"damage":1,"enemies":"2 Thieves","floor":20,"turns":2},{"damage":0,"enemies":"Sentry and Sphere","floor":27,"turns":2},{"damage":0,"enemies":"Snecko","floor":28,"turns":2},{"damage":0,"enemies":"Chosen and Byrds","floor":30,"turns":2},{"damage":0,"enemies":"Sentry and Sphere","floor":31,"turns":2},{"damage":0,"enemies":"Pondfish","floor":33,"turns":3},{"damage":0,"enemies":"Orb Walker","floor":35,"turns":1},{"damage":0,"enemies":"3 Darklings","floor":38,"turns":2},{"damage":0,"enemies":"HollowMod:StalkingDevout","floor":40,"turns":1},{"damage":0,"enemies":"Maw","floor":41,"turns":2},{"damage":0,"enemies":"4 Shapes","floor":45,"turns":1},{"damage":0,"enemies":"Sphere and 2 Shapes","floor":47,"turns":1},{"damage":0,"enemies":"Transient","floor":48,"turns":5},{"damage":0,"enemies":"Awakened One","floor":50,"turns":3}],"seed_played":"-1115916610754542041","potions_obtained":[{"floor":1,"key":"Swift Potion"},{"floor":6,"key":"Milkshake"},{"floor":8,"key":"EssenceOfSteel"},{"floor":12,"key":"Weak Potion"},{"floor":16,"key":"Strength Potion"},{"floor":18,"key":"Explosive Potion"},{"floor":30,"key":"Flashbang"},{"floor":33,"key":"Fruit Juice"},{"floor":34,"key":"CultistPotion"}],"is_trial":true,"path_per_floor":["M","?","M","M","?","E","R","M","T","M","$","E","M","$","R","B",null,"M","?","M","?","$","R","?","T","T","M","M","$","M","M","R","B",null,"M","?","?","M","?","E","M","R","T","$","M","R","M","M","R","B",null],"character_chosen":"THE_BUGKNIGHT","items_purchased":["Orrery"],"campfire_rested":2,"item_purchase_floors":[14],"current_hp_per_floor":[75,75,75,72,72,67,67,60,60,60,60,65,65,65,80,78,80,80,72,71,56,56,81,81,81,81,81,81,81,81,81,81,86,95,95,85,91,91,91,91,97,97,97,97,97,97,101,101,101,101],"gold":273,"neow_bonus":"","is_daily":false,"chose_seed":false,"campfire_upgraded":3,"win_rate":0.0,"timestamp":1608789495,"path_taken":["M","?","M","M","?","E","R","M","T","M","$","E","M","?","R","BOSS","M","?","?","?","$","R","?","?","T","M","?","$","?","M","R","BOSS","M","?","?","M","?","E","M","R","T","$","M","R","M","?","R","BOSS"],"items_purchased_type":["Relic"],"build_version":"2020-12-22","purchased_purges":4,"victory":true,"max_hp_per_floor":[75,75,75,75,75,75,75,75,75,75,75,80,80,80,80,80,80,80,80,80,85,85,85,85,85,85,85,85,85,85,85,85,90,95,95,95,101,101,101,101,101,101,101,101,101,101,101,101,101,101],"card_choices":[{"not_picked":["HollowMod:InfectedCysts","HollowMod:SoulStrike","HollowMod:HeavyBlow"],"picked":"Dramatic Entrance","floor":6},{"not_picked":["HollowMod:ChannelNail","HollowMod:TaintedHusks","Enlightenment"],"picked":"HollowMod:CycloneSlash","floor":12},{"not_picked":["ReplayTheSpireMod:Uncanny Aura","Bandage Up","HollowMod:HuntersJournal"],"picked":"Crow Ritual+1","floor":14},{"not_picked":["HollowMod:HowlingWraiths","HollowMod:WraithStrike","HollowMod:LifebloodCocoon"],"picked":"HollowMod:HuntersJournal","floor":14},{"not_picked":["HollowMod:SoulStrike","HollowMod:HeavyBlow","Replay:Parry"],"picked":"Forethought","floor":14},{"not_picked":["Panache+1","HollowMod:LifebloodCore","HollowMod:ElderbugsWisdom+1"],"picked":"Crow Ritual+1","floor":16},{"not_picked":["Swift Strike","Bandage Up","Specialist+1"],"picked":"Dramatic Entrance","floor":36},{"not_picked":["ReplayUltimateDefense+1","ReplayTheSpireMod:Uncanny Aura","The Bomb"],"picked":"Panache+1","floor":36},{"not_picked":["HollowMod:DescendingDark","HollowMod:CloakDash","Secret Technique"],"picked":"Bandage Up+1","floor":40}],"player_experience":440337,"relics_obtained":[{"floor":1,"key":"Question Card"},{"floor":3,"key":"HollowMod:MantisClawRelic"},{"floor":4,"key":"Happy Flower"},{"floor":6,"key":"Torii"},{"floor":8,"key":"Frozen Egg 2"},{"floor":9,"key":"The Courier"},{"floor":10,"key":"ReplayFunnel"},{"floor":12,"key":"Durian"},{"floor":13,"key":"HollowMod:LumaflyLanternRelic"},{"floor":18,"key":"Darkstone Periapt"},{"floor":20,"key":"Lantern"},{"floor":25,"key":"Bottled Lightning"},{"floor":26,"key":"Vajra"},{"floor":27,"key":"Counterbalance"},{"floor":28,"key":"Anchor"},{"floor":30,"key":"Art of War"},{"floor":31,"key":"Nunchaku"},{"floor":35,"key":"Mirror"},{"floor":37,"key":"Ring of Hypnosis"},{"floor":38,"key":"Gremlin Horn"},{"floor":40,"key":"Ornamental Fan"},{"floor":41,"key":"Replay:Multitool"},{"floor":42,"key":"Replay:Baseball"},{"floor":43,"key":"Boot"},{"floor":45,"key":"Orichalcum"},{"floor":47,"key":"Snack Pack"},{"floor":48,"key":"Eternal Feather"},{"floor":49,"key":"Kunai"}],"event_choices":[{"cards_removed":["HollowMod:SharpenedShadows"],"damage_healed":0,"gold_gain":0,"player_choice":"Card Removal","damage_taken":0,"max_hp_gain":0,"max_hp_loss":0,"event_name":"The Cleric","floor":2,"gold_loss":50},{"damage_healed":0,"gold_gain":75,"player_choice":"Touch","damage_taken":8,"max_hp_gain":0,"max_hp_loss":0,"event_name":"FaceTrader","floor":19,"gold_loss":0},{"damage_healed":0,"gold_gain":0,"player_choice":"Shed Blood","damage_taken":20,"max_hp_gain":5,"max_hp_loss":0,"event_name":"Forgotten Altar","floor":21,"gold_loss":0},{"damage_healed":0,"gold_gain":0,"player_choice":"Memory 3","damage_taken":10,"max_hp_gain":0,"max_hp_loss":0,"event_name":"SensoryStone","floor":36,"gold_loss":0},{"cards_removed":["HollowMod:GoodIntentions"],"damage_healed":0,"gold_gain":0,"player_choice":"Removed Skill","damage_taken":0,"max_hp_gain":0,"max_hp_loss":0,"event_name":"Falling","floor":39,"gold_loss":0}],"is_beta":false,"boss_relics":[{"not_picked":["Philosopher\u0027s Stone","Replay:Drink Me"],"picked":"Kintsugi"},{"not_picked":["Sozu","Runic Dome"],"picked":"Tiny House"}],"items_purged_floors":[11,22,29,44],"is_endless":false,"potions_floor_spawned":[1,6,8,12,16,18,30,31,33,41,45,48],"ascension_level":0}}