{"host":"zh06ha8197vgjo02","time":1608796314,"event":{"mods":["AchievementEnabler","Arknights The Spire","BaseMod","Better Skull","CapriCore","DeckTracker","GifTheSpireLib","Hermit","Koishi","Marisa£¨Ùöéë¡¡Øª×âÞÞ£©","Minty Spire (QoL Compilation)","Reimu£¨ÚÏ???£©","StSLib","SuperFastMode","Td1madao Mod","The Cursed","The Immortal","TheBandit","WarShipGirlsR/??á´Ò³R mod"],"gold_per_floor":[111,61,51,51,51,90,90,123,149,149,189,210,226,186,186,312,312,335,335,335,348,368,412,412,453,453,469,469,503,503,91,91,215,278,303,636,686,686,686],"floor_reached":38,"playtime":1637,"items_purged":[],"score":525,"play_id":"9ffcd3aa-a113-4acf-a9d1-75204c8d2908","local_time":"20201224165154","is_ascension_mode":true,"campfire_choices":[{"data":"NB:ReiMu","floor":7.0,"key":"SMITH"},{"data":"DependentForm:ReiMu","floor":10.0,"key":"SMITH"},{"data":"CeremonyResonance:ReiMu","floor":15.0,"key":"SMITH"},{"data":"Free:ReiMu","floor":24.0,"key":"SMITH"},{"floor":28.0,"key":"REST"},{"floor":32,"key":"REST"}],"circlet_count":0,"master_deck":["Strike_Lin:ReiMu+1","Strike_Lin:ReiMu+1","Defend_Lin:ReiMu+1","Defend_Lin:ReiMu+1","Defend_Lin:ReiMu+1","Defend_Lin:ReiMu+1","NB:ReiMu+1","Stagnation:ReiMu","Conquer:ReiMu","DependentForm:ReiMu+1","YinYangSange:ReiMu","CeremonyResonance:ReiMu+1","Free:ReiMu+1","CurseOfTheBell","Shading:ReiMu","Dreaming2:ReiMu+1","SealNeedle:ReiMu+1","RainPray2:ReiMu","LovePray:ReiMu","Secret Technique","HakureiPhantom:ReiMu","SpreadBorder2:ReiMu"],"relics":["FlyPower:ReiMu","NeowsBlessing","Mango","Ancient Tea Set","Pen Nib","MealTicket","PaintedHorse:ReiMu","Calling Bell","Bow_fan:ReiMu","Matryoshka","KaguraBell:ReiMu","Blood Vial","Red Mask","Bag of Preparation","Gremlin Horn","Bottled Lightning","Membership Card","Blue Candle","Tiny House","Dead Branch"],"acts_visited":["Exordium","TheCity","TheBeyond"],"potions_floor_usage":[33,37],"damage_taken":[{"damage":0.0,"enemies":"Cultist","floor":1.0,"turns":1.0},{"damage":0.0,"enemies":"Gremlin Nob","floor":6.0,"turns":1.0},{"damage":0.0,"enemies":"3 Sentries","floor":8.0,"turns":1.0},{"damage":19.0,"enemies":"Lagavulin","floor":11.0,"turns":12.0},{"damage":0.0,"enemies":"2 Louse","floor":12.0,"turns":4.0},{"damage":0.0,"enemies":"Small Slimes","floor":13.0,"turns":3.0},{"damage":8.0,"enemies":"Hexaghost","floor":16.0,"turns":11.0},{"damage":17.0,"enemies":"Spheric Guardian","floor":18.0,"turns":9.0},{"damage":0.0,"enemies":"Chosen","floor":21.0,"turns":7.0},{"damage":16.0,"enemies":"Shelled Parasite and Fungi","floor":22.0,"turns":9.0},{"damage":24.0,"enemies":"Book of Stabbing","floor":23.0,"turns":9.0},{"damage":18.0,"enemies":"Masked Bandits","floor":25.0,"turns":5.0},{"damage":9.0,"enemies":"Centurion and Healer","floor":27.0,"turns":7.0},{"damage":31,"enemies":"Slavers","floor":29,"turns":6},{"damage":60,"enemies":"Automaton","floor":33,"turns":10},{"damage":34,"enemies":"Orb Walker","floor":35,"turns":6},{"damage":18,"enemies":"Mind Bloom Boss Battle","floor":37,"turns":10},{"damage":33,"enemies":"3 Shapes","floor":38,"turns":5}],"seed_played":"-745864979475141535","potions_obtained":[{"floor":1.0,"key":"Dexterity Potion"},{"floor":5.0,"key":"Fire Potion"},{"floor":5.0,"key":"DistilledChaos"},{"floor":5.0,"key":"ColorlessPotion"},{"floor":18.0,"key":"FairyPotion"},{"floor":29,"key":"Ancient Potion"},{"floor":34,"key":"FearPotion"},{"floor":35,"key":"Swift Potion"}],"is_trial":false,"path_per_floor":["M","?","?","?","?","E","R","E","T","R","E","M","M","?","R","B",null,"M","?","$","M","M","E","R","?","T","M","R","E","?","$","R","B",null,"M","?","?","M"],"character_chosen":"REIMU","items_purchased":["Membership Card","LovePray:ReiMu","Blue Candle","Secret Technique"],"campfire_rested":2,"item_purchase_floors":[31,31,31,31],"current_hp_per_floor":[65,65,65,60,60,74,74,74,74,74,55,55,55,55,55,47,74,57,57,72,72,56,32,32,16,16,9,31,2,2,17,39,10,79,45,45,29,0,0],"gold":686,"neow_bonus":"THREE_ENEMY_KILL","is_daily":false,"chose_seed":false,"campfire_upgraded":4,"win_rate":0.0,"timestamp":1608796314,"path_taken":["M","?","?","?","?","E","R","E","T","R","E","M","?","?","R","BOSS","M","?","$","M","M","E","R","?","T","M","R","E","?","?","R","BOSS","M","?","?","M"],"items_purchased_type":["Relic","Card","Relic","Card"],"build_version":"2020-12-22","purchased_purges":0,"victory":false,"max_hp_per_floor":[65,65,65,60,60,74,74,74,74,74,74,74,74,74,74,74,74,74,74,74,74,74,74,74,74,74,74,74,74,74,74,74,74,79,79,79,79,79,79],"card_choices":[{"not_picked":["KamiSacrifice:ReiMu","OctopathBindingBorder2:ReiMu"],"picked":"Conquer:ReiMu","floor":1.0},{"not_picked":[],"picked":"DependentForm:ReiMu","floor":3.0},{"not_picked":["YinYangSign:ReiMu","Enchanting:ReiMu","Meditation:ReiMu"],"picked":"SKIP","floor":6.0},{"not_picked":["Amulet:ReiMu","AlertArray:ReiMu"],"picked":"YinYangSange:ReiMu","floor":8.0},{"not_picked":["CeremonyResonance:ReiMu","AirStrike:ReiMu","YinYangSign:ReiMu"],"picked":"SKIP","floor":11.0},{"not_picked":["AirStrike:ReiMu","YinYangSign:ReiMu"],"picked":"CeremonyResonance:ReiMu","floor":11.0},{"not_picked":["CareerPray:ReiMu","Revelation:ReiMu","AirStrike:ReiMu"],"picked":"SKIP","floor":12.0},{"not_picked":["SpringWay:ReiMu","AirStrike:ReiMu","EmergencyTakeOff:ReiMu"],"picked":"SKIP","floor":13.0},{"not_picked":["Shading:ReiMu","OctopathSalyBorderN:ReiMu"],"picked":"Free:ReiMu","floor":16.0},{"not_picked":["Meditation:ReiMu+1","SubcavityInstant:ReiMu"],"picked":"Shading:ReiMu","floor":18.0},{"not_picked":["FantasyBorder:ReiMu","TightArray:ReiMu","SubcavityInstant:ReiMu+1"],"picked":"SKIP","floor":21.0},{"not_picked":["PrepareRite:ReiMu","BarrageOfMoneybags:ReiMu","TightArray:ReiMu+1"],"picked":"SKIP","floor":22.0},{"not_picked":["KyokaiOfKami:ReiMu","EmergencyTakeOff:ReiMu"],"picked":"Dreaming2:ReiMu+1","floor":23.0},{"not_picked":["EmergencyTakeOff:ReiMu+1","RainPray2:ReiMu"],"picked":"Dreaming2:ReiMu","floor":25.0},{"not_picked":["TightArray:ReiMu","EmergencyTakeOff:ReiMu+1","ManaGlint:ReiMu+1"],"picked":"SKIP","floor":27.0},{"not_picked":["KamiSacrifice:ReiMu","UniversalSpiritual:ReiMu","YinYangSange:ReiMu+1"],"picked":"SKIP","floor":29},{"not_picked":["CeremonyResonance:ReiMu","RunawayExorcism:ReiMu"],"picked":"HakureiPhantom:ReiMu","floor":33},{"not_picked":["RainPray2:ReiMu","AirStrike:ReiMu"],"picked":"SpreadBorder2:ReiMu","floor":34},{"not_picked":["AirStrike:ReiMu+1","Conquer:ReiMu+1","TightArray:ReiMu+1"],"picked":"SKIP","floor":35}],"player_experience":740882,"relics_obtained":[{"floor":6.0,"key":"Mango"},{"floor":8.0,"key":"Ancient Tea Set"},{"floor":9.0,"key":"Pen Nib"},{"floor":11.0,"key":"MealTicket"},{"floor":17.0,"key":"Bow_fan:ReiMu"},{"floor":17.0,"key":"Matryoshka"},{"floor":17.0,"key":"KaguraBell:ReiMu"},{"floor":23.0,"key":"Blood Vial"},{"floor":25.0,"key":"Red Mask"},{"floor":26.0,"key":"Bag of Preparation"},{"floor":26.0,"key":"Gremlin Horn"},{"floor":29,"key":"Bottled Lightning"},{"floor":37,"key":"Dead Branch"}],"event_choices":[{"cards_removed":["Strike_Lin:ReiMu"],"damage_healed":0.0,"max_hp_gain":0.0,"max_hp_loss":0.0,"gold_gain":0.0,"event_name":"The Cleric","player_choice":"Card Removal","floor":2.0,"gold_loss":50.0,"damage_taken":0.0},{"damage_healed":0.0,"max_hp_gain":0.0,"max_hp_loss":5.0,"gold_gain":0.0,"event_name":"Golden Idol","player_choice":"Lose Max HP","floor":4.0,"gold_loss":0.0,"damage_taken":0.0,"relics_obtained":["Golden Idol"]},{"damage_healed":0.0,"max_hp_gain":0.0,"max_hp_loss":0.0,"gold_gain":0.0,"event_name":"Lab","player_choice":"Got Potions","floor":5.0,"gold_loss":0.0,"damage_taken":0.0},{"damage_healed":0.0,"max_hp_gain":0.0,"max_hp_loss":0.0,"gold_gain":0.0,"event_name":"yidonshenshe","player_choice":"Donate","floor":14.0,"gold_loss":40.0,"damage_taken":0.0,"relics_obtained":["PaintedHorse:ReiMu"]},{"damage_healed":0.0,"max_hp_gain":0.0,"max_hp_loss":0.0,"gold_gain":0.0,"event_name":"Back to Basics","player_choice":"Simplicity","floor":19.0,"gold_loss":0.0,"damage_taken":0.0,"cards_upgraded":["Strike_Lin:ReiMu","Strike_Lin:ReiMu","Strike_Lin:ReiMu","Defend_Lin:ReiMu","Defend_Lin:ReiMu","Defend_Lin:ReiMu","Defend_Lin:ReiMu"]},{"damage_healed":0.0,"max_hp_gain":0.0,"max_hp_loss":0.0,"gold_gain":0.0,"event_name":"Masked Bandits","player_choice":"Fought Bandits","floor":25.0,"gold_loss":0.0,"damage_taken":0.0},{"damage_healed":0,"gold_gain":0,"cards_transformed":["Dreaming2:ReiMu","Strike_Lin:ReiMu"],"player_choice":"Became Test Subject","damage_taken":0,"max_hp_gain":0,"max_hp_loss":0,"event_name":"Drug Dealer","floor":30,"gold_loss":0,"cards_obtained":["SealNeedle:ReiMu","RainPray2:ReiMu"]},{"damage_healed":0,"gold_gain":333,"player_choice":"Gave Idol","damage_taken":0,"max_hp_gain":0,"max_hp_loss":0,"event_name":"The Moai Head","floor":36,"relics_lost":["Golden Idol"],"gold_loss":0},{"damage_healed":0,"gold_gain":0,"player_choice":"Fight","damage_taken":0,"max_hp_gain":0,"max_hp_loss":0,"event_name":"MindBloom","floor":37,"gold_loss":0}],"is_beta":false,"boss_relics":[{"not_picked":["Philosopher\u0027s Stone","Cursed Key"],"picked":"Calling Bell"},{"not_picked":["RedLine:ReiMu","Busted Crown"],"picked":"Tiny House"}],"items_purged_floors":[],"is_endless":false,"potions_floor_spawned":[1,8,18,21,29,35],"killed_by":"3 Shapes","ascension_level":1}}