{"host":"wonp23fsqqcu31ie","time":1608790449,"event":{"mods":["2.2 Compatiblity","AchievementEnabler","Aspiration","BaseMod","Bestiary","Better Altar","Better Match","Better Sensory Stone","Better Skull","Better Third Choice","BetterRewards","Block Reminder","Colored Map","Colored Powertips","Conspire","DeckTracker","Displayed Cursed Tome","Downfall","Hermit","Highlight Path","Hubris","Minty Spire (QoL Compilation)","Permanent Neow","Quick Restart","Rare Cards Sparkle","Relic Stats","Replay The Spire","Shade Mod","Shop Mod","StSLib","SuperFastMode","The Animator","The Cursed","The Dragon Tamer","The Gatherer","The Necromancer","The Runesmith","The Servant 0.9.4"],"gold_per_floor":[99,113,113,126,126,136,162,67,83,8,42,56,41,26,38,136,136,61,80,65,81,92,108,108,108,108,119,135,213,25,25,25,25],"floor_reached":31,"playtime":1308,"items_purged":["Pain"],"score":325,"play_id":"d24206b1-c17e-4174-8e8b-de978bf59282","local_time":"20201224171409","is_ascension_mode":true,"campfire_choices":[{"floor":1,"key":"RECALL"},{"data":"Slimebound:MassFeed","floor":10,"key":"SMITH"},{"data":"Slimebound:MassRepurpose","floor":18,"key":"SMITH"}],"circlet_count":0,"master_deck":["Slimebound:Strike_Slimebound","Slimebound:Strike_Slimebound+1","Slimebound:Strike_Slimebound+1","Slimebound:Tackle","Slimebound:Defend_Slimebound","Slimebound:Defend_Slimebound","Slimebound:Defend_Slimebound","Slimebound:Defend_Slimebound","Slimebound:Split","Slimebound:CorrosiveSpit","Slimebound:FormOfPuddle","Slimebound:Nibble","Slimebound:SlimeSlap","Slimebound:FirmFortitude","Slimebound:MassFeed+1","Slimebound:LeechEnergy","Slimebound:RejuvenatingLick","Slimebound:SplitAcid","Slimebound:GrowthPunch","Slimebound:LeadByExample","Slimebound:Repurpose","Slimebound:MassRepurpose+1","Slimebound:ItLooksTasty","Slimebound:LeechEnergy+1","Slimebound:Equalize","Slimebound:MegaLick+1","Slimebound:SamplingLick+1","Slimebound:FinishingTackle+1","Slimebound:MegaLick+1","Slimebound:OozeBath","Slimebound:RejuvenatingLick"],"relics":["Slimebound:AbsorbEndCombat","WarpedTongs","downfall:HeartBlessingRed","downfall:HeartBlessingGreen","Blood Vial","hubris:Towel","downfall:RedIOU","ReplayTheSpireMod:Ninjato","MerchantsRug"],"acts_visited":["Exordium","TheCity"],"potions_floor_usage":[4,16,21,30,31,31],"damage_taken":[{"damage":4,"enemies":"Small Slimes","floor":2,"turns":3},{"damage":12,"enemies":"Jaw Worm","floor":4,"turns":4},{"damage":13,"enemies":"Cultist","floor":6,"turns":3},{"damage":18,"enemies":"downfall:FleeingMerchant","floor":8,"turns":4},{"damage":1,"enemies":"Lots of Slimes","floor":9,"turns":1},{"damage":37,"enemies":"3 Sentries","floor":11,"turns":6},{"damage":14,"enemies":"Red Slaver","floor":12,"turns":3},{"damage":10,"enemies":"downfall:FleeingMerchant","floor":13,"turns":4},{"damage":28,"enemies":"downfall:FleeingMerchant","floor":14,"turns":4},{"damage":24,"enemies":"Large Slime","floor":15,"turns":5},{"damage":67,"enemies":"downfall:Defect","floor":16,"turns":6},{"damage":19,"enemies":"Spheric Guardian","floor":19,"turns":3},{"damage":30,"enemies":"downfall:FleeingMerchant","floor":20,"turns":4},{"damage":52,"enemies":"3 Byrds","floor":21,"turns":5},{"damage":51,"enemies":"Centurion and Healer","floor":22,"turns":8},{"damage":48,"enemies":"Shelled Parasite and Fungi","floor":23,"turns":4},{"damage":44,"enemies":"Snecko","floor":27,"turns":5},{"damage":42,"enemies":"Snake Plant","floor":28,"turns":4},{"damage":33,"enemies":"downfall:FleeingMerchant","floor":30,"turns":4},{"damage":119,"enemies":"Gremlin Leader","floor":31,"turns":6}],"seed_played":"-1450991122360077061","potions_obtained":[{"floor":2,"key":"ColorlessPotion"},{"floor":4,"key":"Strength Potion"},{"floor":16,"key":"champ:CounterPotion"},{"floor":19,"key":"Strength Potion"},{"floor":27,"key":"Elixir"},{"floor":28,"key":"Explosive Potion"}],"is_trial":false,"path_per_floor":["R_BF","M","?","M","?","M","T","$","M","R","E","M","$","$","M","B",null,"R","M","$","M","M","M","T","?","?","M","M","T","$","E"],"character_chosen":"SLIMEBOUND","items_purchased":["Slimebound:MassFeed","MerchantsRug","Slimebound:RejuvenatingLick"],"campfire_rested":0,"item_purchase_floors":[8,30,30],"current_hp_per_floor":[60,60,65,62,62,65,65,64,83,83,76,76,84,90,75,32,93,93,94,79,45,46,40,40,40,40,36,28,28,51,0,0,0],"gold":25,"neow_bonus":"RANDOM_COMMON_RELIC","is_daily":false,"chose_seed":false,"campfire_upgraded":2,"win_rate":0.0,"timestamp":1608790449,"path_taken":["R_BF","M","?","M","?","?","T","$","M","R","E","M","?","$","M","BOSS","R","M","$","M","M","M","T","?","?","M","M","?","$","E"],"items_purchased_type":["Card","Relic","Card"],"build_version":"2020-12-22","purchased_purges":1,"victory":false,"max_hp_per_floor":[60,60,65,65,65,65,65,65,85,85,89,93,93,93,93,93,93,93,97,97,101,105,109,109,109,109,113,113,113,113,113,113,113],"relic_stats":{"Blood Vial":8,"counters":[20,85],"obtain_stats":[{"Blood Vial":24,"MerchantsRug":30,"Dream Catcher":11,"ReplayTheSpireMod:Ninjato":29,"downfall:HeartBlessingRed":10,"Honey Jar":17,"downfall:HeartBlessingGreen":18,"downfall:RedIOU":26,"Slimebound:AbsorbEndCombat":0,"Whetstone":0,"hubris:Towel":25,"WarpedTongs":5},{"Blood Vial":16,"MerchantsRug":19,"Dream Catcher":6,"ReplayTheSpireMod:Ninjato":18,"downfall:HeartBlessingRed":5,"Honey Jar":11,"downfall:HeartBlessingGreen":11,"downfall:RedIOU":16,"Slimebound:AbsorbEndCombat":0,"Whetstone":0,"hubris:Towel":16,"WarpedTongs":2},{"Blood Vial":66,"MerchantsRug":79,"Dream Catcher":21,"ReplayTheSpireMod:Ninjato":75,"downfall:HeartBlessingRed":15,"Honey Jar":43,"downfall:HeartBlessingGreen":43,"downfall:RedIOU":66,"Slimebound:AbsorbEndCombat":0,"Whetstone":0,"hubris:Towel":66,"WarpedTongs":7}],"WarpedTongs":[78]},"card_choices":[{"not_picked":["Slimebound:ComboTackle","Slimebound:Prepare"],"picked":"Slimebound:FormOfPuddle","floor":2},{"not_picked":["Slimebound:SlimeBarrage","Slimebound:ViciousTackle"],"picked":"Slimebound:Nibble","floor":4},{"not_picked":["Slimebound:RollThrough","Slimebound:ForwardTackle"],"picked":"Slimebound:SlimeSlap","floor":6},{"not_picked":["Slimebound:MegaLick","Slimebound:LeechEnergy"],"picked":"Slimebound:FirmFortitude","floor":8},{"not_picked":["Slimebound:FormOfPuddle","Slimebound:ViciousTackle"],"picked":"Slimebound:LeechEnergy","floor":9},{"not_picked":["Slimebound:LivingWall","Slimebound:LeechingTouch"],"picked":"Slimebound:RejuvenatingLick","floor":11},{"not_picked":["Slimebound:DivideAndConquer","Slimebound:ServeAndProtect"],"picked":"Slimebound:SplitAcid","floor":12},{"not_picked":["Slimebound:ViciousTackle","Slimebound:Chomp"],"picked":"Slimebound:GrowthPunch","floor":13},{"not_picked":["Slimebound:LeechingTouch","Slimebound:ServeAndProtect"],"picked":"Slimebound:LeadByExample","floor":14},{"not_picked":["Slimebound:Recollect","Slimebound:Prepare"],"picked":"Slimebound:Repurpose","floor":15},{"not_picked":["Slimebound:WasteNot","Slimebound:Recycling"],"picked":"Slimebound:MassRepurpose","floor":16},{"not_picked":["Slimebound:GrowthPunch","Slimebound:LeechingTouch","Slimebound:DivideAndConquer+1"],"picked":"Slimebound:ItLooksTasty","floor":19},{"not_picked":["Slimebound:ForwardTackle","Slimebound:Replication+1","Slimebound:SplitAcid"],"picked":"Slimebound:LeechEnergy+1","floor":20},{"not_picked":["Slimebound:DivideAndConquer","Slimebound:ViciousTackle","Slimebound:LivingWall"],"picked":"Slimebound:Equalize","floor":21},{"not_picked":["Slimebound:GoopSpray","Slimebound:Chomp+1","Slimebound:MassRepurpose"],"picked":"Slimebound:MegaLick+1","floor":22},{"not_picked":["Slimebound:Nibble+1","Slimebound:GoopSpray","Slimebound:SplitAcid"],"picked":"Slimebound:SamplingLick+1","floor":23},{"not_picked":["Slimebound:SplitAcid","Slimebound:SamplingLick","Slimebound:LeechEnergy"],"picked":"Slimebound:FinishingTackle+1","floor":27},{"not_picked":["Slimebound:ViciousTackle","Slimebound:Grow","Slimebound:RollThrough+1"],"picked":"Slimebound:MegaLick+1","floor":28},{"not_picked":["Slimebound:SplitAcid","Slimebound:SplitBruiser+1","Slimebound:SlimeTap"],"picked":"Slimebound:OozeBath","floor":30}],"player_experience":392520,"relics_obtained":[{"floor":11,"key":"Dream Catcher"},{"floor":24,"key":"Blood Vial"},{"floor":29,"key":"ReplayTheSpireMod:Ninjato"}],"event_choices":[{"damage_healed":0,"gold_gain":0,"player_choice":"Donut","damage_taken":0,"max_hp_gain":5,"max_hp_loss":0,"event_name":"Big Fish","floor":3,"gold_loss":0},{"damage_healed":0,"gold_gain":0,"player_choice":"Rummage","damage_taken":0,"relics_obtained":["WarpedTongs"],"max_hp_gain":0,"max_hp_loss":0,"event_name":"Accursed Blacksmith","floor":5,"gold_loss":0,"cards_obtained":["Pain"]}],"is_beta":false,"boss_relics":[{"not_picked":["Replay:Drink Me","Snecko Eye"],"picked":"Honey Jar"}],"items_purged_floors":[30],"is_endless":false,"potions_floor_spawned":[2,4,16,19,27,28],"killed_by":"Gremlin Leader","ascension_level":3}}