{"host":"girf3bnli6r7x4ah","time":1608853388,"event":{"mods":["2.2 Compatiblity","AchievementEnabler","BaseMod","Colored Map","DeckTracker","Highlight Path","Minty Spire (QoL Compilation)","Random Character Button","Rare Cards Sparkle"],"gold_per_floor":[119,119,119,139,158,189,205,218,218,251,97,97,132,145,145,247,247,261,176,176,275,23,52,70,97,122,153,153,185,185,195,195,299,299,316,6,16,35,54,83,99,129,129,140,171,171,171,200,200,200,200,200,8,42,42],"floor_reached":56,"playtime":4675,"items_purged":["Strike_G"],"score":1573,"play_id":"7e0059f2-7a15-4173-8900-f6d0f081d8b2","local_time":"20201225004308","is_ascension_mode":true,"campfire_choices":[{"floor":12,"key":"REST"},{"floor":15,"key":"REST"},{"floor":30,"key":"RECALL"},{"data":"Infinite Blades","floor":32,"key":"SMITH"},{"data":"Strike_G","floor":47,"key":"PURGE"},{"data":"Defend_G","floor":49,"key":"PURGE"},{"data":"Strike_G","floor":52,"key":"PURGE"}],"circlet_count":0,"master_deck":["Strike_G","Strike_G","Defend_G","Defend_G","Defend_G","Defend_G","Survivor","Neutralize","Accuracy","Cloak And Dagger","Accuracy","Accuracy","Finisher","Sucker Punch","Cloak And Dagger","Wraith Form v2","Cloak And Dagger","Blade Dance","Cloak And Dagger","Blur+1","Infinite Blades+1","Wraith Form v2","Finisher","Storm of Steel","Burst","Blur+1","Infinite Blades+1","Sucker Punch+1","Blade Dance+1","Blade Dance","Prepared"],"relics":["Ring of the Snake","Boot","PreservedInsect","Mango","Mercury Hourglass","Sundial","Orrery","Pen Nib","Coffee Dripper","Gremlin Horn","MutagenicStrength","Membership Card","Bag of Preparation","White Beast Statue","Art of War","Lantern","Nunchaku","Peace Pipe","Fusion Hammer","Unceasing Top","CaptainsWheel","Meat on the Bone","Orichalcum","Vajra","Bag of Marbles","Shuriken","TungstenRod"],"acts_visited":["Exordium","TheCity","TheBeyond","TheEnding"],"potions_floor_usage":[6,7,10,13,33,33,33,38,38,39,40,40,50,55,55,55],"damage_taken":[{"damage":0,"enemies":"Cultist","floor":1,"turns":3},{"damage":0,"enemies":"Small Slimes","floor":4,"turns":3},{"damage":2,"enemies":"Jaw Worm","floor":5,"turns":4},{"damage":22,"enemies":"Lagavulin","floor":6,"turns":8},{"damage":0,"enemies":"Looter","floor":7,"turns":4},{"damage":13,"enemies":"2 Fungi Beasts","floor":8,"turns":5},{"damage":3,"enemies":"3 Sentries","floor":10,"turns":5},{"damage":9,"enemies":"Gremlin Nob","floor":13,"turns":4},{"damage":7,"enemies":"Large Slime","floor":14,"turns":6},{"damage":59,"enemies":"Hexaghost","floor":16,"turns":12},{"damage":0,"enemies":"3 Byrds","floor":18,"turns":4},{"damage":0,"enemies":"Gremlin Leader","floor":23,"turns":4},{"damage":0,"enemies":"Chosen","floor":24,"turns":4},{"damage":6,"enemies":"Book of Stabbing","floor":25,"turns":3},{"damage":0,"enemies":"Gremlin Leader","floor":27,"turns":1},{"damage":3,"enemies":"Slavers","floor":29,"turns":3},{"damage":0,"enemies":"Shelled Parasite and Fungi","floor":31,"turns":1},{"damage":6,"enemies":"Collector","floor":33,"turns":6},{"damage":0,"enemies":"Orb Walker","floor":35,"turns":2},{"damage":2,"enemies":"3 Shapes","floor":37,"turns":2},{"damage":3,"enemies":"Sphere and 2 Shapes","floor":38,"turns":2},{"damage":4,"enemies":"3 Darklings","floor":39,"turns":3},{"damage":3,"enemies":"Nemesis","floor":40,"turns":3},{"damage":0,"enemies":"Jaw Worm Horde","floor":41,"turns":3},{"damage":0,"enemies":"Giant Head","floor":42,"turns":1},{"damage":16,"enemies":"Maw","floor":44,"turns":6},{"damage":0,"enemies":"Nemesis","floor":45,"turns":3},{"damage":1,"enemies":"Giant Head","floor":48,"turns":3},{"damage":20,"enemies":"Donu and Deca","floor":50,"turns":5},{"damage":0,"enemies":"Shield and Spear","floor":54,"turns":3},{"damage":54,"enemies":"The Heart","floor":55,"turns":5}],"seed_played":"5685039312925020870","potions_obtained":[{"floor":5,"key":"Explosive Potion"},{"floor":6,"key":"DistilledChaos"},{"floor":7,"key":"SneckoOil"},{"floor":10,"key":"SpeedPotion"},{"floor":16,"key":"Fire Potion"},{"floor":18,"key":"Regen Potion"},{"floor":24,"key":"CunningPotion"},{"floor":33,"key":"PowerPotion"},{"floor":35,"key":"EssenceOfSteel"},{"floor":37,"key":"Explosive Potion"},{"floor":38,"key":"Fruit Juice"},{"floor":39,"key":"Poison Potion"},{"floor":40,"key":"Strength Potion"},{"floor":41,"key":"LiquidMemories"},{"floor":42,"key":"Weak Potion"},{"floor":44,"key":"BlessingOfTheForge"},{"floor":54,"key":"Block Potion"}],"is_trial":false,"path_per_floor":["M","?","?","M","M","E","M","M","T","E","$","R","E","M","R","B",null,"M","?","?","?","$","E","M","E","T","E","?","E","R","M","R","B",null,"M","$","M","M","M","E","M","E","T","M","E","?","R","E","R","B",null,"R","$","E","B",null],"character_chosen":"THE_SILENT","items_purchased":["Orrery","Membership Card","Blade Dance","Bag of Preparation","Unceasing Top","CaptainsWheel","Shuriken","Blade Dance"],"campfire_rested":2,"item_purchase_floors":[11,22,22,22,36,36,53,53],"current_hp_per_floor":[70,70,63,63,61,53,53,40,40,37,37,62,53,46,71,12,84,84,84,84,84,84,84,84,78,78,78,78,75,75,75,75,74,84,84,84,82,84,80,77,77,77,77,61,61,61,61,60,60,52,89,89,89,89,47],"gold":42,"neow_bonus":"RANDOM_COMMON_RELIC","is_daily":false,"chose_seed":false,"campfire_upgraded":1,"win_rate":0.0,"timestamp":1608853388,"path_taken":["M","?","?","M","M","E","M","M","T","E","$","R","E","M","R","BOSS","M","?","?","?","$","E","M","E","T","E","?","E","R","?","R","BOSS","M","$","M","?","M","E","M","E","T","M","E","?","R","E","R","BOSS","R","$","E","BOSS"],"items_purchased_type":["Relic","Relic","Card","Relic","Relic","Relic","Relic","Card"],"build_version":"2020-12-22","purchased_purges":1,"victory":true,"max_hp_per_floor":[70,70,70,70,70,84,84,84,84,84,84,84,84,84,84,84,84,84,84,84,84,84,84,84,84,84,84,84,84,84,84,84,84,84,84,84,84,89,89,89,89,89,89,89,89,89,89,89,89,89,89,89,89,89,89],"card_choices":[{"not_picked":["Bane","Concentrate"],"picked":"Accuracy","floor":1},{"not_picked":["Acrobatics","Well Laid Plans","Dagger Throw"],"picked":"SKIP","floor":4},{"not_picked":["Footwork","Poisoned Stab"],"picked":"Cloak And Dagger","floor":5},{"not_picked":["Acrobatics","Slice"],"picked":"Accuracy","floor":6},{"not_picked":["Flechettes","All Out Attack","Quick Slash"],"picked":"SKIP","floor":7},{"not_picked":["Caltrops","Backstab"],"picked":"Accuracy","floor":8},{"not_picked":["Flying Knee","Dash","Dagger Throw"],"picked":"SKIP","floor":10},{"not_picked":["Acrobatics","All Out Attack"],"picked":"Finisher","floor":11},{"not_picked":["Dodge and Roll","Quick Slash"],"picked":"Sucker Punch","floor":11},{"not_picked":["Underhanded Strike","Caltrops"],"picked":"Cloak And Dagger","floor":13},{"not_picked":["Reflex","Skewer","Predator"],"picked":"SKIP","floor":14},{"not_picked":["Glass Knife","After Image"],"picked":"Wraith Form v2","floor":16},{"not_picked":["Endless Agony","Poisoned Stab+1"],"picked":"Cloak And Dagger","floor":18},{"not_picked":["Slice+1","Quick Slash"],"picked":"Cloak And Dagger","floor":23},{"not_picked":["Dagger Throw","Choke","Prepared"],"picked":"SKIP","floor":24},{"not_picked":["Bouncing Flask","Setup"],"picked":"Blur+1","floor":25},{"not_picked":["Choke","Underhanded Strike"],"picked":"Infinite Blades","floor":27},{"not_picked":["Deadly Poison","Reflex"],"picked":"Wraith Form v2","floor":29},{"not_picked":["Acrobatics","Backflip"],"picked":"Finisher","floor":31},{"not_picked":["After Image","Malaise"],"picked":"Storm of Steel","floor":33},{"not_picked":["Deflect+1","Slice","Backstab"],"picked":"SKIP","floor":35},{"not_picked":["Slice","Outmaneuver","Deflect"],"picked":"SKIP","floor":37},{"not_picked":["Dagger Throw+1","Quick Slash","Flying Knee+1"],"picked":"SKIP","floor":38},{"not_picked":["Sucker Punch+1","Outmaneuver","Backstab"],"picked":"SKIP","floor":39},{"not_picked":["All Out Attack","Eviscerate+1","Deadly Poison"],"picked":"SKIP","floor":40},{"not_picked":["Catalyst+1","All Out Attack+1"],"picked":"Burst","floor":41},{"not_picked":["Slice+1","Infinite Blades"],"picked":"Blur+1","floor":42},{"not_picked":["Finisher","PiercingWail"],"picked":"Infinite Blades+1","floor":44},{"not_picked":["Tactician+1","Masterful Stab"],"picked":"Sucker Punch+1","floor":45},{"not_picked":["Escape Plan","Heel Hook+1"],"picked":"Blade Dance+1","floor":48},{"not_picked":["Choke+1","Poisoned Stab+1"],"picked":"Prepared","floor":54}],"player_experience":88190,"relics_obtained":[{"floor":6,"key":"Mango"},{"floor":9,"key":"Mercury Hourglass"},{"floor":10,"key":"Sundial"},{"floor":13,"key":"Pen Nib"},{"floor":23,"key":"White Beast Statue"},{"floor":25,"key":"Art of War"},{"floor":26,"key":"Lantern"},{"floor":27,"key":"Nunchaku"},{"floor":29,"key":"Peace Pipe"},{"floor":40,"key":"Meat on the Bone"},{"floor":42,"key":"Orichalcum"},{"floor":45,"key":"Vajra"},{"floor":48,"key":"Bag of Marbles"},{"floor":54,"key":"TungstenRod"}],"event_choices":[{"damage_healed":0,"gold_gain":0,"player_choice":"Leave","damage_taken":0,"max_hp_gain":0,"max_hp_loss":0,"event_name":"The Cleric","floor":2,"gold_loss":0},{"damage_healed":0,"gold_gain":0,"player_choice":"Success","damage_taken":7,"relics_obtained":["PreservedInsect"],"max_hp_gain":0,"max_hp_loss":0,"event_name":"Scrap Ooze","floor":3,"gold_loss":0},{"damage_healed":0,"gold_gain":0,"player_choice":"Obtained Relic","damage_taken":0,"relics_obtained":["Gremlin Horn"],"max_hp_gain":0,"max_hp_loss":0,"event_name":"Addict","floor":19,"gold_loss":85},{"damage_healed":0,"gold_gain":0,"player_choice":"Inject Mutagens","damage_taken":0,"relics_obtained":["MutagenicStrength"],"max_hp_gain":0,"max_hp_loss":0,"event_name":"Drug Dealer","floor":20,"gold_loss":0},{"damage_healed":0,"gold_gain":99,"player_choice":"Stole From Cult","damage_taken":0,"max_hp_gain":0,"max_hp_loss":0,"event_name":"Nest","floor":21,"gold_loss":0},{"damage_healed":0,"gold_gain":0,"player_choice":"Ignored","damage_taken":0,"max_hp_gain":0,"max_hp_loss":0,"event_name":"Vampires","floor":28,"gold_loss":0},{"damage_healed":0,"gold_gain":0,"player_choice":"Memory 1","damage_taken":0,"max_hp_gain":0,"max_hp_loss":0,"event_name":"SensoryStone","floor":46,"gold_loss":0}],"is_beta":false,"boss_relics":[{"not_picked":["Tiny House","Snecko Eye"],"picked":"Coffee Dripper"},{"not_picked":["HoveringKite","SacredBark"],"picked":"Fusion Hammer"}],"items_purged_floors":[53],"is_endless":false,"potions_floor_spawned":[5,6,7,10,16,18,24,25,27,29,31,33,35,37,38,39,40,41,42,44,45,48,54],"ascension_level":1}}