{"host":"5fasz840ryq7obdf","time":1608801790,"event":{"mods":["AchievementEnabler","BaseMod","Bestiary","Better Altar","Better Skull","Better Third Choice","BetterRewards","Block Reminder","Colored Powertips","Curses Come First","Minty Spire (QoL Compilation)","Quick Restart","Relic Stats","Shop Mod","Spicy Shops","StSLib"],"gold_per_floor":[119,140,68,78,96,96,130,130,179,194,232,254,277,307,307,391,391,420,420,350,378,37,79,104,129,129,129,129,148,148,185,185,265,274,295,295,322,341,402,437,462,488,566,163,191,191,220,16,16,16,16,16,16,16,41,41],"floor_reached":57,"playtime":5855,"items_purged":["Strike_G","Parasite","Defend_G","Defend_G","Defend_G","Parasite"],"score":4082,"play_id":"273dc5f9-fe13-45bf-808c-bf73550aec11","local_time":"20201224092310","is_ascension_mode":true,"campfire_choices":[{"data":"Neutralize","floor":6.0,"key":"SMITH"},{"data":"Burst","floor":8.0,"key":"SMITH"},{"data":"Finisher","floor":15.0,"key":"SMITH"},{"data":"Terror","floor":27.0,"key":"SMITH"},{"data":"Prepared","floor":30.0,"key":"SMITH"},{"data":"Calculated Gamble","floor":32.0,"key":"SMITH"},{"floor":46,"key":"RECALL"},{"data":"Adrenaline","floor":49,"key":"SMITH"},{"data":"Dash","floor":53,"key":"SMITH"}],"circlet_count":0,"master_deck":["AscendersBane","Strike_G+1","Strike_G+1","Defend_G","Defend_G","Survivor","Neutralize+1","Noxious Fumes+1","Dash+1","Finisher+1","Well Laid Plans+1","Well Laid Plans+1","Blade Dance","Calculated Gamble+1","Prepared","Footwork+1","Riddle With Holes","Cloak And Dagger","Outmaneuver","Burst+1","Prepared+1","Die Die Die","Cloak And Dagger","Infinite Blades+1","Storm of Steel","Riddle With Holes","Infinite Blades+1","Terror+1","Crippling Poison","Acrobatics","Blur","Blade Dance","PiercingWail","Adrenaline+1","CurseOfTheBell","Leg Sweep","Flash of Steel","Trip","Master of Strategy","Backstab","Expertise","Expertise","Phantasmal Killer","Infinite Blades+1","Riddle With Holes","Escape Plan"],"relics":["Ring of the Snake","Frozen Egg 2","Ninja Scroll","OrangePellets","InkBottle","Meat on the Bone","Membership Card","CeramicFish","Pen Nib","Shuriken","Sling","Bronze Scales","Happy Flower","Lee\u0027s Waffle","TwistedFunnel","Regal Pillow","Anchor","Pantograph","Gambling Chip","Empty Cage","Centennial Puzzle","Ancient Tea Set","Lantern","DollysMirror","Nunchaku","HandDrill","Whetstone","Bag of Preparation","Bag of Marbles","Letter Opener","Matryoshka","Ornamental Fan","Calling Bell","Smiling Mask","Paper Crane","Shovel","Dead Branch","Bottled Tornado","Tingsha","Juzu Bracelet","Boot","Snake Skull","Turnip","Dream Catcher","Oddly Smooth Stone","Calipers","Mummified Hand"],"acts_visited":["Exordium","TheCity","TheBeyond","TheEnding"],"potions_floor_usage":[],"damage_taken":[{"damage":5.0,"enemies":"2 Louse","floor":1.0,"turns":2.0},{"damage":0.0,"enemies":"Cultist","floor":2.0,"turns":2.0},{"damage":0.0,"enemies":"Small Slimes","floor":4.0,"turns":1.0},{"damage":0.0,"enemies":"Gremlin Nob","floor":7.0,"turns":2.0},{"damage":0.0,"enemies":"Exordium Thugs","floor":10.0,"turns":3.0},{"damage":0.0,"enemies":"3 Sentries","floor":11.0,"turns":4.0},{"damage":0.0,"enemies":"Blue Slaver","floor":12.0,"turns":2.0},{"damage":0.0,"enemies":"2 Fungi Beasts","floor":13.0,"turns":1.0},{"damage":0.0,"enemies":"Lagavulin","floor":14.0,"turns":4.0},{"damage":0.0,"enemies":"Slime Boss","floor":16.0,"turns":7.0},{"damage":12.0,"enemies":"2 Thieves","floor":18.0,"turns":2.0},{"damage":4.0,"enemies":"Shell Parasite","floor":21.0,"turns":3.0},{"damage":0.0,"enemies":"Gremlin Leader","floor":23.0,"turns":4.0},{"damage":0.0,"enemies":"3 Cultists","floor":24.0,"turns":1.0},{"damage":0.0,"enemies":"Book of Stabbing","floor":25.0,"turns":1.0},{"damage":0.0,"enemies":"Shelled Parasite and Fungi","floor":29.0,"turns":1.0},{"damage":0.0,"enemies":"Gremlin Leader","floor":31.0,"turns":2.0},{"damage":0.0,"enemies":"Collector","floor":33.0,"turns":3.0},{"damage":0.0,"enemies":"Orb Walker","floor":35.0,"turns":2.0},{"damage":0.0,"enemies":"3 Shapes","floor":38.0,"turns":3.0},{"damage":0.0,"enemies":"2 Orb Walkers","floor":39.0,"turns":1.0},{"damage":1.0,"enemies":"Reptomancer","floor":40.0,"turns":3.0},{"damage":0.0,"enemies":"Mind Bloom Boss Battle","floor":41.0,"turns":2.0},{"damage":0,"enemies":"Giant Head","floor":42,"turns":2},{"damage":0,"enemies":"3 Darklings","floor":45,"turns":1},{"damage":2,"enemies":"Nemesis","floor":47,"turns":3},{"damage":5,"enemies":"Awakened One","floor":50,"turns":5},{"damage":14,"enemies":"Donu and Deca","floor":51,"turns":4},{"damage":0,"enemies":"Shield and Spear","floor":55,"turns":2},{"damage":7,"enemies":"The Heart","floor":56,"turns":5}],"seed_played":"-7015572833513247554","potions_obtained":[{"floor":1.0,"key":"Strength Potion"},{"floor":13.0,"key":"Weak Potion"},{"floor":14.0,"key":"Regen Potion"},{"floor":23.0,"key":"Poison Potion"},{"floor":24.0,"key":"SpeedPotion"},{"floor":29.0,"key":"Strength Potion"}],"is_trial":false,"path_per_floor":["M","M","$","M","?","R","E","R","T","M","E","M","M","E","R","B",null,"M","?","$","M","$","E","M","E","T","R","T","M","R","E","R","B",null,"M","?","?","M","?","E","?","E","T","$","M","R","E","$","R","B","B",null,"R","$","E","B",null],"character_chosen":"THE_SILENT","items_purchased":["Frozen Egg 2","Ninja Scroll","OrangePellets","InkBottle","Noxious Fumes+1","Dash","Finisher","Meat on the Bone","Well Laid Plans+1","Membership Card","CeramicFish","Pen Nib","Shuriken","Sling","Well Laid Plans+1","Blade Dance","Calculated Gamble","Bronze Scales","Prepared","Footwork+1","Happy Flower","Lee\u0027s Waffle","Riddle With Holes","TwistedFunnel","DollysMirror","Nunchaku","HandDrill","Whetstone","Crippling Poison","Snake Skull","Phantasmal Killer","Turnip","Infinite Blades+1","Oddly Smooth Stone","Calipers","Escape Plan"],"campfire_rested":0,"item_purchase_floors":[0,0,0,0,0,0,0,0,0,0,0,0,0,0,0,0,0,0,0,0,0,0,0,3,20,22,22,22,22,44,44,44,44,48,48,48],"current_hp_per_floor":[68,68,68,68,68,68,68,68,68,68,68,68,68,68,68,70,70,58,7,7,20,20,32,44,44,44,44,44,44,44,44,44,69,70,70,70,60,60,60,59,70,70,70,70,70,70,68,67,67,62,53,64,64,64,64,60],"gold":41,"neow_bonus":"","is_daily":false,"chose_seed":false,"campfire_upgraded":8,"win_rate":0.0,"timestamp":1608801790,"path_taken":["M","M","$","M","?","R","E","R","T","M","E","?","M","E","R","BOSS","M","?","?","M","$","E","M","E","T","R","?","M","R","E","R","BOSS","M","?","?","M","?","E","?","E","T","?","M","R","E","$","R","BOSS","BOSS","R","$","E","BOSS"],"items_purchased_type":["Relic","Relic","Relic","Relic","Card","Card","Card","Relic","Card","Relic","Relic","Relic","Relic","Relic","Card","Card","Card","Relic","Card","Card","Relic","Relic","Card","Relic","Relic","Relic","Relic","Relic","Card","Relic","Card","Relic","Card","Relic","Relic","Card"],"build_version":"2020-12-22","purchased_purges":6,"victory":true,"max_hp_per_floor":[73,73,70,70,70,70,70,70,70,70,70,70,70,70,70,70,70,70,70,70,70,70,70,70,70,70,70,70,70,70,70,70,70,70,70,70,70,70,70,70,70,70,70,70,70,70,70,67,67,67,67,67,67,67,67,67],"relic_stats":{"Regal Pillow":0,"CeramicFish":828,"Snake Skull":[58],"Bag of Preparation":[34],"Juzu Bracelet":0,"Whetstone":["CutThroughFate","Tantrum","Consecrate","LessonLearned","Strike_G","Strike_G"],"Smiling Mask":113,"Boot":[114],"Centennial Puzzle":[18],"Nunchaku":[84],"Dream Catcher":0,"Shovel":0,"Mummified Hand":[127],"Pantograph":224,"Gambling Chip":[145],"HandDrill":[66],"InkBottle":[133],"Ring of the Snake":[228],"Lee\u0027s Waffle":56,"Happy Flower":[82],"counters":[114,350],"Dead Branch":[164],"Tingsha":[179],"Pen Nib":[87],"Letter Opener":[238],"OrangePellets":[14],"Shuriken":[118],"Ornamental Fan":[680],"Bronze Scales":[175],"Turnip":[2],"obtain_stats":[{"TwistedFunnel":0,"Ice Cream":37,"Calipers":48,"CeramicFish":0,"HoveringKite":34,"Vajra":42,"Whetstone":22,"Bottled Tornado":40,"Boot":11,"Sling":19,"Blood Vial":0,"Sozu":17,"Centennial Puzzle":6,"Lizard Tail":19,"DollysMirror":0,"Strawberry":9,"Philosopher\u0027s Stone":17,"MealTicket":10,"HandDrill":12,"Kunai":0,"Girya":0,"Pear":26,"Happy Flower":40,"Dead Branch":39,"Oddly Smooth Stone":48,"Tingsha":41,"Pen Nib":12,"Letter Opener":26,"War Paint":5,"Paper Crane":34,"Question Card":29,"Du-Vu Doll":30,"OrangePellets":54,"Bottled Flame":28,"Shuriken":40,"Bronze Scales":0,"StrikeDummy":12,"Unceasing Top":37,"Meat on the Bone":39,"Lantern":0,"Regal Pillow":7,"Torii":43,"Snake Skull":44,"Bag of Preparation":19,"Incense Burner":42,"Juzu Bracelet":42,"Empty Cage":17,"Ancient Tea Set":19,"Smiling Mask":34,"Nunchaku":0,"Dream Catcher":47,"Matryoshka":27,"Shovel":34,"WristBlade":34,"Ninja Scroll":40,"Mummified Hand":20,"Gambling Chip":0,"Pantograph":11,"Tiny Chest":23,"InkBottle":0,"Ring of the Snake":0,"Lee\u0027s Waffle":0,"The Specimen":46,"The Courier":45,"PreservedInsect":0,"Omamori":23,"Orichalcum":0,"Frozen Egg 2":43,"MawBank":30,"Medical Kit":45,"White Beast Statue":6,"Mercury Hourglass":26,"Calling Bell":34,"Strange Spoon":47,"Anchor":5,"Ornamental Fan":0,"betterThird:SlimedRelic":2,"Orrery":5,"Turnip":44,"Bag of Marbles":46,"Art of War":46,"Membership Card":0,"Bottled Lightning":24,"TungstenRod":13,"Toy Ornithopter":8,"FossilizedHelix":55},{"TwistedFunnel":0,"Ice Cream":20,"Calipers":110,"CeramicFish":27,"HoveringKite":18,"Vajra":22,"Whetstone":96,"Bottled Tornado":106,"Boot":6,"Sling":36,"Blood Vial":27,"Sozu":35,"Centennial Puzzle":4,"Lizard Tail":36,"DollysMirror":56,"Strawberry":5,"Philosopher\u0027s Stone":9,"MealTicket":61,"HandDrill":6,"Kunai":0,"Girya":27,"Pear":15,"Happy Flower":21,"Dead Branch":105,"Oddly Smooth Stone":110,"Tingsha":107,"Pen Nib":6,"Letter Opener":99,"War Paint":29,"Paper Crane":102,"Question Card":72,"Du-Vu Doll":42,"OrangePellets":54,"Bottled Flame":16,"Shuriken":21,"Bronze Scales":84,"StrikeDummy":33,"Unceasing Top":76,"Meat on the Bone":21,"Lantern":56,"Regal Pillow":88,"Torii":50,"Snake Skull":108,"Bag of Preparation":36,"Incense Burner":50,"Juzu Bracelet":108,"Empty Cage":65,"Ancient Tea Set":95,"Smiling Mask":102,"Nunchaku":0,"Dream Catcher":110,"Matryoshka":40,"Shovel":102,"WristBlade":44,"Ninja Scroll":48,"Mummified Hand":67,"Gambling Chip":56,"Pantograph":90,"Tiny Chest":14,"InkBottle":84,"Ring of the Snake":0,"Lee\u0027s Waffle":84,"The Specimen":24,"The Courier":23,"PreservedInsect":56,"Omamori":69,"Orichalcum":0,"Frozen Egg 2":50,"MawBank":17,"Medical Kit":50,"White Beast Statue":60,"Mercury Hourglass":70,"Calling Bell":102,"Strange Spoon":81,"Anchor":3,"Ornamental Fan":27,"betterThird:SlimedRelic":57,"Orrery":29,"Turnip":108,"Bag of Marbles":51,"Art of War":81,"Membership Card":0,"Bottled Lightning":39,"TungstenRod":7,"Toy Ornithopter":31,"FossilizedHelix":55},{"TwistedFunnel":0,"Ice Cream":77,"Calipers":334,"CeramicFish":100,"HoveringKite":72,"Vajra":83,"Whetstone":305,"Bottled Tornado":326,"Boot":22,"Sling":131,"Blood Vial":100,"Sozu":127,"Centennial Puzzle":13,"Lizard Tail":131,"DollysMirror":220,"Strawberry":16,"Philosopher\u0027s Stone":35,"MealTicket":228,"HandDrill":22,"Kunai":0,"Girya":100,"Pear":60,"Happy Flower":79,"Dead Branch":323,"Oddly Smooth Stone":334,"Tingsha":328,"Pen Nib":22,"Letter Opener":311,"War Paint":105,"Paper Crane":317,"Question Card":250,"Du-Vu Doll":151,"OrangePellets":207,"Bottled Flame":64,"Shuriken":79,"Bronze Scales":272,"StrikeDummy":119,"Unceasing Top":259,"Meat on the Bone":79,"Lantern":220,"Regal Pillow":279,"Torii":184,"Snake Skull":330,"Bag of Preparation":131,"Incense Burner":184,"Juzu Bracelet":330,"Empty Cage":238,"Ancient Tea Set":302,"Smiling Mask":317,"Nunchaku":0,"Dream Catcher":334,"Matryoshka":145,"Shovel":317,"WristBlade":159,"Ninja Scroll":177,"Mummified Hand":241,"Gambling Chip":220,"Pantograph":286,"Tiny Chest":54,"InkBottle":272,"Ring of the Snake":0,"Lee\u0027s Waffle":272,"The Specimen":89,"The Courier":87,"PreservedInsect":220,"Omamori":245,"Orichalcum":0,"Frozen Egg 2":184,"MawBank":67,"Medical Kit":184,"White Beast Statue":226,"Mercury Hourglass":248,"Calling Bell":317,"Strange Spoon":265,"Anchor":9,"Ornamental Fan":100,"betterThird:SlimedRelic":221,"Orrery":105,"Turnip":330,"Bag of Marbles":187,"Art of War":265,"Membership Card":0,"Bottled Lightning":141,"TungstenRod":25,"Toy Ornithopter":112,"FossilizedHelix":211}],"Meat on the Bone":36},"card_choices":[{"not_picked":["Deflect","Poisoned Stab","Underhanded Strike"],"picked":"SKIP","floor":1.0},{"not_picked":["Distraction","Masterful Stab"],"picked":"Cloak And Dagger","floor":2.0},{"not_picked":["Sucker Punch","Underhanded Strike","Quick Slash"],"picked":"SKIP","floor":4.0},{"not_picked":["Dagger Spray","Dash"],"picked":"Prepared","floor":7.0},{"not_picked":["Setup","Bane","Dodge and Roll"],"picked":"SKIP","floor":10.0},{"not_picked":["Grand Finale","Backflip"],"picked":"Die Die Die","floor":11.0},{"not_picked":["Deadly Poison","Setup"],"picked":"Cloak And Dagger","floor":12.0},{"not_picked":["Deadly Poison","PiercingWail"],"picked":"Infinite Blades+1","floor":13.0},{"not_picked":["Catalyst","Underhanded Strike","Setup"],"picked":"SKIP","floor":14.0},{"not_picked":["Corpse Explosion","Venomology"],"picked":"Storm of Steel","floor":16.0},{"not_picked":["Flying Knee","Prepared"],"picked":"Riddle With Holes","floor":18.0},{"not_picked":["Setup","Footwork+1"],"picked":"Terror","floor":21.0},{"not_picked":["Storm of Steel","Quick Slash"],"picked":"Acrobatics","floor":23.0},{"not_picked":["Quick Slash+1","Flying Knee"],"picked":"Blur","floor":24.0},{"not_picked":["Dagger Spray","Bane","Sucker Punch"],"picked":"SKIP","floor":25.0},{"not_picked":["Tactician","Acrobatics"],"picked":"Blade Dance","floor":29.0},{"not_picked":["Terror","Crippling Poison"],"picked":"PiercingWail","floor":31.0},{"not_picked":["Glass Knife","Die Die Die"],"picked":"Adrenaline","floor":33.0},{"not_picked":["Flechettes+1","Dash"],"picked":"Leg Sweep","floor":35.0},{"not_picked":["Thinking Ahead","PanicButton"],"picked":"Flash of Steel","floor":37.0},{"not_picked":["Flash of Steel","Forethought"],"picked":"Trip","floor":37.0},{"not_picked":["Finesse","Jack Of All Trades"],"picked":"Master of Strategy","floor":37.0},{"not_picked":["Bane+1","Outmaneuver"],"picked":"Backstab","floor":38.0},{"not_picked":["PiercingWail","Riddle With Holes"],"picked":"Expertise","floor":39.0},{"not_picked":["Poisoned Stab+1","Well Laid Plans+1"],"picked":"Expertise","floor":40.0},{"not_picked":["Quick Slash","Deflect","Outmaneuver"],"picked":"SKIP","floor":42},{"not_picked":["Slice","Deflect"],"picked":"Riddle With Holes","floor":45},{"not_picked":["Crippling Poison","Grand Finale","Dagger Spray"],"picked":"SKIP","floor":47},{"not_picked":["Dagger Spray+1","Glass Knife","Expertise"],"picked":"SKIP","floor":55}],"player_experience":1020664,"relics_obtained":[{"floor":7.0,"key":"Regal Pillow"},{"floor":9.0,"key":"Anchor"},{"floor":11.0,"key":"Pantograph"},{"floor":14.0,"key":"Gambling Chip"},{"floor":23.0,"key":"Bag of Preparation"},{"floor":25.0,"key":"Bag of Marbles"},{"floor":26.0,"key":"Letter Opener"},{"floor":28.0,"key":"Matryoshka"},{"floor":31.0,"key":"Ornamental Fan"},{"floor":34.0,"key":"Smiling Mask"},{"floor":34.0,"key":"Paper Crane"},{"floor":34.0,"key":"Shovel"},{"floor":39.0,"key":"Dead Branch"},{"floor":40.0,"key":"Bottled Tornado"},{"floor":41.0,"key":"Tingsha"},{"floor":42,"key":"Juzu Bracelet"},{"floor":43,"key":"Boot"},{"floor":47,"key":"Dream Catcher"},{"floor":55,"key":"Mummified Hand"}],"event_choices":[{"damage_healed":0.0,"max_hp_gain":0.0,"max_hp_loss":0.0,"gold_gain":0.0,"event_name":"Match and Keep!","player_choice":"2 cards matched","floor":5.0,"gold_loss":0.0,"damage_taken":0.0,"cards_obtained":["Outmaneuver","Burst"]},{"damage_healed":0.0,"max_hp_gain":0.0,"max_hp_loss":0.0,"gold_gain":0.0,"event_name":"betterSkull:BetterSkull","player_choice":"RE RE RE ","floor":19.0,"gold_loss":0.0,"damage_taken":57.0,"cards_upgraded":[],"relics_obtained":["Centennial Puzzle","Ancient Tea Set","Lantern"]},{"damage_healed":0.0,"max_hp_gain":0.0,"max_hp_loss":0.0,"gold_gain":0.0,"event_name":"Tomb of Lord Red Mask","player_choice":"Ignored","floor":36.0,"gold_loss":0.0,"damage_taken":0.0},{"damage_healed":0.0,"max_hp_gain":0.0,"max_hp_loss":0.0,"gold_gain":0.0,"event_name":"SensoryStone","player_choice":"Memory 3","floor":37.0,"gold_loss":0.0,"damage_taken":10.0},{"damage_healed":0.0,"max_hp_gain":0.0,"max_hp_loss":0.0,"gold_gain":0.0,"event_name":"Mysterious Sphere","player_choice":"Fight","floor":39.0,"gold_loss":0.0,"damage_taken":0.0},{"damage_healed":0.0,"max_hp_gain":0.0,"max_hp_loss":0.0,"gold_gain":0.0,"event_name":"MindBloom","player_choice":"Fight","floor":41.0,"gold_loss":0.0,"damage_taken":0.0}],"is_beta":false,"boss_relics":[{"not_picked":["SacredBark","Fusion Hammer"],"picked":"Empty Cage"},{"not_picked":["Busted Crown","Tiny House"],"picked":"Calling Bell"}],"items_purged_floors":[0,3,22,44,44,48],"is_endless":false,"potions_floor_spawned":[1,13,14,23,24,29,31,38,41,42,47],"ascension_level":20}}