{"host":"2461dio7vetlq1z3","time":1608772016,"event":{"mods":["2.2 Compatiblity","AchievementEnabler","Aspiration","BaseMod","Better Third Choice","Hermit","Marisa????????","Minty Spire (QoL Compilation)","Relic Stats","Spicy Shops","StSLib","The Runesmith","Waifu the Spire"],"gold_per_floor":[116,136,136,136,211,211,245,245,245,245,261,59,94,94,94,190,190,204,204,188,209,247,247,265,265,265],"floor_reached":25,"playtime":909,"items_purged":[],"score":397,"play_id":"11028f30-86f8-46ac-90d6-733838978cb4","local_time":"20201224020656","is_ascension_mode":true,"campfire_choices":[{"data":"Sweeping Beam","floor":6,"key":"SMITH"},{"data":"Streamline","floor":8,"key":"SMITH"},{"floor":10,"key":"REST"},{"data":"Defragment","floor":15,"key":"SMITH"},{"floor":23,"key":"REST"}],"circlet_count":0,"master_deck":["AscendersBane","Strike_B","Strike_B","Strike_B","Strike_B","Defend_B","Defend_B","Defend_B","Defend_B","Zap","Dualcast","Streamline+1","Sweeping Beam+1","Capacitor","Steam+1","Defragment+1","Darkness+1","Echo Form","BootSequence+1","Hello World","Cold Snap","Echo Form"],"relics":["Sozu","Golden Idol","Toxic Egg 2","StoneCalendar","TungstenRod","Potion Belt","Mango","Fusion Hammer","Red Mask"],"acts_visited":["Exordium","TheCity"],"potions_floor_usage":[],"damage_taken":[{"damage":7,"enemies":"Jaw Worm","floor":1,"turns":4},{"damage":0,"enemies":"Small Slimes","floor":2,"turns":2},{"damage":21,"enemies":"Lagavulin","floor":7,"turns":6},{"damage":1,"enemies":"2 Louse","floor":11,"turns":2},{"damage":17,"enemies":"3 Sentries","floor":13,"turns":6},{"damage":12,"enemies":"The Guardian","floor":16,"turns":7},{"damage":21,"enemies":"Chosen","floor":18,"turns":6},{"damage":14,"enemies":"2 Thieves","floor":20,"turns":4},{"damage":8,"enemies":"Snecko","floor":21,"turns":4},{"damage":29,"enemies":"Masked Bandits","floor":22,"turns":4},{"damage":26,"enemies":"Shelled Parasite and Fungi","floor":24,"turns":5},{"damage":30,"enemies":"Snake Plant","floor":25,"turns":4}],"seed_played":"-1709518227887240","potions_obtained":[],"is_trial":false,"path_per_floor":["M","M","?","?","?","R","E","R","T","R","M","$","E","T","R","B",null,"M","?","M","M","?","R","M","M"],"character_chosen":"DEFECT","items_purchased":["TungstenRod","Defragment"],"campfire_rested":2,"item_purchase_floors":[12,12],"current_hp_per_floor":[57,57,57,62,51,51,30,30,30,50,49,49,32,46,46,34,71,50,83,69,61,32,56,30,0,0],"gold":265,"neow_bonus":"BOSS_RELIC","is_daily":false,"chose_seed":false,"campfire_upgraded":3,"win_rate":0.0,"timestamp":1608772016,"path_taken":["M","M","?","?","?","R","E","R","T","R","M","?","E","?","R","BOSS","M","?","M","?","?","R","M","M"],"items_purchased_type":["Relic","Card"],"build_version":"2020-12-22","purchased_purges":0,"victory":false,"max_hp_per_floor":[71,71,64,69,69,69,69,69,69,69,69,69,69,83,83,83,83,83,83,83,83,83,83,83,83,83],"relic_stats":{"Sozu":6,"counters":[12,54],"Golden Idol":60,"StoneCalendar":[22],"obtain_stats":[{"Sozu":0,"Potion Belt":13,"Golden Idol":3,"StoneCalendar":9,"Mango":14,"Fusion Hammer":17,"Red Mask":22,"Toxic Egg 2":7,"Cracked Core":0,"TungstenRod":12},{"Sozu":0,"Potion Belt":5,"Golden Idol":2,"StoneCalendar":3,"Mango":5,"Fusion Hammer":6,"Red Mask":10,"Toxic Egg 2":3,"Cracked Core":0,"TungstenRod":4},{"Sozu":0,"Potion Belt":20,"Golden Idol":6,"StoneCalendar":12,"Mango":20,"Fusion Hammer":27,"Red Mask":45,"Toxic Egg 2":12,"Cracked Core":0,"TungstenRod":14}],"TungstenRod":29},"card_choices":[{"not_picked":["Force Field","Compile Driver"],"picked":"Streamline","floor":1},{"not_picked":["Consume","Ball Lightning"],"picked":"Sweeping Beam","floor":2},{"not_picked":["Coolheaded+1","Stack+1"],"picked":"Capacitor","floor":7},{"not_picked":["Compile Driver","Beam Cell"],"picked":"Steam+1","floor":11},{"not_picked":["Defragment","Static Discharge"],"picked":"Darkness+1","floor":13},{"not_picked":["Creative AI","Electrodynamics"],"picked":"Echo Form","floor":16},{"not_picked":["Turbo+1","Sweeping Beam"],"picked":"BootSequence+1","floor":18},{"not_picked":["Turbo+1","Go for the Eyes"],"picked":"Hello World","floor":20},{"not_picked":["Conserve Battery+1","Beam Cell"],"picked":"Cold Snap","floor":21},{"not_picked":["Conserve Battery+1","Leap+1"],"picked":"Echo Form","floor":22},{"not_picked":["Lockon","Ball Lightning","BootSequence+1"],"picked":"SKIP","floor":24}],"player_experience":979789,"relics_obtained":[{"floor":7,"key":"Toxic Egg 2"},{"floor":9,"key":"StoneCalendar"},{"floor":13,"key":"Potion Belt"},{"floor":14,"key":"Mango"},{"floor":22,"key":"Red Mask"}],"event_choices":[{"damage_healed":0,"gold_gain":0,"player_choice":"Lose Max HP","damage_taken":0,"relics_obtained":["Golden Idol"],"max_hp_gain":0,"max_hp_loss":7,"event_name":"Golden Idol","floor":3,"gold_loss":0},{"damage_healed":0,"gold_gain":0,"player_choice":"Donut","damage_taken":0,"max_hp_gain":5,"max_hp_loss":0,"event_name":"Big Fish","floor":4,"gold_loss":0},{"damage_healed":0,"gold_gain":75,"player_choice":"Gold","damage_taken":11,"max_hp_gain":0,"max_hp_loss":0,"event_name":"betterThird:BetterGoop","floor":5,"gold_loss":0},{"damage_healed":33,"gold_gain":0,"player_choice":"Full Heal","damage_taken":0,"max_hp_gain":0,"max_hp_loss":0,"event_name":"Wheel of Change","floor":19,"gold_loss":0},{"damage_healed":0,"gold_gain":0,"player_choice":"Fought Bandits","damage_taken":0,"max_hp_gain":0,"max_hp_loss":0,"event_name":"Masked Bandits","floor":22,"gold_loss":0}],"is_beta":false,"boss_relics":[{"not_picked":["Calling Bell","Velvet Choker"],"picked":"Fusion Hammer"}],"items_purged_floors":[],"is_endless":false,"potions_floor_spawned":[1,7,16,21,22,24],"killed_by":"Snake Plant","ascension_level":18}}