{"host":"m1ntkrf87179kmo6","time":1608772745,"event":{"mods":["BaseMod","Better Third Choice","Minty Spire (QoL Compilation)","Shade Mod","StSLib"],"gold_per_floor":[112,112,112,132,132,132,143,143,223,250,265,279,454,469,469,564,564,584,598,124,124,124,124,140,159,159,159,159,227,145,155,155,251,251,263,263,23,35,85,85,120,120,120,120,139,71,81,100,100,100,100],"floor_reached":50,"playtime":4419,"items_purged":["Doubt"],"score":522,"play_id":"1eac08e0-23c8-4a99-9d82-e95160787d44","local_time":"20201223211905","is_ascension_mode":false,"campfire_choices":[{"floor":6,"key":"RECALL"},{"data":"Shade:Premonition","floor":8,"key":"SMITH"},{"floor":15,"key":"REST"},{"data":"Shade:GreyBargain","floor":23,"key":"SMITH"},{"floor":28,"key":"REST"},{"data":"Shade:TouchOfTheGrave","floor":32,"key":"SMITH"},{"data":"Shade:FleshLikeOak","floor":40,"key":"SMITH"},{"floor":42,"key":"REST"},{"data":"Shade:Strike_Shade","floor":44,"key":"PURGE"},{"floor":49,"key":"REST"}],"circlet_count":0,"master_deck":["Shade:Strike_Shade","Shade:Strike_Shade","Shade:Strike_Shade","Shade:Defend_Shade","Shade:Defend_Shade","Shade:Defend_Shade","Shade:Defend_Shade","Shade:AnimateDead+1","Shade:CarefulCut","Shade:Premonition+1","Shade:FuneraryArmor","Shade:GreyBargain+1","Shade:ExtraLimbs+1","Shade:FleshLikeOak+1","Shade:FuneraryJewels","Shade:TouchOfTheGrave+1","Shade:Carnophage+1","Shade:Tombstone+1","Shade:Brains","Shade:Premonition","Shade:ExtraLimbs+1","Shade:RitualOffering","Shade:GreyBargain+1"],"relics":["Shade:YorickPolishedSkull","Meat on the Bone","Molten Egg 2","Mango","SacredBark","Tiny Chest","Darkstone Periapt","Eternal Feather","Gremlin Horn","Peace Pipe","Lantern","Pear"],"acts_visited":["Exordium","TheCity","TheBeyond"],"potions_floor_usage":[18,18,18,24,25,31,33,38,41,47,48],"damage_taken":[{"damage":2,"enemies":"Cultist","floor":1,"turns":4},{"damage":0,"enemies":"Jaw Worm","floor":4,"turns":3},{"damage":0,"enemies":"2 Louse","floor":7,"turns":2},{"damage":61,"enemies":"Gremlin Nob","floor":10,"turns":8},{"damage":0,"enemies":"Blue Slaver","floor":11,"turns":4},{"damage":0,"enemies":"Exordium Wildlife","floor":12,"turns":6},{"damage":0,"enemies":"2 Fungi Beasts","floor":14,"turns":4},{"damage":39,"enemies":"The Guardian","floor":16,"turns":10},{"damage":0,"enemies":"2 Thieves","floor":18,"turns":2},{"damage":0,"enemies":"3 Byrds","floor":19,"turns":6},{"damage":4,"enemies":"Centurion and Healer","floor":24,"turns":9},{"damage":13,"enemies":"Snecko","floor":25,"turns":6},{"damage":16,"enemies":"Snake Plant","floor":31,"turns":6},{"damage":48,"enemies":"Champ","floor":33,"turns":11},{"damage":9,"enemies":"Orb Walker","floor":35,"turns":5},{"damage":29,"enemies":"3 Darklings","floor":38,"turns":6},{"damage":6,"enemies":"Mind Bloom Boss Battle","floor":39,"turns":7},{"damage":45,"enemies":"Nemesis","floor":41,"turns":8},{"damage":17,"enemies":"Maw","floor":45,"turns":6},{"damage":30,"enemies":"Jaw Worm Horde","floor":47,"turns":7},{"damage":0,"enemies":"Transient","floor":48,"turns":5},{"damage":116,"enemies":"Donu and Deca","floor":50,"turns":9}],"seed_played":"8333587660164373230","potions_obtained":[{"floor":10,"key":"Explosive Potion"},{"floor":11,"key":"Fire Potion"},{"floor":16,"key":"EntropicBrew"},{"floor":25,"key":"DistilledChaos"},{"floor":33,"key":"Weak Potion"},{"floor":39,"key":"DistilledChaos"},{"floor":45,"key":"Weak Potion"},{"floor":47,"key":"Weak Potion"}],"is_trial":false,"path_per_floor":["M","$","T","M","?","R","M","R","T","E","M","M","?","M","R","B",null,"M","M","$","?","?","R","M","M","T","?","R","T","$","M","R","B",null,"M","?","$","M","?","R","E","R","T","R","M","$","M","M","R","B"],"character_chosen":"SHADE","items_purchased":["Tiny Chest","Darkstone Periapt","Shade:TouchOfTheGrave","Gremlin Horn","Shade:RitualOffering"],"campfire_rested":4,"item_purchase_floors":[20,20,30,37,46],"current_hp_per_floor":[69,69,69,69,69,69,69,69,69,34,46,46,46,46,71,44,85,85,85,85,85,85,85,81,68,68,68,85,85,85,69,78,42,85,76,76,76,47,53,65,32,69,79,91,74,74,56,56,95,0,0],"gold":100,"neow_bonus":"TEN_PERCENT_HP_BONUS","is_daily":false,"chose_seed":false,"campfire_upgraded":4,"win_rate":0.0,"timestamp":1608772745,"path_taken":["M","$","?","M","?","R","M","R","T","E","M","M","?","M","R","BOSS","M","M","$","?","?","R","M","M","T","?","R","?","$","M","R","BOSS","M","?","$","M","?","R","E","R","T","R","M","$","M","M","R","BOSS"],"items_purchased_type":["Relic","Relic","Card","Relic","Card"],"build_version":"2020-12-22","purchased_purges":1,"victory":false,"max_hp_per_floor":[71,71,71,71,71,71,71,71,71,85,85,85,85,85,85,85,85,85,85,85,85,85,85,85,85,85,85,85,85,85,85,85,85,85,85,85,85,85,85,85,85,85,95,95,95,95,95,95,95,95,95],"card_choices":[{"not_picked":["Shade:GraveStillness","Shade:WallOfFlesh"],"picked":"Shade:Premonition","floor":1},{"not_picked":["Shade:CoffinDance","Shade:SpontaneousRitual","Shade:FreshBones"],"picked":"SKIP","floor":4},{"not_picked":["Shade:GraveStillness","Shade:Brains"],"picked":"Shade:FuneraryArmor","floor":7},{"not_picked":["Shade:Frenzy","Shade:FingerOfDeath+1","Shade:FreshBones"],"picked":"SKIP","floor":10},{"not_picked":["Shade:FuneraryArmor","Shade:FeralStrike+1"],"picked":"Shade:GreyBargain","floor":11},{"not_picked":["Shade:BoneShards+1","Shade:Consume+1","Shade:Trample+1"],"picked":"SKIP","floor":12},{"not_picked":["Shade:CloudOfShrapnel+1","Shade:BoneShards+1"],"picked":"Shade:ExtraLimbs+1","floor":14},{"not_picked":["Shade:WallOfFlesh","Shade:GraveStillness","Shade:BoneShards+1"],"picked":"SKIP","floor":18},{"not_picked":["Shade:SanguineRitual","Shade:FeralStrike+1","Shade:Asphyxiate+1"],"picked":"SKIP","floor":19},{"not_picked":["Shade:CloudOfShrapnel+1","Shade:StitchTogether"],"picked":"Shade:FleshLikeOak","floor":24},{"not_picked":["Shade:CallWraith+1","Shade:SkeletonHug+1"],"picked":"Shade:FuneraryJewels","floor":25},{"not_picked":["Shade:OpenGraves","Shade:Frenzy+1"],"picked":"Shade:Carnophage+1","floor":31},{"not_picked":["Shade:OneIsEnough+1","Shade:DarkOfNight"],"picked":"Shade:Tombstone+1","floor":33},{"not_picked":["Shade:FeralStrike+1","Shade:CommandSoldier"],"picked":"Shade:Brains","floor":35},{"not_picked":["Shade:AblativeArmor","Shade:SkeletonArmy","Shade:SkeletonHug+1"],"picked":"SKIP","floor":38},{"not_picked":["Shade:CoffinDance+1","Shade:Trample+1"],"picked":"Shade:Premonition","floor":39},{"not_picked":["Shade:TouchOfTheGrave","Shade:StitchTogether"],"picked":"Shade:ExtraLimbs+1","floor":41},{"not_picked":["Shade:FingerOfDeath+1","Shade:SkeletonHug+1","Shade:Carnophage"],"picked":"SKIP","floor":45},{"not_picked":["Shade:Trample+1","Shade:SanguineRitual","Shade:FleshOffering+1"],"picked":"SKIP","floor":47},{"not_picked":["Shade:CoffinDance+1","Shade:PoundOfFlesh+1"],"picked":"Shade:GreyBargain+1","floor":48}],"player_experience":1098251,"relics_obtained":[{"floor":3,"key":"Meat on the Bone"},{"floor":9,"key":"Molten Egg 2"},{"floor":10,"key":"Mango"},{"floor":29,"key":"Eternal Feather"},{"floor":39,"key":"Peace Pipe"},{"floor":41,"key":"Lantern"},{"floor":43,"key":"Pear"}],"event_choices":[{"damage_healed":0,"gold_gain":0,"player_choice":"Grow","damage_taken":0,"max_hp_gain":0,"max_hp_loss":0,"event_name":"Living Wall","floor":5,"gold_loss":0,"cards_upgraded":["Shade:AnimateDead"]},{"damage_healed":0,"gold_gain":175,"player_choice":"AGREE","damage_taken":279,"max_hp_gain":0,"max_hp_loss":0,"event_name":"betterThird:BetterSerpent","floor":13,"gold_loss":0},{"damage_healed":0,"gold_gain":0,"player_choice":"Ignored","damage_taken":0,"max_hp_gain":0,"max_hp_loss":0,"event_name":"Cursed Tome","floor":21,"gold_loss":0},{"damage_healed":0,"gold_gain":0,"player_choice":"Ignored","damage_taken":0,"max_hp_gain":0,"max_hp_loss":0,"event_name":"Vampires","floor":22,"gold_loss":0},{"damage_healed":0,"gold_gain":0,"player_choice":"Ignored","damage_taken":0,"max_hp_gain":0,"max_hp_loss":0,"event_name":"NoteForYourself","floor":27,"gold_loss":0},{"damage_healed":0,"gold_gain":0,"player_choice":"Ignored","damage_taken":0,"max_hp_gain":0,"max_hp_loss":0,"event_name":"Tomb of Lord Red Mask","floor":36,"gold_loss":0},{"damage_healed":0,"gold_gain":0,"player_choice":"Fight","damage_taken":0,"max_hp_gain":0,"max_hp_loss":0,"event_name":"MindBloom","floor":39,"gold_loss":0}],"is_beta":false,"boss_relics":[{"not_picked":["Busted Crown","Ectoplasm"],"picked":"SacredBark"},{"not_picked":["Cursed Key","Empty Cage"],"picked":"Shade:YorickPolishedSkull"}],"items_purged_floors":[20],"is_endless":false,"potions_floor_spawned":[10,11,16,25,33,39,45,47],"killed_by":"Donu and Deca","ascension_level":0}}