{"host":"od099uxc49ip1k8b","time":1608834334,"event":{"mods":["Act Like it!","BaseMod","Downfall","Gensokyo","Hermit","Marisa????????","Minty Spire (QoL Compilation)","Remilia??????","StSLib","The Animator","The Cursed","The Servant 0.9.4"],"gold_per_floor":[111,128,144,164,237,237,249,249,249,349,360,374,390,145,145,240,240,258,276,191,35,46,46,61,79,127,127,127,142,161,178,178,277,277,295,152,170,170,185,185,199,199,226,245,245,245],"floor_reached":45,"playtime":4266,"items_purged":[],"score":417,"play_id":"4bb96909-d977-419f-b1ec-b4e8654c4be1","local_time":"20201224132534","is_ascension_mode":false,"campfire_choices":[{"data":"hermit:Snapshot","floor":6,"key":"SMITH"},{"data":"hermit:Dive","floor":8,"key":"SMITH"},{"data":"hermit:Ricochet","floor":15,"key":"SMITH"},{"data":"hermit:Headshot","floor":23,"key":"SMITH"},{"floor":27,"key":"REST"},{"data":"hermit:Dive","floor":32,"key":"SMITH"},{"floor":40,"key":"REST"},{"floor":42,"key":"REST"}],"circlet_count":0,"master_deck":["hermit:Strike_Hermit","hermit:Strike_Hermit","hermit:Strike_Hermit","hermit:Strike_Hermit","hermit:Defend_Hermit","hermit:Defend_Hermit","hermit:Defend_Hermit","hermit:Defend_Hermit","hermit:Snapshot+1","hermit:Covet","hermit:Dive+1","hermit:Glare","hermit:Ricochet+1","hermit:Headshot+1","hermit:Glare","hermit:BodyArmor","hermit:Dive+1","hermit:Enervate","hermit:TrackingShot","hermit:RoundhouseKick","hermit:Determination","hermit:ItchyTrigger","hermit:Ricochet+1","hermit:Showdown","hermit:Headshot+1","hermit:LowProfile","hermit:FinalCanter","hermit:Shortfuse+1","hermit:LowProfile+1"],"relics":["hermit:Momento","Ornamental Fan","Dream Catcher","Busted Crown","HornCleat","Lantern","Bronze Scales","GreatHeart","Sozu","Regal Pillow","Happy Flower"],"acts_visited":["Exordium","TheCity","TheBeyond"],"potions_floor_usage":[29,33,33],"damage_taken":[{"damage":10,"enemies":"Cultist","floor":1,"turns":4},{"damage":0,"enemies":"Small Slimes","floor":2,"turns":4},{"damage":0,"enemies":"2 Louse","floor":3,"turns":3},{"damage":0,"enemies":"Exordium Wildlife","floor":4,"turns":3},{"damage":13,"enemies":"Red Slaver","floor":7,"turns":2},{"damage":5,"enemies":"3 Louse","floor":11,"turns":3},{"damage":0,"enemies":"Large Slime","floor":12,"turns":3},{"damage":8,"enemies":"2 Fungi Beasts","floor":13,"turns":4},{"damage":34,"enemies":"The Guardian","floor":16,"turns":9},{"damage":12,"enemies":"Spheric Guardian","floor":18,"turns":4},{"damage":9,"enemies":"3 Byrds","floor":19,"turns":7},{"damage":8,"enemies":"Cultist and Chosen","floor":22,"turns":7},{"damage":21,"enemies":"Chosen and Byrds","floor":24,"turns":6},{"damage":0,"enemies":"3 Cultists","floor":25,"turns":4},{"damage":0,"enemies":"Snecko","floor":29,"turns":5},{"damage":0,"enemies":"Sentry and Sphere","floor":30,"turns":4},{"damage":0,"enemies":"Cultist and Chosen","floor":31,"turns":4},{"damage":45,"enemies":"Collector","floor":33,"turns":9},{"damage":20,"enemies":"3 Shapes","floor":35,"turns":3},{"damage":3,"enemies":"Orb Walker","floor":37,"turns":3},{"damage":28,"enemies":"Transient","floor":39,"turns":5},{"damage":44,"enemies":"Maw","floor":41,"turns":9},{"damage":10,"enemies":"3 Darklings","floor":44,"turns":3},{"damage":58,"enemies":"Nemesis","floor":45,"turns":7}],"seed_played":"-5111652267550345802","potions_obtained":[{"floor":7,"key":"SpeedPotion"},{"floor":11,"key":"Block Potion"},{"floor":12,"key":"FearPotion"},{"floor":16,"key":"DuplicationPotion"},{"floor":29,"key":"sneckomod:MuddlingPotion"}],"is_trial":false,"path_per_floor":["M","M","M","M","?","R","M","R","T","?","M","M","M","$","R","B",null,"M","M","?","$","M","R","M","M","T","R","?","M","M","M","R","B",null,"M","$","M","?","M","R","M","R","T","M","E"],"character_chosen":"HERMIT","items_purchased":["hermit:Enervate","hermit:TrackingShot","Dream Catcher","Lantern","Regal Pillow"],"campfire_rested":3,"item_purchase_floors":[14,14,14,21,36],"current_hp_per_floor":[72,72,72,72,72,72,59,59,59,59,54,54,46,46,46,12,82,70,61,61,61,53,53,32,32,32,56,56,56,56,56,56,11,82,62,62,59,59,31,70,26,65,65,55,0,0],"gold":245,"neow_bonus":"TEN_PERCENT_HP_BONUS","is_daily":false,"chose_seed":false,"campfire_upgraded":5,"win_rate":0.0,"timestamp":1608834334,"path_taken":["M","M","M","M","?","R","M","R","T","?","M","?","?","$","R","BOSS","M","M","?","$","M","R","M","M","T","R","?","M","M","M","R","BOSS","M","$","M","?","M","R","M","R","T","M","E"],"items_purchased_type":["Card","Card","Relic","Relic","Relic"],"build_version":"2020-12-22","purchased_purges":0,"victory":false,"max_hp_per_floor":[82,82,82,82,82,82,82,82,82,82,82,82,82,82,82,82,82,82,82,82,82,82,82,82,82,82,82,82,82,82,82,82,82,82,82,82,82,82,82,82,82,82,82,82,82,82],"card_choices":[{"not_picked":["hermit:WideOpen","hermit:LoneWolf"],"picked":"hermit:Dive","floor":1},{"not_picked":["hermit:Brawl","hermit:Coalescence"],"picked":"hermit:Glare","floor":2},{"not_picked":["hermit:Dive","hermit:Virtue"],"picked":"hermit:Ricochet","floor":3},{"not_picked":["hermit:BodyArmor","hermit:Cheat"],"picked":"hermit:Headshot","floor":4},{"not_picked":["hermit:Roughhouse","hermit:EyeOfTheStorm"],"picked":"hermit:Glare","floor":7},{"not_picked":["hermit:ItchyTrigger","hermit:HighCaliber"],"picked":"hermit:BodyArmor","floor":11},{"not_picked":["hermit:Gestalt","hermit:Spite","hermit:WideOpen"],"picked":"SKIP","floor":12},{"not_picked":["hermit:DeadMansHand","hermit:HoleUp"],"picked":"hermit:Dive","floor":13},{"not_picked":["hermit:FromBeyond","hermit:HighNoon"],"picked":"hermit:RoundhouseKick","floor":16},{"not_picked":[],"picked":"hermit:Determination","floor":18},{"not_picked":[],"picked":"hermit:ItchyTrigger","floor":19},{"not_picked":["hermit:Spite"],"picked":"SKIP","floor":22},{"not_picked":[],"picked":"hermit:Ricochet+1","floor":24},{"not_picked":["hermit:SprayPray"],"picked":"SKIP","floor":25},{"not_picked":[],"picked":"hermit:Showdown","floor":27},{"not_picked":[],"picked":"hermit:Headshot+1","floor":29},{"not_picked":[],"picked":"hermit:LowProfile","floor":30},{"not_picked":["hermit:TrackingShot"],"picked":"SKIP","floor":31},{"not_picked":[],"picked":"hermit:FinalCanter","floor":33},{"not_picked":["hermit:LoneWolf+1"],"picked":"SKIP","floor":35},{"not_picked":[],"picked":"hermit:Shortfuse+1","floor":37},{"not_picked":["hermit:Brawl"],"picked":"SKIP","floor":39},{"not_picked":[],"picked":"hermit:LowProfile+1","floor":41},{"not_picked":["hermit:Gestalt"],"picked":"SKIP","floor":44}],"player_experience":34612,"relics_obtained":[{"floor":9,"key":"Ornamental Fan"},{"floor":26,"key":"Bronze Scales"},{"floor":43,"key":"Happy Flower"}],"event_choices":[{"damage_healed":0,"gold_gain":73,"player_choice":"Gained Gold","damage_taken":0,"max_hp_gain":0,"max_hp_loss":0,"event_name":"Golden Wing","floor":5,"gold_loss":0},{"damage_healed":0,"gold_gain":100,"player_choice":"Pray","damage_taken":0,"max_hp_gain":0,"max_hp_loss":0,"event_name":"Golden Shrine","floor":10,"gold_loss":0},{"damage_healed":0,"gold_gain":0,"player_choice":"Obtained Relic","damage_taken":0,"relics_obtained":["HornCleat"],"max_hp_gain":0,"max_hp_loss":0,"event_name":"Addict","floor":20,"gold_loss":85},{"cards_removed":["Pride"],"damage_healed":0,"gold_gain":0,"player_choice":"Removed Curses","damage_taken":0,"max_hp_gain":0,"max_hp_loss":0,"event_name":"Fountain of Cleansing","floor":38,"gold_loss":0}],"is_beta":false,"boss_relics":[{"not_picked":["Philosopher\u0027s Stone","Snecko Eye"],"picked":"Busted Crown"},{"not_picked":["Cursed Key","SacredBark"],"picked":"Sozu"}],"items_purged_floors":[],"is_endless":false,"potions_floor_spawned":[7,11,12,16,18,29,30,31,35],"killed_by":"Nemesis","ascension_level":0}}