{"host":"7o30bgpqouqblh42","time":1608852869,"event":{"mods":["AchievementEnabler","Aspiration","BaseMod","Colored Map","Downfall","Highlight Path","Minty Spire (QoL Compilation)","StSLib","SuperFastMode"],"gold_per_floor":[0,12,23,23,36,211,211,211,211,211,228,78,93,107,126,126,126,126],"floor_reached":16,"playtime":945,"items_purged":[],"score":108,"play_id":"d6e1e51d-48fb-43d7-99b9-55ca585c18f6","local_time":"20201224183429","is_ascension_mode":true,"campfire_choices":[{"data":"Mayhem","floor":1,"key":"SMITH"},{"floor":8,"key":"RECALL"},{"data":"Slimebound:MassRepurpose","floor":12,"key":"SMITH"}],"circlet_count":0,"master_deck":["Slimebound:Strike_Slimebound","Slimebound:Strike_Slimebound","Slimebound:Tackle","Slimebound:Defend_Slimebound","Slimebound:Defend_Slimebound","Slimebound:Defend_Slimebound","Slimebound:Defend_Slimebound","Slimebound:Split","Slimebound:CorrosiveSpit","Mayhem+1","Slimebound:SplitSpecialist","Slimebound:RollThrough","Slimebound:Dissolve","Doubt","Slimebound:MassRepurpose+1","Slimebound:SplitLeeching","Slimebound:DivideAndConquer","Slimebound:SplitLeeching"],"relics":["Slimebound:AbsorbEndCombat","Matryoshka","downfall:BrokenWingStatue","Smiling Mask","downfall:HeartBlessingRed","downfall:HeartBlessingBlue"],"acts_visited":["Exordium"],"potions_floor_usage":[5,16],"damage_taken":[{"damage":8,"enemies":"Small Slimes","floor":2,"turns":4},{"damage":18,"enemies":"2 Louse","floor":3,"turns":3},{"damage":14,"enemies":"Jaw Worm","floor":5,"turns":4},{"damage":16,"enemies":"2 Fungi Beasts","floor":11,"turns":4},{"damage":33,"enemies":"Gremlin Gang","floor":13,"turns":4},{"damage":26,"enemies":"Blue Slaver","floor":14,"turns":4},{"damage":17,"enemies":"3 Louse","floor":15,"turns":3},{"damage":84,"enemies":"downfall:Ironclad","floor":16,"turns":9}],"seed_played":"6844608258882540018","potions_obtained":[{"floor":2,"key":"PowerPotion"},{"floor":3,"key":"CultistPotion"},{"floor":15,"key":"CultistPotion"}],"is_trial":false,"path_per_floor":["R","M","M","?","M","?","T","R","?","T","M","R","M","M","M","B"],"character_chosen":"SLIMEBOUND","items_purchased":[],"campfire_rested":0,"item_purchase_floors":[],"current_hp_per_floor":[60,58,50,50,50,50,50,50,50,50,44,54,43,45,38,0,0,0],"gold":126,"neow_bonus":"RANDOM_COLORLESS_2","is_daily":false,"chose_seed":false,"campfire_upgraded":2,"win_rate":0.0,"timestamp":1608852869,"path_taken":["R","M","M","?","M","?","T","R","?","?","M","R","?","M","M","BOSS"],"items_purchased_type":[],"build_version":"2020-12-22","purchased_purges":0,"victory":false,"max_hp_per_floor":[60,60,60,60,60,60,60,60,60,60,60,70,70,70,70,70,70,70],"card_choices":[{"not_picked":["Secret Technique","The Bomb"],"picked":"Mayhem","floor":0},{"not_picked":["Slimebound:Nibble","Slimebound:SlimeTap"],"picked":"Slimebound:SplitSpecialist","floor":2},{"not_picked":["Slimebound:SamplingLick","Slimebound:GrowthPunch"],"picked":"Slimebound:RollThrough","floor":3},{"not_picked":["Slimebound:SamplingLick","Slimebound:SplitMire"],"picked":"Slimebound:Dissolve","floor":5},{"not_picked":["Slimebound:SplitLeeching","Slimebound:FinishingTackle"],"picked":"Slimebound:MassRepurpose","floor":11},{"not_picked":["Slimebound:SlimeSpikes","Slimebound:LeechingTouch"],"picked":"Slimebound:SplitLeeching","floor":13},{"not_picked":["Slimebound:PressTheAttack","Slimebound:ComboTackle"],"picked":"Slimebound:DivideAndConquer","floor":14},{"not_picked":["Slimebound:RollThrough","Slimebound:PressTheAttack"],"picked":"Slimebound:SplitLeeching","floor":15}],"player_experience":139335,"relics_obtained":[{"floor":7,"key":"Matryoshka"},{"floor":10,"key":"Smiling Mask"}],"event_choices":[],"is_beta":false,"boss_relics":[],"items_purged_floors":[],"is_endless":false,"potions_floor_spawned":[2,3,15],"killed_by":"downfall:Ironclad","ascension_level":3}}