{"host":"mjau5a91be6b66g4","time":1608814344,"event":{"mods":["BaseMod","Minty Spire (QoL Compilation)","StSLib","The Animator","The Bug Knight","The Jungle"],"gold_per_floor":[116,126,201,214,214,249,249,249,249,249,264,281,281,244,244,244,244],"floor_reached":16,"playtime":508,"items_purged":[],"score":100,"play_id":"f3e5ba0b-3764-4767-a909-dfa539cab38f","local_time":"20201224205224","is_ascension_mode":false,"campfire_choices":[{"data":"HollowMod:ChannelNail","floor":8,"key":"SMITH"},{"floor":10,"key":"REST"},{"data":"HollowMod:SoulStrike","floor":15,"key":"SMITH"}],"circlet_count":0,"master_deck":["HollowMod:NailStrikeStart","HollowMod:NailStrikeStart","HollowMod:NailStrikeStart","HollowMod:NailStrikeStart","HollowMod:QuickDashStart","HollowMod:QuickDashStart","HollowMod:QuickDashStart","HollowMod:QuickDashStart","HollowMod:FocusHealStart+1","HollowMod:PogoStrike","HollowMod:ChannelNail+1","HollowMod:HowlingWraiths","HollowMod:SoulStrike+1","HollowMod:CornifersMapStart","HollowMod:SoulVessel","HollowMod:Grubsong"],"relics":["HollowMod:VesselMask","PreservedInsect","Ice Cream","StoneCalendar"],"acts_visited":["Exordium"],"potions_floor_usage":[],"damage_taken":[{"damage":6,"enemies":"2 Louse","floor":1,"turns":2},{"damage":0,"enemies":"Small Slimes","floor":2,"turns":2},{"damage":6,"enemies":"Cultist","floor":4,"turns":4},{"damage":26,"enemies":"Lagavulin","floor":6,"turns":5},{"damage":11,"enemies":"Blue Slaver","floor":11,"turns":4},{"damage":10,"enemies":"Looter","floor":12,"turns":3},{"damage":79,"enemies":"HollowMod:FalseKnight","floor":16,"turns":10}],"seed_played":"6577002814202938685","potions_obtained":[{"floor":4,"key":"SmokeBomb"},{"floor":6,"key":"SkillPotion"},{"floor":11,"key":"Fire Potion"}],"is_trial":false,"path_per_floor":["M","M","?","M","?","E","?","R","T","R","M","M","?","$","R","B"],"character_chosen":"THE_BUGKNIGHT","items_purchased":["HollowMod:Grubsong"],"campfire_rested":1,"item_purchase_floors":[14],"current_hp_per_floor":[69,69,69,69,69,49,54,54,54,75,70,66,66,66,66,0,0],"gold":244,"neow_bonus":"RANDOM_COMMON_RELIC","is_daily":false,"chose_seed":false,"campfire_upgraded":2,"win_rate":0.0,"timestamp":1608814344,"path_taken":["M","M","?","M","?","E","?","R","T","R","M","?","?","$","R","BOSS"],"items_purchased_type":["Card"],"build_version":"2020-12-22","purchased_purges":0,"victory":false,"max_hp_per_floor":[75,75,75,75,75,75,75,75,75,75,75,75,75,75,75,75,75],"card_choices":[{"not_picked":["HollowMod:MantisMark","HollowMod:DescendingDark"],"picked":"HollowMod:ChannelNail","floor":1},{"not_picked":["HollowMod:FastStrike","HollowMod:GrimmsGift"],"picked":"HollowMod:HowlingWraiths","floor":2},{"not_picked":["HollowMod:TaintedHusks","HollowMod:VengefulVoid"],"picked":"HollowMod:NewJinnsSoul","floor":4},{"not_picked":["HollowMod:LifebloodCocoon","HollowMod:GreatSlash"],"picked":"HollowMod:SoulStrike","floor":6},{"not_picked":["HollowMod:NewJinnsSoul","HollowMod:MidwifesHunger"],"picked":"HollowMod:CornifersMapStart","floor":11},{"not_picked":["HollowMod:CornifersMapStart","HollowMod:DoubleDash"],"picked":"HollowMod:SoulVessel","floor":12}],"player_experience":219468,"relics_obtained":[{"floor":6,"key":"Ice Cream"},{"floor":9,"key":"StoneCalendar"}],"event_choices":[{"damage_healed":0,"gold_gain":75,"player_choice":"Gained Gold","damage_taken":0,"max_hp_gain":0,"max_hp_loss":0,"event_name":"Golden Wing","floor":3,"gold_loss":0},{"damage_healed":0,"gold_gain":0,"player_choice":"Grow","damage_taken":0,"max_hp_gain":0,"max_hp_loss":0,"event_name":"Living Wall","floor":5,"gold_loss":0,"cards_upgraded":["HollowMod:FocusHealStart"]},{"cards_removed":["HollowMod:NewJinnsSoul"],"damage_healed":5,"gold_gain":0,"player_choice":"Offered Common","damage_taken":0,"max_hp_gain":0,"max_hp_loss":0,"event_name":"Bonfire Elementals","floor":7,"gold_loss":0},{"cards_removed":["HollowMod:NewJinnsSoul"],"damage_healed":5,"gold_gain":0,"player_choice":"Offered Special","damage_taken":0,"max_hp_gain":0,"max_hp_loss":0,"event_name":"Bonfire Elementals","floor":7,"gold_loss":0},{"damage_healed":0,"gold_gain":0,"player_choice":"Ignored","damage_taken":0,"max_hp_gain":0,"max_hp_loss":0,"event_name":"Liars Game","floor":13,"gold_loss":0}],"is_beta":false,"boss_relics":[],"items_purged_floors":[],"is_endless":false,"potions_floor_spawned":[4,6,11],"killed_by":"HollowMod:FalseKnight","ascension_level":0}}