{"host":"x4x6fw95e6eqd4n0","time":1608810710,"event":{"mods":["AchievementEnabler","BaseMod","Colored Map","Colored Powertips","DeckTracker","Minty Spire (QoL Compilation)"],"gold_per_floor":[115,134,134,134,153,153,169,169,169,188,188,188,202,202,202,307,307,319,339,353,29,42,42,60,60,111,111,11,11,31,58,58,156,156,169,21,32,32,32],"floor_reached":38,"playtime":2169,"items_purged":["Strike_P","Strike_P"],"score":463,"play_id":"22104623-4404-4c1a-aaaa-28535d6cd238","local_time":"20201224135150","is_ascension_mode":false,"campfire_choices":[{"data":"Mayhem","floor":6,"key":"SMITH"},{"data":"Eruption","floor":8,"key":"SMITH"},{"data":"LikeWater","floor":12,"key":"SMITH"},{"data":"Vengeance","floor":15,"key":"SMITH"},{"floor":23,"key":"REST"},{"data":"DeceiveReality","floor":25,"key":"SMITH"},{"data":"SandsOfTime","floor":27,"key":"SMITH"},{"data":"Swivel","floor":29,"key":"SMITH"},{"floor":32,"key":"REST"}],"circlet_count":0,"master_deck":["Strike_P+1","Defend_P+1","Defend_P","Defend_P+1","Defend_P","Eruption+1","Vigilance","Mayhem+1","Swivel+1","SandsOfTime+1","EmptyBody","Vengeance+1","LikeWater+1","InnerPeace","LessonLearned+1","EmptyFist+1","Halt+1","DeceiveReality+1","SignatureMove+1","JustLucky+1","Omniscience","Meditate","Vault","TalkToTheHand+1","EmptyFist+1"],"relics":["HolyWater","Mercury Hourglass","Ornamental Fan","Sozu","Bottled Tornado","Omamori","Whetstone"],"acts_visited":["Exordium","TheCity","TheBeyond"],"potions_floor_usage":[16,16,16,18],"damage_taken":[{"damage":7,"enemies":"Jaw Worm","floor":1,"turns":4},{"damage":0,"enemies":"Small Slimes","floor":2,"turns":2},{"damage":9,"enemies":"Cultist","floor":5,"turns":6},{"damage":7,"enemies":"Looter","floor":7,"turns":3},{"damage":0,"enemies":"Blue Slaver","floor":10,"turns":5},{"damage":0,"enemies":"3 Louse","floor":13,"turns":3},{"damage":11,"enemies":"The Guardian","floor":16,"turns":6},{"damage":9,"enemies":"Shell Parasite","floor":18,"turns":3},{"damage":8,"enemies":"3 Byrds","floor":19,"turns":5},{"damage":20,"enemies":"Centurion and Healer","floor":20,"turns":5},{"damage":10,"enemies":"Snake Plant","floor":22,"turns":5},{"damage":1,"enemies":"Snecko","floor":24,"turns":8},{"damage":7,"enemies":"Cultist and Chosen","floor":30,"turns":5},{"damage":0,"enemies":"Book of Stabbing","floor":31,"turns":6},{"damage":0,"enemies":"Automaton","floor":33,"turns":6},{"damage":10,"enemies":"3 Darklings","floor":35,"turns":4},{"damage":37,"enemies":"3 Shapes","floor":37,"turns":6},{"damage":26,"enemies":"Jaw Worm Horde","floor":38,"turns":2}],"seed_played":"781355055127633457","potions_obtained":[{"floor":2,"key":"StancePotion"},{"floor":5,"key":"DuplicationPotion"},{"floor":10,"key":"Strength Potion"},{"floor":16,"key":"PowerPotion"}],"is_trial":false,"path_per_floor":["M","M","?","?","M","R","M","R","T","M","?","R","M","?","R","B",null,"M","M","M","$","M","R","M","R","T","R","$","R","M","E","R","B",null,"M","$","M","M"],"character_chosen":"WATCHER","items_purchased":["Bottled Tornado","Whetstone"],"campfire_rested":2,"item_purchase_floors":[21,36],"current_hp_per_floor":[58,58,58,65,56,56,49,49,49,49,42,42,42,39,39,28,65,56,48,28,28,18,37,36,36,36,36,36,36,29,29,48,48,65,55,55,18,0,0],"gold":32,"neow_bonus":"RANDOM_COLORLESS_2","is_daily":false,"chose_seed":false,"campfire_upgraded":7,"win_rate":0.0,"timestamp":1608810710,"path_taken":["M","M","?","?","M","R","M","R","T","?","?","R","M","?","R","BOSS","M","M","M","$","M","R","M","R","T","R","$","R","M","E","R","BOSS","M","$","M","M"],"items_purchased_type":["Relic","Relic"],"build_version":"2020-12-13","purchased_purges":2,"victory":false,"max_hp_per_floor":[65,65,65,65,65,65,65,65,65,65,65,65,65,65,65,65,65,65,65,65,65,65,65,65,65,65,65,65,65,65,65,65,65,65,65,65,65,65,65],"card_choices":[{"not_picked":["Transmutation","Secret Technique"],"picked":"Mayhem","floor":0},{"not_picked":["Consecrate","Halt"],"picked":"Swivel","floor":1},{"not_picked":["Nirvana","FlyingSleeves"],"picked":"SandsOfTime","floor":2},{"not_picked":["PathToVictory","JustLucky"],"picked":"EmptyBody","floor":5},{"not_picked":["FollowUp","ThirdEye"],"picked":"Vengeance","floor":7},{"not_picked":["Prostrate","Pray"],"picked":"LikeWater","floor":10},{"not_picked":["BowlingBash","WaveOfTheHand"],"picked":"InnerPeace","floor":13},{"not_picked":["DeusExMachina","Establishment"],"picked":"LessonLearned","floor":16},{"not_picked":["Prostrate","FlurryOfBlows"],"picked":"EmptyFist+1","floor":18},{"not_picked":["Protect","Evaluate"],"picked":"Halt+1","floor":19},{"not_picked":["WindmillStrike","EmptyFist"],"picked":"DeceiveReality","floor":20},{"not_picked":["ThirdEye","TalkToTheHand"],"picked":"SignatureMove+1","floor":22},{"not_picked":["SandsOfTime","Halt"],"picked":"JustLucky+1","floor":24},{"not_picked":["LikeWater","Meditate+1"],"picked":"Omniscience","floor":30},{"not_picked":["ReachHeaven","EmptyBody"],"picked":"Meditate","floor":31},{"not_picked":["Scrawl","Establishment"],"picked":"Vault","floor":33},{"not_picked":["PathToVictory","Fasting2+1"],"picked":"TalkToTheHand+1","floor":35},{"not_picked":["Consecrate+1","BowlingBash+1"],"picked":"EmptyFist+1","floor":37}],"player_experience":80381,"relics_obtained":[{"floor":9,"key":"Mercury Hourglass"},{"floor":31,"key":"Omamori"}],"event_choices":[{"damage_healed":0,"gold_gain":0,"player_choice":"Ignored","damage_taken":0,"max_hp_gain":0,"max_hp_loss":0,"event_name":"Liars Game","floor":3,"gold_loss":0},{"damage_healed":7,"gold_gain":0,"player_choice":"Full Heal","damage_taken":0,"max_hp_gain":0,"max_hp_loss":0,"event_name":"Wheel of Change","floor":4,"gold_loss":0},{"cards_removed":["Strike_P"],"damage_healed":0,"gold_gain":0,"player_choice":"Card Removal","damage_taken":7,"max_hp_gain":0,"max_hp_loss":0,"event_name":"Golden Wing","floor":11,"gold_loss":0},{"damage_healed":0,"gold_gain":0,"player_choice":"Success","damage_taken":3,"relics_obtained":["Ornamental Fan"],"max_hp_gain":0,"max_hp_loss":0,"event_name":"Scrap Ooze","floor":14,"gold_loss":0}],"is_beta":false,"boss_relics":[{"not_picked":["Black Star","Astrolabe"],"picked":"Sozu"},{"not_picked":["Runic Pyramid","Tiny House"],"picked":"HolyWater"}],"items_purged_floors":[21,28],"is_endless":false,"potions_floor_spawned":[2,5,10,16,22,24,31,37],"killed_by":"Jaw Worm Horde","ascension_level":0}}