{"host":"cr9rpoy6dx9riis3","time":1608840187,"event":{"mods":["AchievementEnabler","BaseMod","Better Altar","Better Note","Better Sensory Stone","Better Skull","Better Third Choice","Better-Laid Plans","BetterRewards","Block Reminder","Curses Come First","Displayed Cursed Tome","Emptier Cage","Marked Mod","Minty Spire (QoL Compilation)","Permanent Neow","Relic Sorter","StSLib","The Blue Laboratory","Transform Curses"],"gold_per_floor":[114,132,142,142,156,156,174,97,97,125,125,135,210,210,210,210,210],"floor_reached":16,"playtime":502,"items_purged":["Strike_R"],"score":198,"play_id":"1c8069a4-bf9e-4c8e-99c1-00feebf6c1e6","local_time":"20201224210307","is_ascension_mode":true,"campfire_choices":[{"data":"Sadistic Nature","floor":6,"key":"SMITH"},{"data":"Bash","floor":11,"key":"SMITH"},{"data":"Metallicize","floor":15,"key":"SMITH"}],"circlet_count":0,"master_deck":["Strike_R","Strike_R","Strike_R","Defend_R","Defend_R","Defend_R","Defend_R","Bash+1","Sadistic Nature+1","Metallicize+1","Immolate","Spot Weakness"],"relics":["Burning Blood","Smiling Mask"],"acts_visited":["Exordium"],"potions_floor_usage":[5,10,16],"damage_taken":[{"damage":2,"enemies":"Cultist","floor":1,"turns":4},{"damage":6,"enemies":"Jaw Worm","floor":2,"turns":6},{"damage":4,"enemies":"Small Slimes","floor":3,"turns":5},{"damage":0,"enemies":"3 Louse","floor":5,"turns":5},{"damage":21,"enemies":"Large Slime","floor":7,"turns":8},{"damage":25,"enemies":"Gremlin Nob","floor":10,"turns":4},{"damage":4,"enemies":"Looter","floor":12,"turns":4},{"damage":29,"enemies":"Hexaghost","floor":16,"turns":8}],"seed_played":"5809079251544301454","potions_obtained":[{"floor":5,"key":"blueLaboratory:SmithPotion"},{"floor":10,"key":"AttackPotion"}],"is_trial":false,"path_per_floor":["M","M","M","?","M","R","M","$","T","E","R","M","?","?","R","B"],"character_chosen":"IRONCLAD","items_purchased":["Sadistic Nature","Metallicize","blueLaboratory:FruitPunch","Immolate"],"campfire_rested":0,"item_purchase_floors":[0,0,0,8],"current_hp_per_floor":[64,64,66,59,67,67,52,52,52,33,33,35,24,29,29,0,0],"gold":210,"neow_bonus":"","is_daily":false,"chose_seed":false,"campfire_upgraded":3,"win_rate":0.0,"timestamp":1608840187,"path_taken":["M","?","?","?","M","R","M","$","T","E","R","M","?","?","R","BOSS"],"items_purchased_type":["Card","Card","Potion","Card"],"build_version":"2020-12-22","purchased_purges":1,"victory":false,"max_hp_per_floor":[80,80,80,80,82,82,82,82,82,82,82,82,82,87,87,87,87],"card_choices":[{"not_picked":["Heavy Blade","Power Through","Shrug It Off"],"picked":"SKIP","floor":1},{"not_picked":["Pommel Strike","Shrug It Off","Body Slam"],"picked":"SKIP","floor":2},{"not_picked":["Warcry","Twin Strike","True Grit"],"picked":"SKIP","floor":3},{"not_picked":["Clash","Infernal Blade","Sentinel"],"picked":"SKIP","floor":5},{"not_picked":["Clash","Infernal Blade","Sentinel"],"picked":"SKIP","floor":5},{"not_picked":["Cleave","Clash","Sword Boomerang"],"picked":"SKIP","floor":7},{"not_picked":["Perfected Strike","Body Slam","Flex"],"picked":"SKIP","floor":10},{"not_picked":["Anger","Demon Form"],"picked":"Spot Weakness","floor":12}],"player_experience":744946,"relics_obtained":[{"floor":10,"key":"Smiling Mask"}],"event_choices":[{"cards_removed":["Strike_R"],"damage_healed":0,"gold_gain":0,"player_choice":"Card Removal","damage_taken":7,"max_hp_gain":0,"max_hp_loss":0,"event_name":"Golden Wing","floor":4,"gold_loss":0},{"damage_healed":0,"gold_gain":75,"player_choice":"Gold","damage_taken":11,"max_hp_gain":0,"max_hp_loss":0,"event_name":"betterThird:BetterGoop","floor":13,"gold_loss":0},{"damage_healed":0,"gold_gain":0,"player_choice":"Donut","damage_taken":0,"max_hp_gain":5,"max_hp_loss":0,"event_name":"Big Fish","floor":14,"gold_loss":0}],"is_beta":false,"boss_relics":[],"items_purged_floors":[0],"is_endless":false,"potions_floor_spawned":[5,10],"killed_by":"Hexaghost","ascension_level":6}}