{"host":"xodzlm10r37577ou","time":1608816180,"event":{"mods":["Act Like it!","BaseMod","Gensokyo","Koishi","Marisa（F雨　魔理沙）","Minty Spire (QoL Compilation)","Reimu（博丽灵梦）","Replay The Spire","StSLib","【东方二次创作】八云紫mod"],"gold_per_floor":[19,35,49,49,49,49,82,82,82,162,181,207,207,207,207,305,305,321,14,33,53,53,53,53],"floor_reached":23,"playtime":1210,"items_purged":["Strike_Lin:ReiMu"],"score":272,"play_id":"1d0f2d8b-1518-497e-8036-64c51d622521","local_time":"20201224212300","is_ascension_mode":true,"campfire_choices":[{"data":"MikOfLucky:ReiMu","floor":6.0,"key":"SMITH"},{"data":"PhosphorusFlame:ReiMu","floor":8.0,"key":"SMITH"},{"data":"TightArray:ReiMu","floor":13.0,"key":"SMITH"},{"floor":15.0,"key":"REST"}],"circlet_count":0,"master_deck":["Strike_Lin:ReiMu+1","Strike_Lin:ReiMu","Defend_Lin:ReiMu","Defend_Lin:ReiMu","Defend_Lin:ReiMu","NB:ReiMu","Stagnation:ReiMu","MikOfLucky:ReiMu+1","TightArray:ReiMu+1","PhosphorusFlame:ReiMu+1","Gathering:ReiMu","RainPray2:ReiMu","Normality","OctopathSalyBorderN:ReiMu+1","RainPray2:ReiMu+1","ShadowOfCrow2:ReiMu","Revelation:ReiMu"],"relics":["FlyPower:ReiMu","Bottled Lightning","Blue Doll","FadedRune:ReiMu","ReplayTheSpireMod:Ring of Addiction","White Beast Statue","SacredBark","ReplayTheSpireMod:Ring of Challenge","DonationBox:ReiMu","Whetstone"],"acts_visited":["Gensokyo:Gensokyo","Gensokyo:Gensokyoer"],"potions_floor_usage":[20,23,23],"damage_taken":[{"damage":2.0,"enemies":"Gensokyo:3_Fairies","floor":1.0,"turns":5.0},{"damage":2.0,"enemies":"Gensokyo:Python","floor":2.0,"turns":4.0},{"damage":11.0,"enemies":"Gensokyo:2_Kodama","floor":3.0,"turns":4.0},{"damage":8.0,"enemies":"Gensokyo:Aya","floor":7.0,"turns":4.0},{"damage":17.0,"enemies":"Gensokyo:Kitsune","floor":11.0,"turns":5.0},{"damage":14.0,"enemies":"Gensokyo:Cirno","floor":12.0,"turns":10.0},{"damage":0.0,"enemies":"Gensokyo:Yukari","floor":16.0,"turns":9.0},{"damage":15.0,"enemies":"Gensokyo:AngelMirror","floor":18.0,"turns":5.0},{"damage":23,"enemies":"Gensokyo:CosmicMonolith","floor":20,"turns":5},{"damage":23,"enemies":"Gensokyo:3_Gloops","floor":21,"turns":4},{"damage":14,"enemies":"Gensokyo:Reisen","floor":23,"turns":5}],"seed_played":"-1211138290034025036","potions_obtained":[{"floor":1.0,"key":"Block Potion"},{"floor":2.0,"key":"PinkPotion:ReiMu"},{"floor":14.0,"key":"LiquidMemories"},{"floor":14.0,"key":"PinkPotion:ReiMu"},{"floor":16.0,"key":"DistilledChaos"},{"floor":18.0,"key":"PinkPotion:ReiMu"},{"floor":20,"key":"Fruit Juice"},{"floor":21,"key":"BottledKami:ReiMu"}],"is_trial":false,"path_per_floor":["M","M","M","?","?","R","E","R","T","?","M","E","R","?","R","B",null,"M","$","M","M","$","E"],"character_chosen":"REIMU","items_purchased":["ShadowOfCrow2:ReiMu","Whetstone"],"campfire_rested":1,"item_purchase_floors":[19,19],"current_hp_per_floor":[63,61,50,56,56,56,48,48,48,48,31,17,17,17,38,38,71,54,54,41,18,18,4,4],"gold":53,"neow_bonus":"REMOVE_TWO","is_daily":false,"chose_seed":false,"campfire_upgraded":3,"win_rate":0.0,"timestamp":1608816180,"path_taken":["M","M","M","?","?","R","E","R","T","?","?","E","R","?","R","BOSS","M","$","M","M","$","E"],"items_purchased_type":["Card","Relic"],"build_version":"2020-12-22","purchased_purges":1,"victory":false,"max_hp_per_floor":[65,65,65,71,71,71,71,71,71,71,71,71,71,71,71,71,71,69,69,79,79,79,79,79],"card_choices":[{"not_picked":["Mountainwind:ReiMu","PrepareRite:ReiMu"],"picked":"MikOfLucky:ReiMu","floor":1.0},{"not_picked":["FoulBorder2:ReiMu","CareerPray:ReiMu"],"picked":"TightArray:ReiMu","floor":2.0},{"not_picked":["SpiritualOutbreak2:ReiMu","MountainWay:ReiMu"],"picked":"PhosphorusFlame:ReiMu","floor":3.0},{"not_picked":["CareerPray:ReiMu","Meditation:ReiMu","WonderfulDomain:ReiMu"],"picked":"SKIP","floor":7.0},{"not_picked":["CollectionFlower2:ReiMu","Intuition:ReiMu"],"picked":"Gathering:ReiMu","floor":11.0},{"not_picked":["AirStrike:ReiMu","Conquer:ReiMu"],"picked":"RainPray2:ReiMu","floor":12.0},{"not_picked":["RunawayExorcism:ReiMu","CleanRite:ReiMu"],"picked":"OctopathSalyBorderN:ReiMu","floor":16.0},{"not_picked":["YinYangSign:ReiMu+1","SpringWay:ReiMu+1"],"picked":"RainPray2:ReiMu+1","floor":18.0},{"not_picked":["Crusade:ReiMu","InherentArray:ReiMu","CareerPray:ReiMu"],"picked":"SKIP","floor":20},{"not_picked":["AlertArray:ReiMu+1","EmergencyTakeOff:ReiMu"],"picked":"Revelation:ReiMu","floor":21}],"player_experience":588005,"relics_obtained":[{"floor":7.0,"key":"Bottled Lightning"},{"floor":9.0,"key":"Blue Doll"},{"floor":12.0,"key":"FadedRune:ReiMu"},{"floor":14.0,"key":"ReplayTheSpireMod:Ring of Addiction"},{"floor":14.0,"key":"White Beast Statue"},{"floor":14.0,"key":"SacredBark"},{"floor":14.0,"key":"ReplayTheSpireMod:Ring of Challenge"}],"event_choices":[],"is_beta":false,"boss_relics":[{"not_picked":["Replay:Bronze Core","Ring of Chaos"],"picked":"DonationBox:ReiMu"}],"items_purged_floors":[19],"is_endless":false,"potions_floor_spawned":[1,2,16,18,20,21],"killed_by":"Gensokyo:Reisen","ascension_level":2}}