{"host":"njruw0b0uprlitpx","time":1608807466,"event":{"mods":["2.2 Compatiblity","Astrologer","Bartender","BaseMod","Better Altar","Better Match","Better Note","Better Sensory Stone","Better Skull","Better Third Choice","BetterRewards","Block Reminder","Chen","Colored Map","Colored Powertips","Gremlin Mod","Jedi Mod","Keyboard Shortcuts","Magitek Elite","Minty Spire (QoL Compilation)","Quick Restart","Relic Stats","Replay The Spire","SacredBarkPlus","Spicy Shops","StSLib","SuperFastMode","The Construct","The Cursed","The Marked","The Mystic","The Necromancer","The Spell Scribe"],"gold_per_floor":[119,119,84,84,96,96,128,128,128,146,162,69,103,114,114,213,213,230,230,98,23,42,42,52,83,106,132,132,161,26,26,26,127,127,139,53,53,63,76,76,93,109,109,109,109],"floor_reached":44,"playtime":1320,"items_purged":["Defend_P"],"score":744,"play_id":"48f8cb99-46da-4c01-9bff-66600940f965","local_time":"20201224045746","is_ascension_mode":true,"campfire_choices":[{"data":"Eruption","floor":6,"key":"SMITH"},{"data":"SashWhip","floor":8,"key":"SMITH"},{"floor":23,"key":"REST"},{"floor":28,"key":"REST"},{"floor":32,"key":"REST"},{"floor":40,"key":"REST"}],"circlet_count":0,"master_deck":["Strike_P","Strike_P","Strike_P","Defend_P","Defend_P","Eruption+1","Vigilance","SashWhip+1","Replay:Hum","CrushJoints","Crescendo","Conclude","EmptyBody+1","FollowUp","Devotion","Worship+1","Ragnarok","Tantrum","InnerPeace","Protect","BattleHymn+1","FlyingSleeves+1","FlurryOfBlows","CutThroughFate","Brilliance","Halt","LikeWater","CrushJoints","EmptyFist+1","FollowUp+1","ThirdEye+1"],"relics":["PureWater","NeowsBlessing","Incense Burner","Chameleon Ring","ReplayTheSpireMod:CursedCoin","jedi:shrinkray","Angel_Ring","Replay:Grab Bag","Philosopher\u0027s Stone","ReplayTheSpireMod:DimensionalGlitch","Empty Cage","Ring of Chaos","Bronze Scales","Pen Nib","PreservedInsect","Pear","Choco_Feather","Replay:Wax Seal","construct:WeddingRing","Sozu","Replay:WaspNest"],"acts_visited":["Exordium","TheCity","TheBeyond"],"potions_floor_usage":[16,16,16,25,29,35],"damage_taken":[{"damage":0,"enemies":"2 Louse","floor":1,"turns":1},{"damage":0,"enemies":"Cultist","floor":5,"turns":1},{"damage":0,"enemies":"3 Sentries","floor":7,"turns":1},{"damage":11,"enemies":"Small Slimes","floor":10,"turns":2},{"damage":4,"enemies":"Exordium Thugs","floor":11,"turns":3},{"damage":7,"enemies":"Gremlin Nob","floor":13,"turns":3},{"damage":5,"enemies":"Blue Slaver","floor":14,"turns":2},{"damage":32,"enemies":"The Guardian","floor":16,"turns":9},{"damage":1,"enemies":"Chosen","floor":18,"turns":2},{"damage":11,"enemies":"2 Thieves","floor":22,"turns":3},{"damage":30,"enemies":"Centurion and Healer","floor":24,"turns":4},{"damage":0,"enemies":"Gremlin Leader","floor":25,"turns":4},{"damage":20,"enemies":"Book of Stabbing","floor":27,"turns":3},{"damage":12,"enemies":"Gremlin Leader","floor":29,"turns":4},{"damage":1,"enemies":"Champ","floor":33,"turns":4},{"damage":4,"enemies":"3 Darklings","floor":35,"turns":3},{"damage":9,"enemies":"Orb Walker","floor":38,"turns":2},{"damage":23,"enemies":"Sphere and 2 Shapes","floor":39,"turns":3},{"damage":39,"enemies":"Writhing Mass","floor":41,"turns":3},{"damage":0,"enemies":"3 Darklings","floor":42,"turns":2},{"damage":20,"enemies":"Mind Bloom Boss Battle","floor":44,"turns":3}],"seed_played":"9088547297506951085","potions_obtained":[{"floor":7,"key":"LifebloodPotion"},{"floor":10,"key":"Dexterity Potion"},{"floor":14,"key":"AttackPotion"},{"floor":24,"key":"EssenceOfSteel"},{"floor":27,"key":"Block Potion"},{"floor":29,"key":"SkillPotion"}],"is_trial":false,"path_per_floor":["M","?","?","?","M","R","E","R","T","M","M","$","E","M","R_BF","B",null,"M","?","?","$","M","R","M","E","T","E","R","E","$","?","R","B",null,"M","$","?","M","M","R","M","M","T","?"],"character_chosen":"WATCHER","items_purchased":["ReplayTheSpireMod:CursedCoin","Conclude","EmptyBody+1","FollowUp","jedi:shrinkray","CutThroughFate","Replay:Wax Seal","LikeWater"],"campfire_rested":4,"item_purchase_floors":[12,12,12,12,12,30,30,36],"current_hp_per_floor":[65,58,72,65,65,65,65,65,65,54,50,50,43,38,38,20,59,58,47,47,47,46,67,37,37,37,29,53,41,41,41,59,58,61,57,57,57,48,25,43,17,19,19,0,0],"gold":109,"neow_bonus":"THREE_ENEMY_KILL","is_daily":false,"chose_seed":false,"campfire_upgraded":2,"win_rate":0.0,"timestamp":1608807466,"path_taken":["M","?","?","?","M","R","E","R","T","M","?","$","E","M","R_BF","BOSS","M","?","?","$","M","R","M","E","T","E","R","E","$","?","R","BOSS","M","?","?","?","?","R","?","M","T","?"],"items_purchased_type":["Relic","Card","Card","Card","Relic","Card","Relic","Card"],"build_version":"2020-12-22","purchased_purges":1,"victory":false,"max_hp_per_floor":[72,72,72,72,72,72,72,72,72,72,72,72,72,72,72,72,72,72,72,72,72,72,72,72,72,72,82,82,82,82,62,62,62,62,62,62,62,62,62,62,62,62,62,62,62],"relic_stats":{"Sozu":1,"counters":[30,101],"Bronze Scales":[27],"Pen Nib":[9],"PreservedInsect":87,"obtain_stats":[{"Gremlin Horn":7,"SacredBark":0,"Angel_Ring":13,"Incense Burner":7,"jedi:command_boss":31,"Empty Cage":0,"Cursed Key":0,"jedi:shrinkray":12,"Sozu":34,"Chameleon Ring":9,"Philosopher\u0027s Stone":17,"Replay:Wax Seal":30,"Replay:Bottled Steam":9,"Runic Pyramid":17,"Pear":27,"construct:WeddingRing":31,"NeowsBlessing":0,"Golden Idol":2,"ReplayTheSpireMod:CursedCoin":12,"Replay:Grab Bag":17,"Choco_Feather":29,"Ring of Chaos":17,"Pen Nib":25,"PreservedInsect":26,"Replay:WaspNest":43,"Replay:Arrowhead":5,"Bronze Scales":20,"Molten Egg 2":10,"PureWater":0,"ReplayTheSpireMod:DimensionalGlitch":17},{"Gremlin Horn":3,"SacredBark":0,"Angel_Ring":15,"Incense Burner":12,"jedi:command_boss":23,"Empty Cage":0,"Cursed Key":0,"jedi:shrinkray":14,"Sozu":24,"Chameleon Ring":12,"Philosopher\u0027s Stone":17,"Replay:Wax Seal":23,"Replay:Bottled Steam":4,"Runic Pyramid":8,"Pear":22,"construct:WeddingRing":23,"NeowsBlessing":9,"Golden Idol":1,"ReplayTheSpireMod:CursedCoin":14,"Replay:Grab Bag":17,"Choco_Feather":23,"Ring of Chaos":17,"Pen Nib":21,"PreservedInsect":21,"Replay:WaspNest":29,"Replay:Arrowhead":2,"Bronze Scales":18,"Molten Egg 2":5,"PureWater":0,"ReplayTheSpireMod:DimensionalGlitch":17},{"Gremlin Horn":13,"SacredBark":0,"Angel_Ring":50,"Incense Burner":42,"jedi:command_boss":81,"Empty Cage":0,"Cursed Key":0,"jedi:shrinkray":47,"Sozu":85,"Chameleon Ring":42,"Philosopher\u0027s Stone":61,"Replay:Wax Seal":81,"Replay:Bottled Steam":16,"Runic Pyramid":34,"Pear":77,"construct:WeddingRing":81,"NeowsBlessing":39,"Golden Idol":3,"ReplayTheSpireMod:CursedCoin":47,"Replay:Grab Bag":61,"Choco_Feather":81,"Ring of Chaos":61,"Pen Nib":74,"PreservedInsect":74,"Replay:WaspNest":98,"Replay:Arrowhead":6,"Bronze Scales":63,"Molten Egg 2":18,"PureWater":0,"ReplayTheSpireMod:DimensionalGlitch":61}]},"card_choices":[{"not_picked":["Study","Replay:BluntJabs"],"picked":"SashWhip","floor":1},{"not_picked":["FollowUp","Protect"],"picked":"Conclude","floor":5},{"not_picked":["Consecrate","ThirdEye"],"picked":"Replay:Hum","floor":7},{"not_picked":["Evaluate","Replay:BluntJabs"],"picked":"CrushJoints","floor":10},{"not_picked":["WheelKick","ClearTheMind"],"picked":"Crescendo","floor":11},{"not_picked":["LessonLearned","Study"],"picked":"Devotion","floor":13},{"not_picked":["ThirdEye","Replay:ManipulateFuture"],"picked":"Worship","floor":14},{"not_picked":["DevaForm","Alpha"],"picked":"Ragnarok","floor":16},{"not_picked":["FlyingSleeves","ThirdEye"],"picked":"Tantrum","floor":18},{"not_picked":["Fasting2","Consecrate"],"picked":"InnerPeace","floor":22},{"not_picked":["WindmillStrike","SashWhip+1"],"picked":"Protect","floor":24},{"not_picked":["ClearTheMind","ConjureBlade"],"picked":"BattleHymn","floor":25},{"not_picked":["CrushJoints","BowlingBash"],"picked":"FlyingSleeves+1","floor":27},{"not_picked":["Replay:AtTheReady","JustLucky"],"picked":"FlurryOfBlows","floor":29},{"not_picked":["Establishment","Replay:LoomingThreat"],"picked":"Brilliance","floor":33},{"not_picked":["EmptyFist","PathToVictory+1"],"picked":"Halt","floor":35},{"not_picked":["Protect","Replay:AtTheReady"],"picked":"CrushJoints","floor":38},{"not_picked":["Protect","Replay:AtTheReady"],"picked":"EmptyFist+1","floor":39},{"not_picked":["Tantrum+1","Consecrate"],"picked":"FollowUp+1","floor":41},{"not_picked":["Consecrate+1","Wireheading+1"],"picked":"ThirdEye+1","floor":42}],"player_experience":1748070,"relics_obtained":[{"floor":7,"key":"Incense Burner"},{"floor":9,"key":"Chameleon Ring"},{"floor":13,"key":"Angel_Ring"},{"floor":25,"key":"Pen Nib"},{"floor":26,"key":"PreservedInsect"},{"floor":27,"key":"Pear"},{"floor":29,"key":"Choco_Feather"},{"floor":43,"key":"Replay:WaspNest"}],"event_choices":[{"cards_removed":["Defend_P"],"damage_healed":0,"gold_gain":0,"player_choice":"Card Removal","damage_taken":7,"max_hp_gain":0,"max_hp_loss":0,"event_name":"Golden Wing","floor":2,"gold_loss":0},{"damage_healed":18,"gold_gain":0,"player_choice":"Healed","damage_taken":0,"max_hp_gain":0,"max_hp_loss":0,"event_name":"The Cleric","floor":3,"gold_loss":35},{"damage_healed":0,"gold_gain":0,"player_choice":"Damaged","damage_taken":7,"max_hp_gain":0,"max_hp_loss":0,"event_name":"Wheel of Change","floor":4,"gold_loss":0},{"damage_healed":0,"gold_gain":0,"player_choice":"Grow","damage_taken":0,"max_hp_gain":0,"max_hp_loss":0,"event_name":"Living Wall","floor":15,"gold_loss":0,"cards_upgraded":["Worship"]},{"damage_healed":0,"gold_gain":0,"player_choice":"Damaged","damage_taken":7,"max_hp_gain":0,"max_hp_loss":0,"event_name":"Wheel of Change","floor":19,"gold_loss":0},{"damage_healed":0,"gold_gain":0,"player_choice":"Paid Gold","damage_taken":0,"relics_obtained":["Bronze Scales"],"max_hp_gain":0,"max_hp_loss":0,"event_name":"WeMeetAgain","floor":20,"gold_loss":132},{"damage_healed":0,"gold_gain":0,"player_choice":"Upgraded","damage_taken":0,"max_hp_gain":0,"max_hp_loss":0,"event_name":"Upgrade Shrine","floor":37,"gold_loss":0,"cards_upgraded":["BattleHymn"]},{"damage_healed":0,"gold_gain":0,"player_choice":"Fight","damage_taken":0,"max_hp_gain":0,"max_hp_loss":0,"event_name":"MindBloom","floor":44,"gold_loss":0}],"is_beta":false,"boss_relics":[{"not_picked":["Golden_Hairpin","Cursed Key"],"picked":"Replay:Grab Bag"},{"not_picked":["jedi:hotpepper","ReplayTheSpireMod:Onyx Gauntlets"],"picked":"Philosopher\u0027s Stone"},{"not_picked":["ChewingGum","Runic Dome"],"picked":"ReplayTheSpireMod:DimensionalGlitch"},{"not_picked":["Snecko Eye","Silver_Glasses"],"picked":"Empty Cage"},{"not_picked":["Black Star","HolyWater"],"picked":"Ring of Chaos"},{"not_picked":["Tiny House","Honey Jar"],"picked":"Sozu"}],"items_purged_floors":[21],"is_endless":false,"potions_floor_spawned":[7,10,14,24,27,29,42],"killed_by":"Mind Bloom Boss Battle","ascension_level":7}}