{"host":"bp73yv6vym73vckj","time":1608818455,"event":{"mods":["BaseMod","Colored Powertips","Conspire","Downfall","Hermit","Highlight Path","Hubris","Infinite Spire","Ironclad Rager","Minty Spire (QoL Compilation)","Quick Restart","Replay The Spire","StSLib","The Construct","The Cursed","The Hierophant","The IronCluck","The Runesmith"],"gold_per_floor":[99,99,99,99,549,549,603,630,630,640,653,688,707,18,35,35,35],"floor_reached":16,"playtime":1185,"items_purged":["Pain"],"score":140,"play_id":"39cc9954-b67c-4268-a46a-e198cfe47e28","local_time":"20201224090055","is_ascension_mode":true,"campfire_choices":[{"data":"Guardian:TwinSlam","floor":1,"key":"SMITH"},{"data":"Guardian:Repulse","floor":6,"key":"SMITH"}],"circlet_count":0,"master_deck":["Guardian:Strike_Guardian","Guardian:Strike_Guardian","Guardian:Strike_Guardian","Guardian:Strike_Guardian","Guardian:Defend_Guardian","Guardian:Defend_Guardian","Guardian:Defend_Guardian","Guardian:Defend_Guardian","Guardian:CurlUp","Guardian:TwinSlam+1","Guardian:Repulse+1","Slimebound:Icky","Slimebound:Icky","Slimebound:Icky","Guardian:Clone","Guardian:ExploitGems","Guardian:DonusPower","Guardian:BronzeOrb","Guardian:TimeBomb","Guardian:Gem_Cyan","expansioncontent:Corrupt","Guardian:Orbwalk","Guardian:Planning","Guardian:ChargeUp","expansioncontent:ManipulateTime","Guardian:FloatingOrbs"],"relics":["Guardian:ModeShifter","downfall:HeartsMalice","hubris:OldNail","PreservedInsect","WarpedTongs","infinitespire:ShieldingShard","Dream Catcher"],"acts_visited":["Exordium"],"potions_floor_usage":[16,16,16],"damage_taken":[{"damage":0,"enemies":"2 Louse","floor":2,"turns":1},{"damage":0,"enemies":"Jaw Worm","floor":3,"turns":1},{"damage":0,"enemies":"3 Sentries","floor":8,"turns":1},{"damage":4,"enemies":"conspire:RoseBush","floor":10,"turns":4},{"damage":11,"enemies":"Exordium Thugs","floor":11,"turns":6},{"damage":21,"enemies":"Replay:BlueRogue","floor":12,"turns":5},{"damage":3,"enemies":"conspire:2 RoseBushes","floor":13,"turns":5},{"damage":9,"enemies":"downfall:FleeingMerchant","floor":14,"turns":4},{"damage":1,"enemies":"Blue Slaver","floor":15,"turns":2},{"damage":32,"enemies":"downfall:Silent","floor":16,"turns":7}],"seed_played":"1504084793578414151","potions_obtained":[{"floor":8,"key":"DuplicationPotion"},{"floor":10,"key":"BlessingOfTheForge"},{"floor":12,"key":"BlessingOfTheForge"},{"floor":13,"key":"Fire Potion"}],"is_trial":false,"path_per_floor":["R","M","M","?","?","R","T","E","?","M","M","E","M","$","M","B"],"character_chosen":"GUARDIAN","items_purchased":["expansioncontent:Corrupt","Guardian:Orbwalk","Guardian:Planning","Guardian:ChargeUp","Dream Catcher","expansioncontent:ManipulateTime"],"campfire_rested":0,"item_purchase_floors":[14,14,14,14,14,14],"current_hp_per_floor":[80,80,80,80,80,80,80,80,80,76,65,44,41,32,31,0,0],"gold":35,"neow_bonus":"THREE_ENEMY_KILL","is_daily":false,"chose_seed":false,"campfire_upgraded":2,"win_rate":0.0,"timestamp":1608818455,"path_taken":["R","M","M","?","?","R","T","E","?","M","?","E","M","?","M","BOSS"],"items_purchased_type":["Card","Card","Card","Card","Relic","Card"],"build_version":"2020-12-22","purchased_purges":1,"victory":false,"max_hp_per_floor":[80,80,80,80,80,80,80,80,80,80,80,80,80,80,80,80,80],"card_choices":[{"not_picked":["Guardian:FloatingOrbs","Guardian:Incinerate"],"picked":"Guardian:Gem_Cyan","floor":2},{"not_picked":["Guardian:ShieldSpikes","Guardian:Gem_Lightblue"],"picked":"Guardian:Repulse","floor":3},{"not_picked":["Guardian:StasisField","Guardian:Gem_Purple"],"picked":"Guardian:Clone","floor":8},{"not_picked":["Guardian:SpikerProtocol","Guardian:Suspension"],"picked":"Guardian:ExploitGems","floor":10},{"not_picked":["Guardian:BronzeOrb","Guardian:Gem_Blue"],"picked":"Guardian:DonusPower","floor":11},{"not_picked":["Guardian:FastForward","Guardian:Gem_Lightblue"],"picked":"Guardian:BronzeOrb","floor":12},{"not_picked":["Guardian:CrystalBeam","Guardian:RollAttack"],"picked":"Guardian:TimeBomb","floor":13},{"not_picked":["Guardian:VentSteam","Guardian:RollAttack"],"picked":"Guardian:Gem_Cyan","floor":14},{"not_picked":["Guardian:CrystalBeam","Guardian:Incinerate"],"picked":"Guardian:FloatingOrbs","floor":15}],"player_experience":988635,"relics_obtained":[{"floor":7,"key":"hubris:OldNail"},{"floor":8,"key":"PreservedInsect"},{"floor":12,"key":"infinitespire:ShieldingShard"}],"event_choices":[],"is_beta":false,"boss_relics":[],"items_purged_floors":[14],"is_endless":false,"potions_floor_spawned":[8,10,12,13],"killed_by":"downfall:Silent","ascension_level":1}}