{"host":"uflv0e3ja7hvnij7","time":1608852676,"event":{"mods":["Aspiration","BaseMod","Better Altar","Better Match","Better Note","Better Sensory Stone","Better Skull","Better Third Choice","Infinite Spire","Minty Spire (QoL Compilation)","Permanent Neow","StSLib"],"gold_per_floor":[109,109,109,34,51,83,83,93,162,173,183,217,233,248,248,352,352,372,392,409,309,309,342,362,362,387,262,262,262,296,316,316,420,420,440,114,126,126,143,178,178,211,211,211,211,36,36,50,50,58,58],"floor_reached":50,"playtime":3189,"items_purged":["Injury","Defend_G","Defend_G","Defend_G","Defend_G","Survivor"],"score":747,"play_id":"e9e3914f-09a1-451f-8708-6c8c1f596c9d","local_time":"20201224183116","is_ascension_mode":true,"campfire_choices":[{"floor":7,"key":"REST"},{"data":"Infinite Blades","floor":15,"key":"SMITH"},{"floor":25,"key":"REST"},{"data":"Blade Dance","floor":29,"key":"SMITH"},{"data":"Finisher","floor":32,"key":"SMITH"},{"floor":47,"key":"REST"},{"floor":49,"key":"REST"}],"circlet_count":0,"master_deck":["Neutralize","Blade Dance+1","Quick Slash+1","Dash","Dodge and Roll+1","Blade Dance+1","Leg Sweep+1","Finisher+1","Infinite Blades+1","Adrenaline+1","Slice","Footwork+1","Bite","Bite","Bite","Bite+1","Bite","Cloak And Dagger+1","Die Die Die","Blade Dance+1","Panache","Cloak And Dagger+1","Deflect+1","Deflect+1","infinitespire:Oblivion"],"relics":["Ring of the Snake","CaptainsWheel","Toxic Egg 2","Akabeko","Omamori","Shuriken","Strawberry","Runic Pyramid","infinitespire:WardingShard","Juzu Bracelet","Matryoshka","WristBlade","SlaversCollar","infinitespire:Midas Blood","Whetstone","infinitespire:Lucky Rock","Oddly Smooth Stone","Bottled Tornado"],"acts_visited":["Exordium","TheCity","TheBeyond"],"potions_floor_usage":[24,33,50,50,50],"damage_taken":[{"damage":0,"enemies":"2 Louse","floor":1,"turns":3},{"damage":0,"enemies":"Small Slimes","floor":5,"turns":3},{"damage":15,"enemies":"Gremlin Nob","floor":6,"turns":4},{"damage":0,"enemies":"Cultist","floor":8,"turns":3},{"damage":5,"enemies":"Looter","floor":10,"turns":3},{"damage":0,"enemies":"Blue Slaver","floor":11,"turns":3},{"damage":10,"enemies":"3 Sentries","floor":12,"turns":5},{"damage":0,"enemies":"Lots of Slimes","floor":13,"turns":3},{"damage":0,"enemies":"2 Fungi Beasts","floor":14,"turns":2},{"damage":26,"enemies":"The Guardian","floor":16,"turns":7},{"damage":14,"enemies":"Shell Parasite","floor":18,"turns":4},{"damage":0,"enemies":"Spheric Guardian","floor":19,"turns":3},{"damage":12,"enemies":"Cultist and Chosen","floor":20,"turns":4},{"damage":29,"enemies":"Slavers","floor":23,"turns":3},{"damage":2,"enemies":"Sentry and Sphere","floor":24,"turns":3},{"damage":8,"enemies":"Book of Stabbing","floor":30,"turns":3},{"damage":1,"enemies":"3 Cultists","floor":31,"turns":3},{"damage":43,"enemies":"Collector","floor":33,"turns":7},{"damage":7,"enemies":"3 Darklings","floor":35,"turns":4},{"damage":3,"enemies":"Orb Walker","floor":37,"turns":2},{"damage":22,"enemies":"3 Darklings","floor":39,"turns":3},{"damage":0,"enemies":"Reptomancer","floor":40,"turns":3},{"damage":0,"enemies":"Nemesis","floor":42,"turns":3},{"damage":27,"enemies":"Jaw Worm Horde","floor":48,"turns":2},{"damage":62,"enemies":"Time Eater","floor":50,"turns":6}],"seed_played":"4183136098909947851","potions_obtained":[{"floor":6,"key":"FearPotion"},{"floor":10,"key":"Dexterity Potion"},{"floor":12,"key":"PowerPotion"},{"floor":18,"key":"Poison Potion"},{"floor":31,"key":"Weak Potion"},{"floor":33,"key":"Explosive Potion"},{"floor":40,"key":"Fire Potion"}],"is_trial":false,"path_per_floor":["M","?","?","$","M","E","R","M","T","M","M","E","M","M","R","B",null,"M","M","M","$","?","E","M","R","T","$","?","R","E","M","R","B",null,"M","$","M","AVR","M","E","?","E","T","?","?","$","R","M","R","B"],"character_chosen":"THE_SILENT","items_purchased":["Panache"],"campfire_rested":4,"item_purchase_floors":[36],"current_hp_per_floor":[63,63,63,63,63,48,63,63,63,58,58,55,55,55,55,29,70,56,56,44,44,80,51,49,73,73,73,56,56,56,56,56,15,56,53,53,50,50,32,40,40,44,44,44,44,44,56,33,49,0,0],"gold":58,"neow_bonus":"ONE_RARE_RELIC","is_daily":false,"chose_seed":false,"campfire_upgraded":3,"win_rate":0.0,"timestamp":1608852676,"path_taken":["M","?","?","$","M","E","R","M","T","M","M","E","M","M","R","BOSS","M","M","M","$","?","E","M","R","T","$","?","R","E","M","R","BOSS","M","$","M","AVR","M","E","?","E","T","?","?","$","R","M","R","BOSS"],"items_purchased_type":["Card"],"build_version":"2020-12-22","purchased_purges":6,"victory":false,"max_hp_per_floor":[63,63,63,63,63,63,63,63,63,63,63,70,70,70,70,70,70,70,70,70,70,80,80,80,80,80,80,56,56,56,56,56,56,56,56,56,56,56,56,56,56,56,56,56,56,56,56,56,56,56,56],"card_choices":[{"not_picked":["Sucker Punch","Outmaneuver"],"picked":"Blade Dance","floor":1},{"not_picked":["Setup+1","Escape Plan+1"],"picked":"Quick Slash","floor":5},{"not_picked":["Prepared+1","Masterful Stab"],"picked":"Dash","floor":6},{"not_picked":["Expertise+1","Underhanded Strike"],"picked":"Dodge and Roll+1","floor":8},{"not_picked":["Flying Knee","Choke"],"picked":"Blade Dance+1","floor":10},{"not_picked":["Acrobatics+1","Skewer"],"picked":"Leg Sweep+1","floor":11},{"not_picked":["Sucker Punch","Bane"],"picked":"Die Die Die","floor":12},{"not_picked":["Deflect+1","Prepared+1"],"picked":"Finisher","floor":13},{"not_picked":["Catalyst+1","Outmaneuver+1"],"picked":"Infinite Blades","floor":14},{"not_picked":["Corpse Explosion+1","Malaise+1"],"picked":"Adrenaline+1","floor":16},{"not_picked":["Prepared+1","Expertise+1","Deadly Poison+1"],"picked":"SKIP","floor":18},{"not_picked":["Acrobatics+1","Bouncing Flask+1","Skewer"],"picked":"SKIP","floor":19},{"not_picked":["Prepared+1","Outmaneuver+1","Choke"],"picked":"SKIP","floor":20},{"not_picked":["Outmaneuver+1","Bane"],"picked":"Slice","floor":23},{"not_picked":["Distraction+1","Sucker Punch"],"picked":"Footwork+1","floor":24},{"not_picked":["Well Laid Plans","Dodge and Roll+1","Acrobatics+1"],"picked":"SKIP","floor":30},{"not_picked":["Prepared+1","Blade Dance+1"],"picked":"Cloak And Dagger+1","floor":31},{"not_picked":["infinitespire:Neurotoxin+1","aspiration:Lunge"],"picked":"Die Die Die","floor":33},{"not_picked":["Outmaneuver+1","Heel Hook"],"picked":"Blade Dance+1","floor":35},{"not_picked":["Calculated Gamble+1","Blade Dance+1"],"picked":"Cloak And Dagger+1","floor":37},{"not_picked":["Heel Hook","Outmaneuver+1"],"picked":"Deflect+1","floor":39},{"not_picked":["Flechettes+1","Grand Finale"],"picked":"Deflect+1","floor":40},{"not_picked":["Setup+1","Underhanded Strike","Dagger Throw+1"],"picked":"SKIP","floor":42},{"not_picked":["infinitespire:Collect","infinitespire:UltimateForm"],"picked":"infinitespire:Oblivion","floor":45},{"not_picked":["Dagger Spray","Quick Slash+1","Noxious Fumes"],"picked":"SKIP","floor":48}],"player_experience":334853,"relics_obtained":[{"floor":3,"key":"Akabeko"},{"floor":6,"key":"Omamori"},{"floor":9,"key":"Shuriken"},{"floor":12,"key":"Strawberry"},{"floor":23,"key":"infinitespire:WardingShard"},{"floor":26,"key":"Juzu Bracelet"},{"floor":30,"key":"Matryoshka"},{"floor":40,"key":"Whetstone"},{"floor":42,"key":"infinitespire:Lucky Rock"},{"floor":43,"key":"Oddly Smooth Stone"},{"floor":43,"key":"Bottled Tornado"}],"event_choices":[{"cards_removed":["Die Die Die"],"damage_healed":26,"gold_gain":0,"player_choice":"Offered Rare","damage_taken":0,"max_hp_gain":10,"max_hp_loss":0,"event_name":"Bonfire Elementals","floor":22,"gold_loss":0},{"damage_healed":0,"gold_gain":0,"player_choice":"Became a vampire","damage_taken":0,"max_hp_gain":0,"max_hp_loss":24,"event_name":"Vampires","floor":28,"gold_loss":0,"cards_obtained":["Bite","Bite","Bite","Bite","Bite"]},{"damage_healed":0,"gold_gain":0,"player_choice":"Ignored","damage_taken":0,"max_hp_gain":0,"max_hp_loss":0,"event_name":"Tomb of Lord Red Mask","floor":41,"gold_loss":0},{"cards_removed":["Defend_G"],"damage_healed":0,"gold_gain":0,"player_choice":"Purged","damage_taken":0,"max_hp_gain":0,"max_hp_loss":0,"event_name":"Purifier","floor":44,"gold_loss":0}],"is_beta":false,"boss_relics":[{"not_picked":["aspiration:RunicSpoon","Snecko Eye"],"picked":"Runic Pyramid"},{"not_picked":["Calling Bell","infinitespire:Cupcake"],"picked":"WristBlade"}],"items_purged_floors":[4,21,27,36,38,46],"is_endless":false,"potions_floor_spawned":[6,10,12,13,18,19,23,31,33,40,42],"killed_by":"Time Eater","ascension_level":4}}