{"host":"5bdt6s51dmpd4l3v","time":1608795269,"event":{"mods":["AchievementEnabler","BaseMod","Colored Map","Colored Powertips","Highlight Path","Minty Spire (QoL Compilation)","Quick Restart","Rare Cards Sparkle","StSLib"],"gold_per_floor":[118,136,136,136,151,151,151,164,164,183,183,215,215,240,240,240,240],"floor_reached":16,"playtime":343,"items_purged":[],"score":193,"play_id":"6733c347-9cd3-4483-97f6-9f8ff4216608","local_time":"20201224153429","is_ascension_mode":true,"campfire_choices":[{"data":"Flex","floor":6,"key":"SMITH"},{"data":"Shockwave","floor":11,"key":"SMITH"},{"data":"Berserk","floor":13,"key":"SMITH"},{"data":"Blood for Blood","floor":15,"key":"SMITH"}],"circlet_count":0,"master_deck":["AscendersBane","Strike_R","Strike_R","Strike_R","Strike_R","Strike_R","Defend_R","Defend_R","Defend_R","Bash","Flex+1","Rage","Combust","Shockwave+1","Berserk+1","Blood for Blood+1"],"relics":["Burning Blood","NeowsBlessing","Bottled Tornado","Ginger","Blood Vial"],"acts_visited":["Exordium"],"potions_floor_usage":[10,12,16],"damage_taken":[{"damage":0,"enemies":"2 Louse","floor":1,"turns":1},{"damage":0,"enemies":"Jaw Worm","floor":2,"turns":1},{"damage":0,"enemies":"Cultist","floor":5,"turns":1},{"damage":7,"enemies":"2 Fungi Beasts","floor":8,"turns":3},{"damage":14,"enemies":"Exordium Wildlife","floor":10,"turns":4},{"damage":5,"enemies":"Gremlin Nob","floor":12,"turns":3},{"damage":42,"enemies":"Lagavulin","floor":14,"turns":5},{"damage":36,"enemies":"The Guardian","floor":16,"turns":4}],"seed_played":"-3035307785450672249","potions_obtained":[{"floor":8,"key":"Energy Potion"},{"floor":10,"key":"SteroidPotion"},{"floor":12,"key":"SmokeBomb"},{"floor":14,"key":"SteroidPotion"}],"is_trial":false,"path_per_floor":["M","M","$","?","M","R","?","M","T","M","R","E","R","E","R","B"],"character_chosen":"IRONCLAD","items_purchased":[],"campfire_rested":0,"item_purchase_floors":[],"current_hp_per_floor":[74,75,75,75,75,75,75,74,74,66,66,67,67,31,31,0,0],"gold":240,"neow_bonus":"THREE_ENEMY_KILL","is_daily":false,"chose_seed":false,"campfire_upgraded":4,"win_rate":0.0,"timestamp":1608795269,"path_taken":["M","M","$","?","M","R","?","M","T","M","R","E","R","E","R","BOSS"],"items_purchased_type":[],"build_version":"2020-12-22","purchased_purges":0,"victory":false,"max_hp_per_floor":[75,75,75,75,75,75,75,75,75,75,75,75,75,75,75,75,75],"card_choices":[{"not_picked":["Armaments","Pommel Strike"],"picked":"Flex","floor":1},{"not_picked":["Cleave","Sever Soul"],"picked":"Rage","floor":2},{"not_picked":["Flex","Fire Breathing"],"picked":"Combust","floor":5},{"not_picked":["Perfected Strike","Sword Boomerang"],"picked":"Shockwave","floor":8},{"not_picked":["Havoc","Armaments","Clothesline"],"picked":"SKIP","floor":10},{"not_picked":["Shrug It Off","Rampage"],"picked":"Berserk","floor":12},{"not_picked":["Thunderclap","Flex"],"picked":"Blood for Blood","floor":14}],"player_experience":220083,"relics_obtained":[{"floor":9,"key":"Bottled Tornado"},{"floor":12,"key":"Ginger"},{"floor":14,"key":"Blood Vial"}],"event_choices":[{"damage_healed":0,"gold_gain":0,"player_choice":"Leave","damage_taken":0,"max_hp_gain":0,"max_hp_loss":0,"event_name":"The Cleric","floor":4,"gold_loss":0},{"cards_removed":["Defend_R"],"damage_healed":0,"gold_gain":0,"player_choice":"Offered Basic","damage_taken":0,"max_hp_gain":0,"max_hp_loss":0,"event_name":"Bonfire Elementals","floor":7,"gold_loss":0}],"is_beta":false,"boss_relics":[],"items_purged_floors":[],"is_endless":false,"potions_floor_spawned":[8,10,12,14],"killed_by":"The Guardian","ascension_level":15}}