{"host":"w3q5ijqu8eoknil3","time":1608847437,"event":{"mods":["Alarm Clock","BaseMod","Block Reminder","Colored Map","Colored Powertips","Curses Come First","Minty Spire (QoL Compilation)","Quick Restart","Relic Stats","StSLib","ojb\u0027s Better Paths Mod","ojb\u0027s Info Mod","slay the spire mod where everything is the same but ironclad has a cowboy hat"],"gold_per_floor":[117,117,133,146,146,146,177,202,227,267,267,276,301,324,324,427,427,417,440,36,45,67,114,114,29,29,29,29],"floor_reached":27,"playtime":848,"items_purged":[],"score":486,"play_id":"3035a047-2c03-43fa-af88-d2c19d50f35c","local_time":"20201224220357","is_ascension_mode":true,"campfire_choices":[{"data":"Sever Soul","floor":6,"key":"SMITH"},{"data":"Shockwave","floor":11,"key":"SMITH"},{"data":"Metallicize","floor":15,"key":"SMITH"},{"floor":24,"key":"REST"}],"circlet_count":0,"master_deck":["AscendersBane","Strike_R","Strike_R","Strike_R","Strike_R","Defend_R","Defend_R","Defend_R","Defend_R","Bash","Pommel Strike","Metallicize+1","Sever Soul+1","Shockwave+1","Cleave","Intimidate","Regret","Dark Embrace","Battle Trance","Impervious","Flex+1","True Grit","Sever Soul","Entrench","Burning Pact","Corruption"],"relics":["Burning Blood","NeowsBlessing","Golden Idol","Blood Vial","Red Skull","CeramicFish","Blue Candle","Sozu","PreservedInsect","Lee\u0027s Waffle","Anchor","Akabeko","Omamori"],"acts_visited":["Exordium","TheCity"],"potions_floor_usage":[7,7,7,10,14,16],"damage_taken":[{"damage":0,"enemies":"Jaw Worm","floor":1,"turns":1},{"damage":0,"enemies":"Cultist","floor":3,"turns":1},{"damage":0,"enemies":"2 Louse","floor":4,"turns":1},{"damage":5,"enemies":"Gremlin Nob","floor":7,"turns":3},{"damage":21,"enemies":"Large Slime","floor":8,"turns":6},{"damage":24,"enemies":"Lagavulin","floor":10,"turns":4},{"damage":1,"enemies":"2 Fungi Beasts","floor":13,"turns":3},{"damage":14,"enemies":"Lots of Slimes","floor":14,"turns":2},{"damage":32,"enemies":"The Guardian","floor":16,"turns":12},{"damage":13,"enemies":"2 Thieves","floor":18,"turns":4},{"damage":42,"enemies":"Chosen","floor":19,"turns":5},{"damage":40,"enemies":"3 Cultists","floor":22,"turns":6},{"damage":40,"enemies":"Book of Stabbing","floor":23,"turns":6},{"damage":44,"enemies":"Gremlin Leader","floor":27,"turns":4}],"seed_played":"-2415694604766482413","potions_obtained":[{"floor":1,"key":"Block Potion"},{"floor":2,"key":"EntropicBrew"},{"floor":8,"key":"Energy Potion"},{"floor":13,"key":"FearPotion"}],"is_trial":false,"path_per_floor":["M","?","M","M","?","R","E","M","T","E","R","?","M","M","R","B",null,"M","M","$","?","M","E","R","?","T","E"],"character_chosen":"IRONCLAD","items_purchased":["PreservedInsect","Lee\u0027s Waffle","Sever Soul"],"campfire_rested":1,"item_purchase_floors":[20,20,20],"current_hp_per_floor":[74,74,75,75,68,68,68,53,53,37,37,37,44,38,38,14,55,50,16,75,75,41,9,31,31,31,0,0],"gold":29,"neow_bonus":"THREE_ENEMY_KILL","is_daily":false,"chose_seed":false,"campfire_upgraded":3,"win_rate":0.0,"timestamp":1608847437,"path_taken":["M","?","?","M","?","R","E","M","T","E","R","?","M","M","R","BOSS","M","M","$","?","?","E","R","?","T","E"],"items_purchased_type":["Relic","Relic","Card"],"build_version":"2020-12-22","purchased_purges":0,"victory":false,"max_hp_per_floor":[75,75,75,75,68,68,68,68,68,68,68,68,68,68,68,68,68,68,68,75,75,75,75,75,75,75,75,75],"relic_stats":{"Blood Vial":16,"Sozu":3,"Lee\u0027s Waffle":59,"counters":[14,58],"Golden Idol":60,"CeramicFish":99,"Blue Candle":[9],"PreservedInsect":89,"obtain_stats":[{"Lee\u0027s Waffle":20,"NeowsBlessing":0,"Golden Idol":5,"CeramicFish":10,"Blue Candle":12,"PreservedInsect":20,"Omamori":26,"Burning Blood":0,"Akabeko":25,"Blood Vial":7,"Sozu":17,"Anchor":23,"Red Skull":9},{"Lee\u0027s Waffle":11,"NeowsBlessing":0,"Golden Idol":3,"CeramicFish":6,"Blue Candle":6,"PreservedInsect":11,"Omamori":13,"Burning Blood":0,"Akabeko":13,"Blood Vial":4,"Sozu":9,"Anchor":13,"Red Skull":5},{"Lee\u0027s Waffle":42,"NeowsBlessing":0,"Golden Idol":3,"CeramicFish":16,"Blue Candle":16,"PreservedInsect":42,"Omamori":54,"Burning Blood":0,"Akabeko":54,"Blood Vial":6,"Sozu":33,"Anchor":54,"Red Skull":12}],"Burning Blood":66},"card_choices":[{"not_picked":["Evolve","Dropkick"],"picked":"Pommel Strike","floor":1},{"not_picked":["Blood for Blood","Warcry"],"picked":"Metallicize","floor":3},{"not_picked":["Iron Wave","Combust"],"picked":"Sever Soul","floor":4},{"not_picked":["Body Slam","Searing Blow"],"picked":"Shockwave","floor":7},{"not_picked":["Intimidate","Dark Embrace"],"picked":"Cleave","floor":8},{"not_picked":["Shockwave","Sentinel"],"picked":"Intimidate","floor":10},{"not_picked":["Power Through","Flame Barrier"],"picked":"Dark Embrace","floor":13},{"not_picked":["Headbutt","Thunderclap"],"picked":"Battle Trance","floor":14},{"not_picked":["Exhume","Barricade"],"picked":"Impervious","floor":16},{"not_picked":["Body Slam","Anger"],"picked":"Flex+1","floor":18},{"not_picked":["Thunderclap","Warcry"],"picked":"True Grit","floor":19},{"not_picked":["Cleave","Warcry"],"picked":"Burning Pact","floor":22},{"not_picked":["Pommel Strike","Clash+1"],"picked":"Corruption","floor":23}],"player_experience":944043,"relics_obtained":[{"floor":7,"key":"Blood Vial"},{"floor":9,"key":"Red Skull"},{"floor":10,"key":"CeramicFish"},{"floor":23,"key":"Anchor"},{"floor":26,"key":"Omamori"}],"event_choices":[{"damage_healed":0,"gold_gain":0,"player_choice":"Got Potions","damage_taken":0,"max_hp_gain":0,"max_hp_loss":0,"event_name":"Lab","floor":2,"gold_loss":0},{"damage_healed":0,"gold_gain":0,"player_choice":"Lose Max HP","damage_taken":0,"relics_obtained":["Golden Idol"],"max_hp_gain":0,"max_hp_loss":7,"event_name":"Golden Idol","floor":5,"gold_loss":0},{"damage_healed":0,"gold_gain":0,"player_choice":"Box","damage_taken":0,"relics_obtained":["Blue Candle"],"max_hp_gain":0,"max_hp_loss":0,"event_name":"Big Fish","floor":12,"gold_loss":0,"cards_obtained":["Regret"]},{"damage_healed":0,"gold_gain":0,"cards_transformed":["Strike_R"],"player_choice":"Transformed","damage_taken":0,"max_hp_gain":0,"max_hp_loss":0,"event_name":"Transmorgrifier","floor":21,"gold_loss":0,"cards_obtained":["Entrench"]},{"damage_healed":0,"gold_gain":0,"player_choice":"Obtained Relic","damage_taken":0,"relics_obtained":["Akabeko"],"max_hp_gain":0,"max_hp_loss":0,"event_name":"Addict","floor":25,"gold_loss":85}],"is_beta":false,"boss_relics":[{"not_picked":["Ectoplasm","SacredBark"],"picked":"Sozu"}],"items_purged_floors":[],"is_endless":false,"potions_floor_spawned":[1,4,8,13,19,22,23],"killed_by":"Gremlin Leader","ascension_level":20}}