{"host":"jewdtr7eremy7cl3","time":1608789838,"event":{"mods":["ATMod(阿瑾Mod)","Act Like it!","BaseMod","Dota2Spire","Gensokyo","Lobotomy","LobotomyExtend","Minty Spire (QoL Compilation)","Remilia（蕾米莉亚）","Spicy Shops","StSLib","The Alterego","The Forsaken","The Servant 0.9.4","TheWitcher","WarShipGirlsR/战舰少女R mod","【东方二次创作】八云紫mod"],"gold_per_floor":[271,271,92,92,107,136,136,36,84,96,96],"floor_reached":10,"playtime":639,"items_purged":[],"score":64,"play_id":"d46ac21c-9f15-4a9a-8540-0fdab220fa42","local_time":"20201224140358","is_ascension_mode":false,"campfire_choices":[],"circlet_count":0,"master_deck":["Strike_S","Strike_S","Strike_S","Strike_S","Defend_S","Defend_S","Defend_S","Defend_S","Exchange","OSAHOGD","ShiftingGears","Gensokyo:TarnishedGold","OldLady","Spin","Bloodbath","Ricochet","Injury"],"relics":["Uniform","AT_ATBox","CogitoBucket","LetterFromLob","Pan","Happy Flower","Dota2Spire:EtherealBlade","Strawberry","Frozen Egg 2","MawBank"],"acts_visited":["Gensokyo:Gensokyo"],"potions_floor_usage":[],"damage_taken":[{"damage":8,"enemies":"Gensokyo:Gryphon","floor":1,"turns":4},{"damage":13,"enemies":"Gensokyo:3_Fairies","floor":5,"turns":5},{"damage":27,"enemies":"Gensokyo:Cirno","floor":6,"turns":6},{"damage":23,"enemies":"Gensokyo:Aya","floor":10,"turns":3}],"seed_played":"-8071976272284539164","potions_obtained":[],"is_trial":false,"path_per_floor":["M","?","COS","?","M","E","?","$","T","E"],"character_chosen":"THE_SERVANT","items_purchased":["Frozen Egg 2"],"campfire_rested":0,"item_purchase_floors":[8],"current_hp_per_floor":[57,61,61,61,48,21,18,18,18,0,0],"gold":96,"neow_bonus":"","is_daily":false,"chose_seed":false,"campfire_upgraded":0,"win_rate":0.0,"timestamp":1608789838,"path_taken":["M","?","COS","?","M","E","?","?","T","E"],"items_purchased_type":["Relic"],"build_version":"2020-12-22","purchased_purges":0,"victory":false,"max_hp_per_floor":[65,65,65,65,65,65,72,72,72,72,72],"card_choices":[{"not_picked":["UniverseFragment","FairyFestival"],"picked":"OSAHOGD","floor":1},{"not_picked":["TimeWarp","Alleviate"],"picked":"ShiftingGears","floor":1},{"not_picked":["CherryBlossoms","Porccubus"],"picked":"OldLady","floor":5},{"not_picked":["Alleviate","Defy"],"picked":"Spin","floor":5},{"not_picked":["Woodsman","MHz","CherryBlossoms"],"picked":"Singing Bowl","floor":6},{"not_picked":["Murderer","SpiderBud"],"picked":"Bloodbath","floor":6},{"not_picked":["Initiator","Potential"],"picked":"Ricochet","floor":6}],"player_experience":119718,"relics_obtained":[{"floor":1,"key":"LetterFromLob"},{"floor":6,"key":"Dota2Spire:EtherealBlade"},{"floor":9,"key":"MawBank"}],"event_choices":[],"is_beta":false,"boss_relics":[],"items_purged_floors":[],"is_endless":false,"potions_floor_spawned":[],"killed_by":"Gensokyo:Aya","ascension_level":0}}