{"host":"nj4msrt0z6tj4wtb","time":1608801098,"event":{"mods":["AchievementEnabler","BaseMod","Colored Map","Colored Powertips","DeckTracker","Highlight Path","Minty Spire (QoL Compilation)","Quick Restart","Random Character Button","StSLib","SuperFastMode"],"gold_per_floor":[116,116,128,128,142,142,176,189,212,243,216,216,63,79,79,179,179,193,206,93,8,8,37,127,127,153,163,183,213,226,238,238,339,339,356,356,183,200,220,220,255,255,278,278,278,297,322,334,334,334,334,334,5,30,30],"floor_reached":56,"playtime":3836,"items_purged":["Strike_R","Strike_R"],"score":1570,"play_id":"b577d4ec-0794-445d-84c7-cacc6e402c1e","local_time":"20201224181138","is_ascension_mode":true,"campfire_choices":[{"data":"Bash","floor":6.0,"key":"SMITH"},{"floor":15.0,"key":"REST"},{"data":"Barricade","floor":25.0,"key":"SMITH"},{"floor":32.0,"key":"REST"},{"floor":40.0,"key":"RECALL"},{"floor":44.0,"key":"REST"},{"floor":49.0,"key":"REST"},{"floor":52.0,"key":"REST"}],"circlet_count":0,"master_deck":["Defend_R","Defend_R","Defend_R","Defend_R+1","Bash+1","Cleave+1","Feel No Pain+1","Flex","Battle Trance+1","Pummel","Shrug It Off","Evolve","Barricade+1","Reckless Charge+1","Inflame","Pommel Strike+1","Second Wind","Rampage","Armaments+1","Seeing Red","Body Slam","Entrench","Clothesline+1","Thunderclap+1","Shrug It Off+1","Offering","Disarm+1"],"relics":["Burning Blood","Centennial Puzzle","War Paint","Pen Nib","Omamori","TheAbacus","SlaversCollar","Art of War","Eternal Feather","Ancient Tea Set","Dream Catcher","Fusion Hammer","Shuriken","Self Forming Clay","Sundial","StoneCalendar"],"acts_visited":["TheCity","TheBeyond","TheEnding"],"potions_floor_usage":[],"damage_taken":[{"damage":2.0,"enemies":"Small Slimes","floor":1.0,"turns":5.0},{"damage":3.0,"enemies":"2 Louse","floor":3.0,"turns":2.0},{"damage":1.0,"enemies":"Cultist","floor":5.0,"turns":3.0},{"damage":41.0,"enemies":"Gremlin Nob","floor":7.0,"turns":5.0},{"damage":1.0,"enemies":"2 Fungi Beasts","floor":8.0,"turns":2.0},{"damage":23.0,"enemies":"Lagavulin","floor":10.0,"turns":5.0},{"damage":0.0,"enemies":"Looter","floor":14.0,"turns":4.0},{"damage":17.0,"enemies":"The Guardian","floor":16.0,"turns":12.0},{"damage":22.0,"enemies":"Shell Parasite","floor":18.0,"turns":6.0},{"damage":17.0,"enemies":"2 Thieves","floor":19.0,"turns":5.0},{"damage":29.0,"enemies":"Slavers","floor":23.0,"turns":5.0},{"damage":2.0,"enemies":"Cultist and Chosen","floor":27.0,"turns":5.0},{"damage":8.0,"enemies":"Snecko","floor":28.0,"turns":6.0},{"damage":34.0,"enemies":"Book of Stabbing","floor":29.0,"turns":8.0},{"damage":3.0,"enemies":"Centurion and Healer","floor":30.0,"turns":7.0},{"damage":6.0,"enemies":"Sentry and Sphere","floor":31.0,"turns":8.0},{"damage":0.0,"enemies":"Champ","floor":33.0,"turns":15.0},{"damage":0.0,"enemies":"Orb Walker","floor":35.0,"turns":3.0},{"damage":11.0,"enemies":"3 Shapes","floor":38.0,"turns":6.0},{"damage":10.0,"enemies":"Maw","floor":39.0,"turns":8.0},{"damage":5.0,"enemies":"Giant Head","floor":41.0,"turns":7.0},{"damage":16.0,"enemies":"Jaw Worm Horde","floor":46.0,"turns":5.0},{"damage":39.0,"enemies":"Reptomancer","floor":47.0,"turns":5.0},{"damage":26.0,"enemies":"Spire Growth","floor":48.0,"turns":4.0},{"damage":32.0,"enemies":"Awakened One","floor":50.0,"turns":11.0},{"damage":38.0,"enemies":"Shield and Spear","floor":54.0,"turns":9.0},{"damage":38,"enemies":"The Heart","floor":55,"turns":13}],"seed_played":"-5805166970383531663","potions_obtained":[{"floor":5.0,"key":"FairyPotion"},{"floor":7.0,"key":"DuplicationPotion"},{"floor":18.0,"key":"EntropicBrew"},{"floor":23.0,"key":"PowerPotion"},{"floor":27.0,"key":"BloodPotion"},{"floor":30.0,"key":"SpeedPotion"},{"floor":47.0,"key":"Energy Potion"}],"is_trial":false,"path_per_floor":["M","?","M","?","M","R","E","M","T","E","?","T","$","M","R","B",null,"M","M","$","?","?","E","?","R","T","M","M","E","M","M","R","B",null,"M","?","$","M","M","R","E","?","T","R","?","M","E","M","R","B",null,"R","$","E","B",null],"character_chosen":"IRONCLAD","items_purchased":["TheAbacus","Inflame","Seeing Red","Sundial","Offering"],"campfire_rested":5,"item_purchase_floors":[13,20,37,53,53],"current_hp_per_floor":[72,65,68,54,59,59,24,29,29,12,12,12,12,18,39,28,72,56,45,45,45,45,22,10,19,19,23,35,7,10,10,43,49,72,72,72,72,67,63,72,72,72,72,72,72,62,29,9,42,16,72,72,72,40,8],"gold":30,"neow_bonus":"REMOVE_TWO","is_daily":false,"chose_seed":false,"campfire_upgraded":2,"win_rate":0.0,"timestamp":1608801098,"path_taken":["M","?","M","?","M","R","E","M","T","E","?","?","$","M","R","BOSS","M","M","$","?","?","E","?","R","T","?","M","E","M","M","R","BOSS","M","?","$","M","M","R","E","?","T","R","?","M","E","M","R","BOSS","R","$","E","BOSS"],"items_purchased_type":["Relic","Card","Card","Relic","Card"],"build_version":"2020-12-22","purchased_purges":2,"victory":true,"max_hp_per_floor":[72,72,72,72,72,72,72,72,72,72,72,72,72,72,72,72,72,72,72,72,72,72,72,72,72,72,72,72,72,72,72,72,72,72,72,72,72,72,72,72,72,72,72,72,72,72,72,72,72,72,72,72,72,72,72],"card_choices":[{"not_picked":["Sword Boomerang","Dropkick"],"picked":"Cleave","floor":1.0},{"not_picked":["Iron Wave","Flex"],"picked":"Feel No Pain","floor":3.0},{"not_picked":["Clash","Pummel"],"picked":"Flex","floor":5.0},{"not_picked":["Headbutt","Armaments"],"picked":"Battle Trance","floor":7.0},{"not_picked":["Warcry","Havoc"],"picked":"Pummel","floor":8.0},{"not_picked":["Pommel Strike","Bloodletting"],"picked":"Shrug It Off","floor":10.0},{"not_picked":["Demon Form","Disarm"],"picked":"Evolve","floor":14.0},{"not_picked":["Fiend Fire","Corruption"],"picked":"Barricade","floor":16.0},{"not_picked":["Warcry","Pommel Strike"],"picked":"Reckless Charge+1","floor":18.0},{"not_picked":["Pommel Strike","Searing Blow","Anger"],"picked":"SKIP","floor":19.0},{"not_picked":["Clash","Flex","Dual Wield"],"picked":"SKIP","floor":23.0},{"not_picked":["Clothesline","Havoc"],"picked":"Pommel Strike+1","floor":27.0},{"not_picked":["Havoc","Double Tap"],"picked":"Rage","floor":28.0},{"not_picked":["Corruption","Heavy Blade"],"picked":"Second Wind","floor":29.0},{"not_picked":["Perfected Strike","Rage"],"picked":"Rampage","floor":30.0},{"not_picked":["Twin Strike","Warcry+1","Dual Wield"],"picked":"SKIP","floor":31.0},{"not_picked":["Clothesline+1","Warcry"],"picked":"Armaments+1","floor":32.0},{"not_picked":["Double Tap","Impervious"],"picked":"Corruption","floor":33.0},{"not_picked":["Heavy Blade+1","Flex","Clash+1"],"picked":"SKIP","floor":35.0},{"not_picked":["Sword Boomerang","Reckless Charge","Armaments"],"picked":"SKIP","floor":38.0},{"not_picked":["Warcry","Clothesline+1"],"picked":"Body Slam","floor":39.0},{"not_picked":["Pummel+1","True Grit"],"picked":"Entrench","floor":41.0},{"not_picked":["Pommel Strike","Inflame"],"picked":"Clothesline+1","floor":44.0},{"not_picked":["Disarm","Heavy Blade","Pommel Strike+1"],"picked":"SKIP","floor":46.0},{"not_picked":["True Grit","Flex+1"],"picked":"Thunderclap+1","floor":47.0},{"not_picked":["Combust+1","Barricade","Flex+1"],"picked":"SKIP","floor":48.0},{"not_picked":["Body Slam","Heavy Blade+1"],"picked":"Shrug It Off+1","floor":52.0},{"not_picked":["Ghostly Armor+1","True Grit"],"picked":"Disarm+1","floor":54.0}],"player_experience":616280,"relics_obtained":[{"floor":7.0,"key":"Centennial Puzzle"},{"floor":9.0,"key":"War Paint"},{"floor":10.0,"key":"Pen Nib"},{"floor":12.0,"key":"Omamori"},{"floor":23.0,"key":"Eternal Feather"},{"floor":26.0,"key":"Ancient Tea Set"},{"floor":29.0,"key":"Dream Catcher"},{"floor":41.0,"key":"Shuriken"},{"floor":47.0,"key":"Self Forming Clay"},{"floor":54.0,"key":"StoneCalendar"}],"event_choices":[{"cards_removed":["Strike_R"],"damage_healed":0.0,"max_hp_gain":0.0,"max_hp_loss":0.0,"gold_gain":0.0,"event_name":"Golden Wing","player_choice":"Card Removal","floor":2.0,"gold_loss":0.0,"damage_taken":7.0},{"damage_healed":0.0,"max_hp_gain":0.0,"max_hp_loss":0.0,"gold_gain":0.0,"event_name":"Shining Light","player_choice":"Entered Light","floor":4.0,"gold_loss":0.0,"damage_taken":14.0,"cards_upgraded":["Cleave","Feel No Pain"]},{"damage_healed":0.0,"max_hp_gain":0.0,"max_hp_loss":0.0,"gold_gain":0.0,"event_name":"World of Goop","player_choice":"Left Gold","floor":11.0,"gold_loss":27.0,"damage_taken":0.0},{"damage_healed":0.0,"max_hp_gain":0.0,"max_hp_loss":0.0,"gold_gain":0.0,"event_name":"Addict","player_choice":"Obtained Relic","floor":21.0,"gold_loss":85.0,"damage_taken":0.0,"relics_obtained":["Art of War"]},{"damage_healed":0.0,"max_hp_gain":0.0,"max_hp_loss":0.0,"gold_gain":0.0,"event_name":"Ghosts","player_choice":"Ignored","floor":22.0,"gold_loss":0.0,"damage_taken":0.0},{"damage_healed":0.0,"max_hp_gain":0.0,"max_hp_loss":0.0,"gold_gain":90.0,"event_name":"Knowing Skull","player_choice":"GOLD ","floor":24.0,"potions_obtained":[],"gold_loss":0.0,"damage_taken":12.0,"cards_obtained":[]},{"damage_healed":0.0,"max_hp_gain":0.0,"max_hp_loss":0.0,"gold_gain":0.0,"event_name":"SensoryStone","player_choice":"Memory 1","floor":36.0,"gold_loss":0.0,"damage_taken":0.0},{"cards_removed":["Rage"],"damage_healed":0.0,"max_hp_gain":0.0,"max_hp_loss":0.0,"gold_gain":0.0,"event_name":"Falling","player_choice":"Removed Skill","floor":42.0,"gold_loss":0.0,"damage_taken":0.0},{"cards_removed":["Corruption"],"damage_healed":0.0,"max_hp_gain":0.0,"max_hp_loss":0.0,"gold_gain":0.0,"event_name":"Purifier","player_choice":"Purged","floor":45.0,"gold_loss":0.0,"damage_taken":0.0}],"is_beta":false,"boss_relics":[{"not_picked":["Calling Bell","Runic Pyramid"],"picked":"SlaversCollar"},{"not_picked":["Pandora\u0027s Box","SacredBark"],"picked":"Fusion Hammer"}],"items_purged_floors":[20,37],"is_endless":false,"potions_floor_spawned":[5,7,18,23,27,30,33,38,39,41,47,48],"ascension_level":1}}