{"host":"zekcc3vicrep0och","time":1608816349,"event":{"mods":["AchievementEnabler","BaseMod","Colored Map","Colored Powertips","Displayed Cursed Tome","Minty Spire (QoL Compilation)","Relic Stats","StSLib"],"gold_per_floor":[111,129,129,148,0,26,26,54,54,83,83,96,107,133,133,207,207,220,135,135,146,146,180,199,234,288,298,330,350,350,367,367,441,441,453,473,492,492,237,266,284,313,313,313,341,361,395,426,438,450],"floor_reached":51,"playtime":4613,"items_purged":["Regret","Strike_B"],"score":1572,"play_id":"1be2ad76-f3d7-4a99-8da6-6aa79fa3f22f","local_time":"20201224162549","is_ascension_mode":true,"campfire_choices":[{"data":"Biased Cognition","floor":7.0,"key":"SMITH"},{"floor":15.0,"key":"REST"},{"data":"Buffer","floor":30.0,"key":"SMITH"},{"data":"Hologram","floor":32.0,"key":"SMITH"},{"data":"Defragment","floor":44,"key":"SMITH"},{"data":"Loop","floor":49,"key":"SMITH"}],"circlet_count":0,"master_deck":["AscendersBane","Strike_B","Defend_B","Defend_B","Defend_B","Defend_B","Zap","Dualcast","Biased Cognition+1","Lockon","Cold Snap","Double Energy","Coolheaded","Compile Driver","Buffer+1","Defragment+1","Seek","Chill","BootSequence","Melter","Reinforced Body","Conserve Battery","Hologram+1","White Noise","White Noise","Parasite","Glacier+1","Self Repair","Undo+1","Reboot","Ball Lightning+1","Tempest","Echo Form","Skim+1","Writhe","Compile Driver+1","Lockon+1","Loop+1"],"relics":["Cracked Core","Ginger","Pantograph","Oddly Smooth Stone","Prayer Wheel","StrikeDummy","Regal Pillow","Cursed Key","Pocketwatch","CultistMask","Ice Cream","Gremlin Horn","Happy Flower","Akabeko","Sozu","Chemical X","Letter Opener","Question Card","Dream Catcher","White Beast Statue","MawBank"],"acts_visited":["Exordium","TheCity","TheBeyond"],"potions_floor_usage":[],"damage_taken":[{"damage":0.0,"enemies":"Small Slimes","floor":1.0,"turns":3.0},{"damage":2.0,"enemies":"Jaw Worm","floor":2.0,"turns":3.0},{"damage":8.0,"enemies":"2 Louse","floor":4.0,"turns":3.0},{"damage":9.0,"enemies":"3 Sentries","floor":6.0,"turns":6.0},{"damage":3.0,"enemies":"Gremlin Nob","floor":8.0,"turns":4.0},{"damage":12.0,"enemies":"3 Sentries","floor":10.0,"turns":7.0},{"damage":5.0,"enemies":"Looter","floor":12.0,"turns":3.0},{"damage":0.0,"enemies":"Gremlin Gang","floor":13.0,"turns":4.0},{"damage":11.0,"enemies":"Gremlin Nob","floor":14.0,"turns":4.0},{"damage":22.0,"enemies":"Slime Boss","floor":16.0,"turns":12.0},{"damage":0.0,"enemies":"Spheric Guardian","floor":18.0,"turns":3.0},{"damage":21.0,"enemies":"2 Thieves","floor":21.0,"turns":4.0},{"damage":16.0,"enemies":"Book of Stabbing","floor":23.0,"turns":7.0},{"damage":0.0,"enemies":"Chosen and Byrds","floor":24.0,"turns":5.0},{"damage":1.0,"enemies":"Slavers","floor":25.0,"turns":8.0},{"damage":0.0,"enemies":"3 Cultists","floor":27.0,"turns":2.0},{"damage":0.0,"enemies":"Book of Stabbing","floor":28.0,"turns":6.0},{"damage":0.0,"enemies":"Cultist and Chosen","floor":29.0,"turns":6.0},{"damage":0.0,"enemies":"Snecko","floor":31.0,"turns":7.0},{"damage":0.0,"enemies":"Champ","floor":33.0,"turns":14.0},{"damage":11,"enemies":"3 Darklings","floor":35,"turns":5},{"damage":0,"enemies":"3 Shapes","floor":36,"turns":5},{"damage":11,"enemies":"Writhing Mass","floor":37,"turns":3},{"damage":3,"enemies":"Reptomancer","floor":40,"turns":8},{"damage":0,"enemies":"Spire Growth","floor":41,"turns":5},{"damage":18,"enemies":"Nemesis","floor":42,"turns":5},{"damage":1,"enemies":"Reptomancer","floor":45,"turns":4},{"damage":0,"enemies":"3 Darklings","floor":46,"turns":6},{"damage":21,"enemies":"Nemesis","floor":47,"turns":7},{"damage":0,"enemies":"Transient","floor":48,"turns":5},{"damage":31,"enemies":"Time Eater","floor":50,"turns":11}],"seed_played":"5125394164371920353","potions_obtained":[{"floor":2.0,"key":"Block Potion"},{"floor":10.0,"key":"FearPotion"},{"floor":12.0,"key":"BlessingOfTheForge"},{"floor":14.0,"key":"EssenceOfSteel"},{"floor":16.0,"key":"Energy Potion"},{"floor":18.0,"key":"ColorlessPotion"},{"floor":23.0,"key":"FearPotion"},{"floor":24.0,"key":"Block Potion"},{"floor":31.0,"key":"Swift Potion"},{"floor":33.0,"key":"SteroidPotion"}],"is_trial":false,"path_per_floor":["M","M","?","M","$","E","R","E","T","E","$","M","M","E","R","B",null,"M","?","?","M","?","E","M","E","T","M","E","M","R","M","R","B",null,"M","M","M","?","$","E","M","E","T","R","E","M","E","M","R","B",null],"character_chosen":"DEFECT","items_purchased":["DistilledChaos","Chemical X"],"campfire_rested":1,"item_purchase_floors":[5,39],"current_hp_per_floor":[64,62,62,54,54,45,45,42,42,30,30,25,25,14,50,49,66,66,66,66,45,45,29,29,28,28,28,28,35,35,42,42,71,71,67,71,60,60,60,71,71,67,67,67,71,71,64,71,71,40],"gold":462,"neow_bonus":"ONE_RANDOM_RARE_CARD","is_daily":false,"chose_seed":false,"campfire_upgraded":5,"win_rate":0.0,"timestamp":1608816349,"path_taken":["M","M","?","M","$","E","R","E","T","E","?","M","M","E","R","BOSS","M","?","?","M","?","E","?","E","T","M","E","M","R","M","R","BOSS","M","M","M","?","$","E","M","E","T","R","E","M","E","M","R","BOSS"],"items_purchased_type":["Potion","Relic"],"build_version":"2020-12-22","purchased_purges":2,"victory":true,"max_hp_per_floor":[71,71,71,71,71,71,71,71,71,71,71,71,71,71,71,71,71,71,71,71,71,71,71,71,71,71,71,71,71,71,71,71,71,71,71,71,71,71,71,71,71,71,71,71,71,71,71,71,71,71],"relic_stats":{"Regal Pillow":15,"Gremlin Horn":[19,19],"Happy Flower":[33],"counters":[31,175],"Ginger":[23],"Letter Opener":[176],"Cursed Key":2,"Question Card":6,"MawBank":48,"Sozu":6,"Dream Catcher":0,"Pantograph":46,"Prayer Wheel":14,"Chemical X":[10],"obtain_stats":[{"Ice Cream":23,"Regal Pillow":14,"Gremlin Horn":25,"Happy Flower":26,"Oddly Smooth Stone":8,"Ginger":3,"Letter Opener":40,"Cursed Key":17,"Question Card":42,"MawBank":47,"Akabeko":28,"White Beast Statue":45,"Sozu":34,"Dream Catcher":43,"Pantograph":6,"Prayer Wheel":9,"CultistMask":22,"Chemical X":39,"Cracked Core":0,"StrikeDummy":10,"Pocketwatch":19},{"Ice Cream":13,"Regal Pillow":9,"Gremlin Horn":15,"Happy Flower":15,"Oddly Smooth Stone":5,"Ginger":2,"Letter Opener":24,"Cursed Key":10,"Question Card":26,"MawBank":29,"Akabeko":17,"White Beast Statue":27,"Sozu":20,"Dream Catcher":26,"Pantograph":4,"Prayer Wheel":5,"CultistMask":12,"Chemical X":23,"Cracked Core":0,"StrikeDummy":6,"Pocketwatch":11},{"Ice Cream":63,"Regal Pillow":37,"Gremlin Horn":76,"Happy Flower":76,"Oddly Smooth Stone":19,"Ginger":6,"Letter Opener":132,"Cursed Key":49,"Question Card":142,"MawBank":159,"Akabeko":84,"White Beast Statue":146,"Sozu":111,"Dream Catcher":142,"Pantograph":15,"Prayer Wheel":19,"CultistMask":56,"Chemical X":124,"Cracked Core":0,"StrikeDummy":26,"Pocketwatch":52}],"Pocketwatch":[72]},"card_choices":[{"not_picked":["Coolheaded","Storm"],"picked":"Lockon","floor":1.0},{"not_picked":["Streamline","Barrage","Reprogram"],"picked":"SKIP","floor":2.0},{"not_picked":["Steam","Gash"],"picked":"Cold Snap","floor":4.0},{"not_picked":["Stack","Aggregate","Biased Cognition"],"picked":"SKIP","floor":6.0},{"not_picked":["Lockon","Rip and Tear"],"picked":"Double Energy","floor":8.0},{"not_picked":["Thunder Strike","Gash"],"picked":"Coolheaded","floor":10.0},{"not_picked":["Steam","Rip and Tear"],"picked":"Go for the Eyes","floor":12.0},{"not_picked":["Barrage","Sweeping Beam","Turbo"],"picked":"SKIP","floor":12.0},{"not_picked":["Consume","Gash"],"picked":"Compile Driver","floor":13.0},{"not_picked":["Sweeping Beam","Streamline"],"picked":"Buffer","floor":13.0},{"not_picked":["Force Field","Static Discharge"],"picked":"Defragment","floor":14.0},{"not_picked":["Buffer","Meteor Strike"],"picked":"Seek","floor":16.0},{"not_picked":["Turbo","Self Repair"],"picked":"Chill","floor":18.0},{"not_picked":["Turbo+1","Cold Snap"],"picked":"BootSequence","floor":18.0},{"not_picked":["Beam Cell","Rebound"],"picked":"Conserve Battery","floor":21.0},{"not_picked":["Rip and Tear","Gash","Scrape"],"picked":"SKIP","floor":21.0},{"not_picked":["Cold Snap","Rip and Tear"],"picked":"Hologram","floor":23.0},{"not_picked":["Coolheaded","Ball Lightning"],"picked":"White Noise","floor":24.0},{"not_picked":["Conserve Battery","Barrage"],"picked":"White Noise","floor":24.0},{"not_picked":["Rainbow","Darkness","Chill"],"picked":"SKIP","floor":25.0},{"not_picked":["Streamline","Conserve Battery"],"picked":"Glacier+1","floor":27.0},{"not_picked":["Conserve Battery","Cold Snap","Sweeping Beam"],"picked":"SKIP","floor":27.0},{"not_picked":["Static Discharge","Skim"],"picked":"Self Repair","floor":28.0},{"not_picked":["Sweeping Beam","Genetic Algorithm"],"picked":"Undo+1","floor":29.0},{"not_picked":["Sweeping Beam","Turbo","Undo"],"picked":"SKIP","floor":29.0},{"not_picked":["Melter","Doom and Gloom","Force Field"],"picked":"SKIP","floor":31.0},{"not_picked":["Cold Snap","Glacier","Barrage"],"picked":"SKIP","floor":31.0},{"not_picked":["Seek","Amplify"],"picked":"Reboot","floor":33.0},{"not_picked":["Hologram","Steam"],"picked":"Ball Lightning+1","floor":35},{"not_picked":["Rebound+1","Reprogram","Storm"],"picked":"SKIP","floor":35},{"not_picked":["Steam","Sweeping Beam"],"picked":"Tempest","floor":36},{"not_picked":["Redo","Barrage","Hologram"],"picked":"SKIP","floor":36},{"not_picked":["Rip and Tear","Chill"],"picked":"Echo Form","floor":37},{"not_picked":["Leap","Streamline","Self Repair"],"picked":"SKIP","floor":37},{"not_picked":["Go for the Eyes","Self Repair"],"picked":"Skim+1","floor":40},{"not_picked":["Genetic Algorithm+1","Force Field","Barrage"],"picked":"SKIP","floor":41},{"not_picked":["BootSequence","Heatsinks","Turbo+1"],"picked":"SKIP","floor":41},{"not_picked":["Lockon","Scrape+1","Cold Snap"],"picked":"SKIP","floor":42},{"not_picked":["Reprogram","Compile Driver","Melter","Leap"],"picked":"SKIP","floor":45},{"not_picked":["Steam+1","Beam Cell","Go for the Eyes"],"picked":"Compile Driver+1","floor":46},{"not_picked":["Leap+1","Melter+1","Redo"],"picked":"Lockon+1","floor":46},{"not_picked":["Genetic Algorithm","Self Repair+1","Echo Form"],"picked":"Loop","floor":47},{"not_picked":["Coolheaded","Streamline+1","Melter+1","Darkness"],"picked":"SKIP","floor":48},{"not_picked":["Stack+1","Storm+1","Rebound","Capacitor"],"picked":"SKIP","floor":48}],"player_experience":458504,"relics_obtained":[{"floor":6.0,"key":"Pantograph"},{"floor":8.0,"key":"Oddly Smooth Stone"},{"floor":9.0,"key":"Prayer Wheel"},{"floor":10.0,"key":"StrikeDummy"},{"floor":14.0,"key":"Regal Pillow"},{"floor":23.0,"key":"Ice Cream"},{"floor":25.0,"key":"Gremlin Horn"},{"floor":26.0,"key":"Happy Flower"},{"floor":28.0,"key":"Akabeko"},{"floor":40,"key":"Letter Opener"},{"floor":42,"key":"Question Card"},{"floor":43,"key":"Dream Catcher"},{"floor":45,"key":"White Beast Statue"},{"floor":47,"key":"MawBank"}],"event_choices":[{"damage_healed":0.0,"max_hp_gain":0.0,"max_hp_loss":0.0,"gold_gain":0.0,"event_name":"Big Fish","player_choice":"Box","floor":3.0,"gold_loss":0.0,"damage_taken":0.0,"relics_obtained":["Ginger"],"cards_obtained":["Regret"]},{"damage_healed":0.0,"max_hp_gain":0.0,"max_hp_loss":0.0,"gold_gain":0.0,"event_name":"Addict","player_choice":"Obtained Relic","floor":19.0,"gold_loss":85.0,"damage_taken":0.0,"relics_obtained":["Pocketwatch"]},{"damage_healed":0.0,"max_hp_gain":0.0,"max_hp_loss":0.0,"gold_gain":0.0,"cards_transformed":["Go for the Eyes","Strike_B"],"event_name":"Drug Dealer","player_choice":"Became Test Subject","floor":20.0,"gold_loss":0.0,"damage_taken":0.0,"cards_obtained":["Melter","Reinforced Body"]},{"damage_healed":0.0,"max_hp_gain":0.0,"max_hp_loss":0.0,"gold_gain":0.0,"event_name":"FaceTrader","player_choice":"Trade","floor":22.0,"gold_loss":0.0,"damage_taken":0.0,"relics_obtained":["CultistMask"]},{"cards_removed":["Strike_B"],"damage_healed":0,"gold_gain":0,"player_choice":"Purged","damage_taken":0,"max_hp_gain":0,"max_hp_loss":0,"event_name":"Purifier","floor":38,"gold_loss":0}],"is_beta":false,"boss_relics":[{"not_picked":["Black Star","SlaversCollar"],"picked":"Cursed Key"},{"not_picked":["Busted Crown","Runic Pyramid"],"picked":"Sozu"}],"items_purged_floors":[5,39],"is_endless":false,"potions_floor_spawned":[2,10,12,14,16,18,23,24,31,33,35,42,45,46,47,48],"ascension_level":15}}