{"host":"baymyijz6sxaqj5s","time":1608798854,"event":{"mods":["AchievementEnabler","BaseMod","Colored Map","Colored Powertips","DeckTracker","KOR Keyword Fix","Keyboard Shortcuts","Minty Spire (QoL Compilation)","Quick Restart","StSLib","SuperFastMode"],"gold_per_floor":[119,119,134,146,165,165,177,232,232,262,262,274,274,239,239,343,393,409,422,337,337,337,337,337,337,337,366,378,132,132,152,152,152,152],"floor_reached":33,"playtime":1340,"items_purged":["Strike_G"],"score":282,"play_id":"5081760d-0f98-40fa-a559-2786153cacb9","local_time":"20201224173414","is_ascension_mode":true,"campfire_choices":[{"data":"Neutralize","floor":6,"key":"SMITH"},{"floor":11,"key":"REST"},{"data":"Deadly Poison","floor":13,"key":"SMITH"},{"data":"Catalyst","floor":15,"key":"SMITH"},{"floor":23,"key":"REST"},{"data":"Backflip","floor":25,"key":"SMITH"},{"data":"Dodge and Roll","floor":28,"key":"SMITH"},{"data":"Poisoned Stab","floor":30,"key":"SMITH"},{"data":"Blur","floor":32,"key":"SMITH"}],"circlet_count":0,"master_deck":["Strike_G","Strike_G","Strike_G","Defend_G","Defend_G","Defend_G","Defend_G+1","Defend_G","Survivor","Neutralize+1","Deadly Poison+1","Heel Hook","Deflect","Catalyst+1","Dodge and Roll+1","Outmaneuver+1","Poisoned Stab+1","Burst","Backflip+1","Noxious Fumes","Flying Knee+1","Quick Slash","Terror","Blur+1"],"relics":["Ring of the Snake","MealTicket","Gremlin Horn","WingedGreaves","Tiny House","Regal Pillow","MawBank","Anchor"],"acts_visited":["Exordium","TheCity"],"potions_floor_usage":[8,8,8,12,19,19,27,33],"damage_taken":[{"damage":1,"enemies":"Jaw Worm","floor":1,"turns":5},{"damage":2,"enemies":"Cultist","floor":3,"turns":5},{"damage":1,"enemies":"2 Louse","floor":4,"turns":3},{"damage":2,"enemies":"Looter","floor":5,"turns":4},{"damage":4,"enemies":"2 Fungi Beasts","floor":7,"turns":5},{"damage":0,"enemies":"Lagavulin Event","floor":8,"turns":5},{"damage":20,"enemies":"Lagavulin","floor":10,"turns":7},{"damage":3,"enemies":"Blue Slaver","floor":12,"turns":5},{"damage":21,"enemies":"The Guardian","floor":16,"turns":9},{"damage":23,"enemies":"Chosen","floor":18,"turns":7},{"damage":22,"enemies":"3 Byrds","floor":19,"turns":5},{"damage":3,"enemies":"Snake Plant","floor":27,"turns":4},{"damage":0,"enemies":"Cultist and Chosen","floor":31,"turns":5},{"damage":93,"enemies":"Automaton","floor":33,"turns":14}],"seed_played":"7554966161900690307","potions_obtained":[{"floor":1,"key":"SkillPotion"},{"floor":5,"key":"PowerPotion"},{"floor":7,"key":"LiquidBronze"},{"floor":10,"key":"Fruit Juice"},{"floor":17,"key":"Energy Potion"},{"floor":18,"key":"LiquidMemories"},{"floor":19,"key":"Fruit Juice"},{"floor":27,"key":"LiquidMemories"}],"is_trial":false,"path_per_floor":["M","?","M","M","M","R","M","?","T","E","R","M","R","?","R","B",null,"M","M","?","?","?","R","?","R","T","M","R","$","R","M","R","B"],"character_chosen":"THE_SILENT","items_purchased":["Terror","Anchor"],"campfire_rested":2,"item_purchase_floors":[29,29],"current_hp_per_floor":[76,76,74,73,71,71,67,67,67,47,70,72,72,82,82,61,87,64,42,42,42,42,83,83,83,83,85,85,92,92,92,92,0,0],"gold":152,"neow_bonus":"TEN_PERCENT_HP_BONUS","is_daily":false,"chose_seed":false,"campfire_upgraded":7,"win_rate":0.0,"timestamp":1608798854,"path_taken":["M","?","M","M","M","R","?","?","T","E","R","M","R","?","R","BOSS","M","M","?","?","?","R","?","R","T","M","R","$","R","M","R","BOSS"],"items_purchased_type":["Card","Relic"],"build_version":"2020-12-22","purchased_purges":1,"victory":false,"max_hp_per_floor":[77,77,77,77,77,77,77,77,77,77,77,82,82,82,82,82,87,87,87,87,87,87,87,87,87,87,92,92,92,92,92,92,92,92],"card_choices":[{"not_picked":["Calculated Gamble","Well Laid Plans"],"picked":"Deadly Poison","floor":1},{"not_picked":["Choke","Backstab","Accuracy"],"picked":"SKIP","floor":3},{"not_picked":["Slice","Dagger Throw"],"picked":"Heel Hook","floor":4},{"not_picked":["Reflex","Backstab"],"picked":"Deflect","floor":5},{"not_picked":["Bane","Underhanded Strike"],"picked":"Catalyst","floor":7},{"not_picked":["Dagger Throw","Riddle With Holes"],"picked":"Dodge and Roll","floor":8},{"not_picked":["Dodge and Roll","Quick Slash"],"picked":"Outmaneuver","floor":10},{"not_picked":["Endless Agony","Dodge and Roll"],"picked":"Poisoned Stab","floor":12},{"not_picked":["Tools of the Trade","Unload"],"picked":"Burst","floor":16},{"not_picked":["Flechettes","Poisoned Stab"],"picked":"Backflip","floor":17},{"not_picked":["Cloak And Dagger","Blade Dance"],"picked":"Noxious Fumes","floor":18},{"not_picked":["Backflip","Footwork"],"picked":"Flying Knee+1","floor":19},{"not_picked":["Dodge and Roll","Eviscerate"],"picked":"Quick Slash","floor":27},{"not_picked":["Cloak And Dagger","Quick Slash"],"picked":"Blur","floor":31}],"player_experience":216835,"relics_obtained":[{"floor":8,"key":"MealTicket"},{"floor":9,"key":"Gremlin Horn"},{"floor":10,"key":"WingedGreaves"},{"floor":26,"key":"MawBank"}],"event_choices":[{"cards_removed":["Strike_G"],"damage_healed":0,"gold_gain":0,"player_choice":"Purged","damage_taken":0,"max_hp_gain":0,"max_hp_loss":0,"event_name":"Purifier","floor":2,"gold_loss":0},{"damage_healed":0,"gold_gain":0,"player_choice":"Searched \u00272\u0027 times","damage_taken":0,"max_hp_gain":0,"max_hp_loss":0,"event_name":"Dead Adventurer","floor":8,"gold_loss":0},{"damage_healed":20,"gold_gain":0,"player_choice":"Healed","damage_taken":0,"max_hp_gain":0,"max_hp_loss":0,"event_name":"The Cleric","floor":14,"gold_loss":35},{"damage_healed":0,"gold_gain":0,"player_choice":"Obtained Relic","damage_taken":0,"relics_obtained":["Regal Pillow"],"max_hp_gain":0,"max_hp_loss":0,"event_name":"Addict","floor":20,"gold_loss":85},{"damage_healed":0,"gold_gain":0,"player_choice":"Ignored","damage_taken":0,"max_hp_gain":0,"max_hp_loss":0,"event_name":"Ghosts","floor":21,"gold_loss":0},{"damage_healed":0,"gold_gain":0,"player_choice":"Ignored","damage_taken":0,"max_hp_gain":0,"max_hp_loss":0,"event_name":"Vampires","floor":22,"gold_loss":0},{"damage_healed":0,"gold_gain":0,"player_choice":"Forge","damage_taken":0,"max_hp_gain":0,"max_hp_loss":0,"event_name":"Accursed Blacksmith","floor":24,"gold_loss":0,"cards_upgraded":["Outmaneuver"]}],"is_beta":false,"boss_relics":[{"not_picked":["Black Star","Calling Bell"],"picked":"Tiny House"}],"items_purged_floors":[29],"is_endless":false,"potions_floor_spawned":[1,5,7,10,18,19,27],"killed_by":"Automaton","ascension_level":1}}