{"host":"yp47u74hk6n79vj1","time":1608771586,"event":{"mods":["BaseMod","Minty Spire (QoL Compilation)"],"gold_per_floor":[109,109,109,109,132,172,172,207,232,248,281,231,255,27,27,27,27],"floor_reached":16,"playtime":633,"items_purged":["Strike_B"],"score":124,"play_id":"39a99b70-0d40-4ca6-a850-50513c6a2a30","local_time":"20201223195946","is_ascension_mode":true,"campfire_choices":[{"floor":15,"key":"REST"}],"circlet_count":0,"master_deck":["Strike_B","Strike_B","Defend_B","Defend_B","Defend_B","Zap","Dualcast","Conserve Battery","Loop","Conserve Battery","Streamline"],"relics":["Cracked Core","Happy Flower","Golden Idol","Centennial Puzzle","Matryoshka","Tiny Chest","MealTicket","Runic Capacitor"],"acts_visited":["Exordium"],"potions_floor_usage":[6,6],"damage_taken":[{"damage":1,"enemies":"Cultist","floor":1,"turns":4},{"damage":1,"enemies":"Jaw Worm","floor":5,"turns":4},{"damage":15,"enemies":"3 Sentries","floor":6,"turns":6},{"damage":35,"enemies":"Gremlin Nob","floor":8,"turns":5},{"damage":1,"enemies":"2 Louse","floor":10,"turns":3},{"damage":20,"enemies":"3 Sentries","floor":11,"turns":9},{"damage":1,"enemies":"2 Fungi Beasts","floor":13,"turns":3},{"damage":48,"enemies":"Slime Boss","floor":16,"turns":7}],"seed_played":"5065265514881167608","potions_obtained":[{"floor":1,"key":"SneckoOil"},{"floor":5,"key":"PowerPotion"}],"is_trial":false,"path_per_floor":["M","?","?","?","M","E","?","E","T","M","E","?","M","$","R","B"],"character_chosen":"DEFECT","items_purchased":["Runic Capacitor"],"campfire_rested":1,"item_purchase_floors":[14],"current_hp_per_floor":[81,81,74,54,53,38,65,30,30,29,9,9,8,23,47,0,0],"gold":27,"neow_bonus":"TEN_PERCENT_HP_BONUS","is_daily":false,"chose_seed":false,"campfire_upgraded":0,"win_rate":0.0,"timestamp":1608771586,"path_taken":["M","?","?","?","M","E","?","E","T","M","E","?","M","$","R","BOSS"],"items_purchased_type":["Relic"],"build_version":"2020-12-22","purchased_purges":1,"victory":false,"max_hp_per_floor":[82,82,82,82,82,82,82,82,82,82,82,82,82,82,82,82,82],"card_choices":[{"not_picked":["Reprogram","Cold Snap","Stack"],"picked":"SKIP","floor":1},{"not_picked":["Ball Lightning","Stack"],"picked":"Conserve Battery","floor":5},{"not_picked":["Leap","Seek"],"picked":"Loop","floor":6},{"not_picked":["Aggregate","Gash","Beam Cell"],"picked":"SKIP","floor":8},{"not_picked":["Cold Snap","Lockon"],"picked":"Conserve Battery","floor":10},{"not_picked":["Scrape","Chill","Reprogram"],"picked":"SKIP","floor":11},{"not_picked":["Force Field","Ball Lightning"],"picked":"Streamline","floor":13}],"player_experience":496470,"relics_obtained":[{"floor":6,"key":"Centennial Puzzle"},{"floor":8,"key":"Matryoshka"},{"floor":9,"key":"Tiny Chest"},{"floor":11,"key":"MealTicket"}],"event_choices":[{"cards_removed":["Strike_B"],"damage_healed":0,"gold_gain":0,"player_choice":"Forget","damage_taken":0,"max_hp_gain":0,"max_hp_loss":0,"event_name":"Living Wall","floor":2,"gold_loss":0},{"damage_healed":0,"gold_gain":0,"player_choice":"Success","damage_taken":7,"relics_obtained":["Happy Flower"],"max_hp_gain":0,"max_hp_loss":0,"event_name":"Scrap Ooze","floor":3,"gold_loss":0},{"damage_healed":0,"gold_gain":0,"player_choice":"Take Damage","damage_taken":20,"relics_obtained":["Golden Idol"],"max_hp_gain":0,"max_hp_loss":0,"event_name":"Golden Idol","floor":4,"gold_loss":0},{"damage_healed":27,"gold_gain":0,"player_choice":"Banana","damage_taken":0,"max_hp_gain":0,"max_hp_loss":0,"event_name":"Big Fish","floor":7,"gold_loss":0},{"cards_removed":["Defend_B"],"damage_healed":0,"gold_gain":0,"player_choice":"Card Removal","damage_taken":0,"max_hp_gain":0,"max_hp_loss":0,"event_name":"The Cleric","floor":12,"gold_loss":50}],"is_beta":false,"boss_relics":[],"items_purged_floors":[14],"is_endless":false,"potions_floor_spawned":[1,5],"killed_by":"Slime Boss","ascension_level":1}}