{"host":"12piqfhmdln9x2la","time":1608832319,"event":{"mods":["2.2 Compatiblity","AchievementEnabler","BaseMod","BetterRewards","Colored Powertips","Minty Spire (QoL Compilation)","Quick Restart","SuperFastMode"],"gold_per_floor":[110,110,35,46,46,46,84,84,84,120,133,208,208,288,288,288,288],"floor_reached":16,"playtime":181,"items_purged":["Strike_R"],"score":144,"play_id":"763b746d-6bb9-4dbf-9e39-5aac8decd68c","local_time":"20201225025159","is_ascension_mode":true,"campfire_choices":[{"floor":6,"key":"RECALL"},{"data":"Seeing Red","floor":8,"key":"SMITH"},{"data":"Heavy Blade","floor":13,"key":"SMITH"},{"data":"Seeing Red","floor":15,"key":"SMITH"}],"circlet_count":0,"master_deck":["Strike_R","Strike_R","Strike_R+1","Strike_R","Defend_R","Defend_R","Defend_R+1","Defend_R","Bash","Thunderclap","Seeing Red+1","Heavy Blade+1","Seeing Red+1"],"relics":["Burning Blood","NeowsBlessing","Golden Idol","Eternal Feather","Happy Flower","Sundial"],"acts_visited":["Exordium"],"potions_floor_usage":[16],"damage_taken":[{"damage":0,"enemies":"Small Slimes","floor":1,"turns":1},{"damage":0,"enemies":"2 Louse","floor":4,"turns":1},{"damage":0,"enemies":"Gremlin Nob","floor":7,"turns":1},{"damage":27,"enemies":"3 Sentries","floor":10,"turns":10},{"damage":6,"enemies":"Jaw Worm","floor":11,"turns":3},{"damage":47,"enemies":"The Guardian","floor":16,"turns":7}],"seed_played":"-366254997456224002","potions_obtained":[{"floor":1,"key":"Energy Potion"},{"floor":10,"key":"BlessingOfTheForge"}],"is_trial":false,"path_per_floor":["M","?","$","M","?","R","E","R","T","E","M","?","R","T","R","B"],"character_chosen":"IRONCLAD","items_purchased":[],"campfire_rested":0,"item_purchase_floors":[],"current_hp_per_floor":[80,64,64,70,50,50,56,62,62,41,41,30,36,36,42,0,0],"gold":288,"neow_bonus":"THREE_ENEMY_KILL","is_daily":false,"chose_seed":false,"campfire_upgraded":3,"win_rate":0.0,"timestamp":1608832319,"path_taken":["M","?","$","M","?","R","E","R","T","E","M","?","R","?","R","BOSS"],"items_purchased_type":[],"build_version":"2020-12-22","purchased_purges":1,"victory":false,"max_hp_per_floor":[80,80,80,80,80,80,80,80,80,80,80,80,80,80,80,80,80],"card_choices":[{"not_picked":["Dropkick","Warcry"],"picked":"Thunderclap","floor":1},{"not_picked":["Disarm","Battle Trance","Perfected Strike"],"picked":"SKIP","floor":4},{"not_picked":["Shrug It Off","Havoc"],"picked":"Seeing Red","floor":7},{"not_picked":["Havoc","Wild Strike"],"picked":"Heavy Blade","floor":10},{"not_picked":["Clash","Anger"],"picked":"Seeing Red","floor":11}],"player_experience":119244,"relics_obtained":[{"floor":7,"key":"Eternal Feather"},{"floor":10,"key":"Happy Flower"},{"floor":14,"key":"Sundial"}],"event_choices":[{"damage_healed":0,"gold_gain":0,"player_choice":"Entered Light","damage_taken":16,"max_hp_gain":0,"max_hp_loss":0,"event_name":"Shining Light","floor":2,"gold_loss":0,"cards_upgraded":["Defend_R","Strike_R"]},{"damage_healed":0,"gold_gain":0,"player_choice":"Take Damage","damage_taken":20,"relics_obtained":["Golden Idol"],"max_hp_gain":0,"max_hp_loss":0,"event_name":"Golden Idol","floor":5,"gold_loss":0},{"damage_healed":0,"gold_gain":75,"player_choice":"Gather Gold","damage_taken":11,"max_hp_gain":0,"max_hp_loss":0,"event_name":"World of Goop","floor":12,"gold_loss":0}],"is_beta":false,"boss_relics":[],"items_purged_floors":[3],"is_endless":false,"potions_floor_spawned":[1,10],"killed_by":"The Guardian","ascension_level":2}}