{"host":"08nxni9rwzvm98vp","time":1608801069,"event":{"mods":["AchievementEnabler","BaseMod","Card Forge","Colored Powertips","Googly Eyes","Highlight Path","Marisa£¨Ùöéë¡¡Øª×âÞÞ£©","Minty Spire (QoL Compilation)","Quick Restart","Rare Cards Sparkle","StSLib","SuperFastMode"],"gold_per_floor":[112,112,129,144,144,144,176,10,10,10,42,42,67,84,84,179,179,190,190,190,208,219,219,244,256,281,218,236,151,101,121,121,224,224,240,240,87,104,118,118,138,138,138,138,138,168,15,26,26,26,26],"floor_reached":50,"playtime":3221,"items_purged":["Strike_MRS","Strike_MRS","Strike_MRS","Defend_MRS"],"score":562,"play_id":"795033cb-5111-49ca-91ac-353888fd711e","local_time":"20201224181109","is_ascension_mode":true,"campfire_choices":[{"data":"ShootingEcho","floor":6.0,"key":"SMITH"},{"data":"DoubleSpark","floor":10.0,"key":"SMITH"},{"data":"PowerUp","floor":12.0,"key":"SMITH"},{"floor":15.0,"key":"REST"},{"data":"OortCloud","floor":23.0,"key":"SMITH"},{"data":"ShootingEcho","floor":32.0,"key":"SMITH"},{"data":"MillisecondPulsars","floor":40,"key":"SMITH"},{"data":"AsteroidBelt","floor":42,"key":"SMITH"},{"data":"PowerUp","floor":44,"key":"SMITH"},{"data":"WitchLeyline","floor":49,"key":"SMITH"}],"circlet_count":0,"master_deck":["Strike_MRS","Defend_MRS","Defend_MRS+1","Defend_MRS+1","MasterSpark+1","UpSweep","ShootingEcho+1","PowerUp+1","DoubleSpark+1","PowerUp+1","OortCloud+1","WitchLeyline","PowerUp+1","PropBag+1","BlazingStar+1","ShootingEcho+1","AsteroidBelt+1","MillisecondPulsars+1","OortCloud+1","WitchLeyline+1","SporeBomb+1"],"relics":["MiniHakkero","Hammer of Thor","Seething Fire","Anvil of the Gods","Boot","Membership Card","Eternal Feather","Orichalcum","Thread and Needle","Coffee Dripper","AmplifyWand","Sundial","PreservedInsect","Art of War","Sozu","Whetstone","War Paint","Bag of Preparation","Gremlin Horn"],"acts_visited":["Exordium","TheCity","TheBeyond"],"potions_floor_usage":[33,33,33],"damage_taken":[{"damage":5.0,"enemies":"Small Slimes","floor":1.0,"turns":4.0},{"damage":6.0,"enemies":"Cultist","floor":3.0,"turns":3.0},{"damage":7.0,"enemies":"2 Louse","floor":4.0,"turns":3.0},{"damage":26.0,"enemies":"Lagavulin","floor":7.0,"turns":7.0},{"damage":9.0,"enemies":"3 Sentries","floor":11.0,"turns":4.0},{"damage":19.0,"enemies":"Gremlin Nob","floor":13.0,"turns":4.0},{"damage":19.0,"enemies":"Gremlin Gang","floor":14.0,"turns":6.0},{"damage":26.0,"enemies":"The Guardian","floor":16.0,"turns":12.0},{"damage":0.0,"enemies":"3 Byrds","floor":18.0,"turns":6.0},{"damage":9.0,"enemies":"Shell Parasite","floor":21.0,"turns":4.0},{"damage":8.0,"enemies":"Centurion and Healer","floor":22.0,"turns":5.0},{"damage":44.0,"enemies":"Gremlin Leader","floor":24.0,"turns":8.0},{"damage":0.0,"enemies":"Shelled Parasite and Fungi","floor":25.0,"turns":2.0},{"damage":6.0,"enemies":"Chosen and Byrds","floor":28.0,"turns":5.0},{"damage":3.0,"enemies":"Snake Plant","floor":31.0,"turns":5.0},{"damage":21,"enemies":"Collector","floor":33,"turns":14},{"damage":1,"enemies":"3 Shapes","floor":35,"turns":4},{"damage":4,"enemies":"3 Darklings","floor":38,"turns":8},{"damage":2,"enemies":"Sphere and 2 Shapes","floor":39,"turns":6},{"damage":0,"enemies":"Jaw Worm Horde","floor":41,"turns":3},{"damage":50,"enemies":"Nemesis","floor":46,"turns":7},{"damage":0,"enemies":"3 Darklings","floor":48,"turns":6},{"damage":72,"enemies":"Donu and Deca","floor":50,"turns":10}],"seed_played":"-4002808692222204075","potions_obtained":[{"floor":2.0,"key":"Swift Potion"},{"floor":2.0,"key":"Strength Potion"},{"floor":2.0,"key":"LiquidBronze"},{"floor":18.0,"key":"AttackPotion"},{"floor":21.0,"key":"BlessingOfTheForge"},{"floor":24.0,"key":"ColorlessPotion"}],"is_trial":false,"path_per_floor":["M","?","M","M","?","R","E","$","T","R","E","R","E","M","R","B",null,"M","?","?","M","M","R","E","M","T","$","M","?","$","M","R","B",null,"M","?","$","M","M","R","M","R","T","R","?","E","$","M","R","B"],"character_chosen":"MARISA","items_purchased":["Membership Card","MagicAbsorber","ShootingEcho","Whetstone","WitchLeyline","Bag of Preparation"],"campfire_rested":1,"item_purchase_floors":[8,8,27,37,37,47],"current_hp_per_floor":[77,77,71,64,64,64,38,38,38,44,35,44,25,6,39,13,82,82,82,82,73,65,74,30,30,30,30,24,24,24,21,33,12,82,81,81,81,77,75,82,82,82,82,82,82,32,32,44,56,0,0],"gold":26,"neow_bonus":"TEN_PERCENT_HP_BONUS","is_daily":false,"chose_seed":false,"campfire_upgraded":9,"win_rate":0.0,"timestamp":1608801069,"path_taken":["M","?","M","?","?","R","E","$","T","R","E","R","E","?","R","BOSS","M","?","?","M","M","R","E","M","T","$","?","?","$","M","R","BOSS","M","?","$","M","M","R","?","R","T","R","?","E","$","?","R","BOSS"],"items_purchased_type":["Relic","Card","Card","Relic","Card","Relic"],"build_version":"2020-12-22","purchased_purges":4,"victory":false,"max_hp_per_floor":[82,82,82,82,82,82,82,82,82,82,82,82,82,82,82,82,82,82,82,82,82,82,82,82,82,82,82,82,82,82,82,82,82,82,82,82,82,82,82,82,82,82,82,82,82,82,82,82,82,82,82],"card_choices":[{"not_picked":["MeteoricShower","6A"],"picked":"ShootingEcho","floor":1.0},{"not_picked":["DC","Acceleration"],"picked":"PowerUp","floor":3.0},{"not_picked":["EventHorizon","Acceleration","GravityBeat"],"picked":"SKIP","floor":4.0},{"not_picked":["MilkyWay","EarthLightRay"],"picked":"DoubleSpark","floor":7.0},{"not_picked":["ChargingUp","BlazeAway"],"picked":"PowerUp","floor":11.0},{"not_picked":["BlazeAway","StarBarrage"],"picked":"OortCloud","floor":13.0},{"not_picked":["SuperPerseids","DC","DarkSpark"],"picked":"SKIP","floor":14.0},{"not_picked":["MagicChant","IllusionStar"],"picked":"WitchLeyline","floor":18.0},{"not_picked":["GalacticHalo","AlicesGift"],"picked":"PowerUp","floor":21.0},{"not_picked":["MysteriousBeam","NonDirectionalLaser+1"],"picked":"PropBag+1","floor":22.0},{"not_picked":["MagicAbsorber","NonDirectionalLaser"],"picked":"BlazingStar","floor":24.0},{"not_picked":["AlicesGift+1","6A","GravityBeat"],"picked":"SKIP","floor":25.0},{"not_picked":["GrandCross+1","6A"],"picked":"AsteroidBelt","floor":28.0},{"not_picked":["AlicesGift","DoubleSpark+1","PowerUp"],"picked":"SKIP","floor":31.0},{"not_picked":["JA","CollectingQuirk"],"picked":"MillisecondPulsars","floor":33},{"not_picked":["IllusionStar","Acceleration","FairyDestructionRay"],"picked":"SKIP","floor":35},{"not_picked":["Acceleration","GalacticHalo+1"],"picked":"SporeBomb+1","floor":38},{"not_picked":["DC","Singularity+1","Occultation+1"],"picked":"SKIP","floor":39},{"not_picked":["PowerUp","OpenUniverse+1","PropBag"],"picked":"SKIP","floor":41},{"not_picked":["StarDustReverie","MysteriousBeam","AlicesGift+1"],"picked":"SKIP","floor":46},{"not_picked":["Acceleration+1","DC+1","OpenUniverse"],"picked":"SKIP","floor":48}],"player_experience":638081,"relics_obtained":[{"floor":7.0,"key":"Boot"},{"floor":9.0,"key":"Eternal Feather"},{"floor":11.0,"key":"Orichalcum"},{"floor":13.0,"key":"Thread and Needle"},{"floor":24.0,"key":"Sundial"},{"floor":26.0,"key":"PreservedInsect"},{"floor":46,"key":"War Paint"}],"event_choices":[{"damage_healed":0.0,"max_hp_gain":0.0,"max_hp_loss":0.0,"gold_gain":0.0,"event_name":"Lab","player_choice":"Got Potions","floor":2.0,"gold_loss":0.0,"damage_taken":0.0},{"damage_healed":0.0,"max_hp_gain":0.0,"max_hp_loss":0.0,"gold_gain":0.0,"event_name":"Accursed Blacksmith","player_choice":"Forge","floor":5.0,"gold_loss":0.0,"damage_taken":0.0,"cards_upgraded":["PowerUp"]},{"damage_healed":0.0,"max_hp_gain":0.0,"max_hp_loss":0.0,"gold_gain":0.0,"event_name":"Ghosts","player_choice":"Ignored","floor":19.0,"gold_loss":0.0,"damage_taken":0.0},{"damage_healed":0.0,"max_hp_gain":0.0,"max_hp_loss":0.0,"gold_gain":0.0,"event_name":"WeMeetAgain","player_choice":"Gave Potion","floor":20.0,"gold_loss":0.0,"damage_taken":0.0,"relics_obtained":["AmplifyWand"]},{"damage_healed":0.0,"max_hp_gain":0.0,"max_hp_loss":0.0,"gold_gain":0.0,"event_name":"Addict","player_choice":"Obtained Relic","floor":29.0,"gold_loss":85.0,"damage_taken":0.0,"relics_obtained":["Art of War"]},{"damage_healed":0,"gold_gain":0,"player_choice":"Copied","damage_taken":0,"max_hp_gain":0,"max_hp_loss":0,"event_name":"Duplicator","floor":36,"gold_loss":0,"cards_obtained":["OortCloud"]},{"cards_removed":["MagicAbsorber"],"damage_healed":0,"gold_gain":0,"player_choice":"Offered Uncommon","damage_taken":0,"max_hp_gain":0,"max_hp_loss":0,"event_name":"Bonfire Elementals","floor":45,"gold_loss":0}],"is_beta":false,"boss_relics":[{"not_picked":["Fusion Hammer","Runic Pyramid"],"picked":"Coffee Dripper"},{"not_picked":["Pandora\u0027s Box","Black Star"],"picked":"Sozu"}],"items_purged_floors":[27,30,37,47],"is_endless":false,"potions_floor_spawned":[1,11,14,18,21,24,28,35,41,46],"killed_by":"Donu and Deca","ascension_level":1}}