{"host":"lkdeywpzrzegufot","time":1608836261,"event":{"mods":["BaseMod","Colored Map","Downfall","Minty Spire (QoL Compilation)","StSLib"],"gold_per_floor":[99,113,128,45,45,64,64,77,2,31,112,212,258,268,287,386,386,386,405,405,210,210,96,168,93,93,93,93],"floor_reached":26,"playtime":1527,"items_purged":["Slimebound:Strike_Slimebound"],"score":229,"play_id":"0cd0339c-8abe-440b-855e-3aa0229d84ac","local_time":"20201224195741","is_ascension_mode":false,"campfire_choices":[{"floor":1,"key":"RECALL"},{"data":"Slimebound:MassRepurpose","floor":9,"key":"SMITH"},{"data":"Slimebound:Overexert","floor":18,"key":"SMITH"},{"data":"Slimebound:Split","floor":25,"key":"SMITH"}],"circlet_count":0,"master_deck":["Slimebound:Strike_Slimebound","Slimebound:Strike_Slimebound","Slimebound:Tackle","Slimebound:Defend_Slimebound","Slimebound:Defend_Slimebound","Slimebound:Defend_Slimebound","Slimebound:Defend_Slimebound","Slimebound:Split+1","Slimebound:CorrosiveSpit","Slimebound:LeechingTouch","Slimebound:LeechEnergy","Slimebound:Overexert+1","Slimebound:FirmFortitude+1","Slimebound:SplitBruiser","Slimebound:MassRepurpose+1","Slimebound:SplitBruiser","Slimebound:SplitLeeching","Slimebound:SamplingLick","Slimebound:LeechLife","Slimebound:BestDefense","Slimebound:RainOfGoop","Slimebound:Dissolve+1","Slimebound:Schlurp","Slimebound:ViciousTackle","Slimebound:ComboTackle","Slimebound:LeadByExample","Slimebound:SplitAcid"],"relics":["Slimebound:AbsorbEndCombat","Happy Flower","Strawberry","downfall:HeartBlessingRed","Kunai","Ornamental Fan","Pen Nib","SlaversCollar","downfall:HeartBlessingBlue"],"acts_visited":["Exordium","TheCity"],"potions_floor_usage":[10,15,16,16],"damage_taken":[{"damage":10,"enemies":"Jaw Worm","floor":2,"turns":3},{"damage":8,"enemies":"Cultist","floor":3,"turns":4},{"damage":12,"enemies":"downfall:FleeingMerchant","floor":4,"turns":4},{"damage":0,"enemies":"Small Slimes","floor":6,"turns":3},{"damage":10,"enemies":"Blue Slaver","floor":8,"turns":2},{"damage":12,"enemies":"Gremlin Nob","floor":10,"turns":4},{"damage":12,"enemies":"Exordium Thugs","floor":14,"turns":4},{"damage":12,"enemies":"Blue Slaver","floor":15,"turns":2},{"damage":36,"enemies":"downfall:Ironclad","floor":16,"turns":8},{"damage":38,"enemies":"3 Byrds","floor":19,"turns":4},{"damage":15,"enemies":"downfall:FleeingMerchant","floor":21,"turns":4},{"damage":15,"enemies":"downfall:FleeingMerchant","floor":23,"turns":4},{"damage":74,"enemies":"Gremlin Leader","floor":26,"turns":4}],"seed_played":"3228414582354784053","potions_obtained":[{"floor":2,"key":"BlessingOfTheForge"},{"floor":10,"key":"DuplicationPotion"},{"floor":14,"key":"SkillPotion"},{"floor":15,"key":"SteroidPotion"}],"is_trial":false,"path_per_floor":["R","M","M","$","?","M","T","M","R","E","T","?","T","M","M","B",null,"R","M","?","$","?","$","T","R","E"],"character_chosen":"SLIMEBOUND","items_purchased":["Slimebound:FirmFortitude","Slimebound:Schlurp","Slimebound:ViciousTackle","Slimebound:LeadByExample","Slimebound:SplitAcid"],"campfire_rested":0,"item_purchase_floors":[4,21,21,23,23],"current_hp_per_floor":[60,56,58,52,52,58,65,59,59,67,67,67,67,63,57,45,67,67,37,37,46,46,53,53,63,0,0,0],"gold":93,"neow_bonus":"RANDOM_COMMON_RELIC","is_daily":false,"chose_seed":false,"campfire_upgraded":3,"win_rate":0.0,"timestamp":1608836261,"path_taken":["R","M","M","$","?","?","T","M","R","E","?","?","?","M","M","BOSS","R","M","?","$","?","$","T","R","E"],"items_purchased_type":["Card","Card","Card","Card","Card"],"build_version":"2020-12-22","purchased_purges":1,"victory":false,"max_hp_per_floor":[60,60,60,60,60,60,67,67,67,67,67,67,67,67,67,67,67,67,67,67,67,67,67,67,77,77,77,77],"card_choices":[{"not_picked":["Slimebound:ForwardTackle","Slimebound:Schlurp"],"picked":"Slimebound:LeechingTouch","floor":2},{"not_picked":["Slimebound:ItLooksTasty","Slimebound:SlimeTap"],"picked":"Slimebound:LeechEnergy","floor":3},{"not_picked":["Slimebound:SplitAcid","Slimebound:LivingWall"],"picked":"Slimebound:Overexert","floor":4},{"not_picked":["Slimebound:GoopSpray","Slimebound:FirmFortitude"],"picked":"Slimebound:SplitBruiser","floor":6},{"not_picked":["Slimebound:GoopSpray","Slimebound:SplitAcid"],"picked":"Slimebound:MassRepurpose","floor":8},{"not_picked":["Slimebound:ProtectTheBoss","Slimebound:SlimeSlap"],"picked":"Slimebound:SplitBruiser","floor":10},{"not_picked":["Slimebound:GoopTackle","Slimebound:ComboTackle"],"picked":"Slimebound:SplitLeeching","floor":14},{"not_picked":["Slimebound:GoopSpray","Slimebound:ProtectTheBoss"],"picked":"Slimebound:SamplingLick","floor":15},{"not_picked":["Slimebound:MassRepurpose","Slimebound:SlimeSlap"],"picked":"Slimebound:LeechLife","floor":16},{"not_picked":["Slimebound:SamplingLick","Slimebound:FlameTackle"],"picked":"Slimebound:BestDefense","floor":19},{"not_picked":["Slimebound:FinishingTackle+1","Slimebound:Overexert"],"picked":"Slimebound:Dissolve+1","floor":21},{"not_picked":["Slimebound:SplitAcid","Slimebound:SamplingLick"],"picked":"Slimebound:ComboTackle","floor":23}],"player_experience":961,"relics_obtained":[{"floor":7,"key":"Strawberry"},{"floor":10,"key":"Kunai"},{"floor":11,"key":"Ornamental Fan"},{"floor":13,"key":"Pen Nib"}],"event_choices":[{"damage_healed":0,"gold_gain":0,"player_choice":"Upgraded","damage_taken":0,"max_hp_gain":0,"max_hp_loss":0,"event_name":"Upgrade Shrine","floor":5,"gold_loss":0,"cards_upgraded":["Slimebound:FirmFortitude"]},{"damage_healed":0,"gold_gain":0,"player_choice":"Read","damage_taken":0,"max_hp_gain":0,"max_hp_loss":0,"event_name":"The Library","floor":20,"gold_loss":0,"cards_obtained":["Slimebound:RainOfGoop"]},{"damage_healed":0,"gold_gain":0,"player_choice":"Ignored","damage_taken":0,"max_hp_gain":0,"max_hp_loss":0,"event_name":"Ghosts","floor":22,"gold_loss":0}],"is_beta":false,"boss_relics":[{"not_picked":["Runic Pyramid","Fusion Hammer"],"picked":"SlaversCollar"}],"items_purged_floors":[21],"is_endless":false,"potions_floor_spawned":[2,10,14,15],"killed_by":"Gremlin Leader","ascension_level":0}}