{"host":"5dk97cf2ubw2v967","time":1608826011,"event":{"mods":["AlwaysNeverKeys","BaseMod","Better Altar","Better Vampires","Block Reminder","Colored Powertips","Downfall","Googly Eyes","Highlight Path","Minty Spire (QoL Compilation)","Permanent Neow","Potion Indicator Mod","Quick Restart","Relic Filter","Relic Stats","Say the Spire","Spicy Shops","StSLib","Waifu the Spire","everything is the same but u backflip on backflip"],"gold_per_floor":[112,125,125,125,135,220,220,252,277,277,290,42,58,58,58,137,137,137,137],"floor_reached":18,"playtime":824,"items_purged":["Defend_G"],"score":340,"play_id":"456f5729-522d-4484-88c0-8cc34aa2fd32","local_time":"20201224160651","is_ascension_mode":true,"campfire_choices":[{"data":"Glass Knife","floor":7,"key":"SMITH"},{"floor":10,"key":"REST"},{"floor":15,"key":"REST"}],"circlet_count":0,"master_deck":["AscendersBane","Strike_G","Strike_G","Strike_G","Defend_G","Defend_G","Survivor","Neutralize","Expertise+1","Outmaneuver","Glass Knife+1","expansioncontent:Chronoboost","Deflect","Night Terror"],"relics":["SacredBark","Tiny House","Dead Branch","Pen Nib","Empty Cage"],"acts_visited":["TheCity"],"potions_floor_usage":[6,6,8,16],"damage_taken":[{"damage":0,"enemies":"2 Louse","floor":1,"turns":4},{"damage":4,"enemies":"Small Slimes","floor":2,"turns":6},{"damage":11,"enemies":"Cultist","floor":5,"turns":6},{"damage":12,"enemies":"3 Sentries","floor":6,"turns":6},{"damage":10,"enemies":"Lagavulin","floor":8,"turns":5},{"damage":9,"enemies":"Red Slaver","floor":11,"turns":2},{"damage":3,"enemies":"3 Louse","floor":13,"turns":3},{"damage":25,"enemies":"Slime Boss","floor":16,"turns":8},{"damage":60,"enemies":"3 Byrds","floor":18,"turns":4}],"seed_played":"4318137791418084487","potions_obtained":[{"floor":1,"key":"CultistPotion"},{"floor":5,"key":"champ:CounterPotion"},{"floor":13,"key":"EssenceOfSteel"}],"is_trial":false,"path_per_floor":["M","M","?","?","M","E","R","E","T","R","M","$","M","?","R","B",null,"M"],"character_chosen":"THE_SILENT","items_purchased":["expansioncontent:Chronoboost","Deflect"],"campfire_rested":2,"item_purchase_floors":[12,12],"current_hp_per_floor":[59,55,48,48,37,30,30,20,20,41,32,32,29,29,50,25,60,0,0],"gold":137,"neow_bonus":"BOSS_RELIC","is_daily":false,"chose_seed":false,"campfire_upgraded":1,"win_rate":0.0,"timestamp":1608826011,"path_taken":["M","M","?","?","?","E","R","E","T","R","M","?","M","?","R","BOSS","M"],"items_purchased_type":["Card","Card"],"build_version":"2020-12-22","purchased_purges":1,"victory":false,"max_hp_per_floor":[66,66,66,66,66,71,71,71,71,71,71,71,71,71,71,71,71,71,71],"relic_stats":{"counters":[9,44],"Dead Branch":[12],"Pen Nib":[3],"obtain_stats":[{"Tiny House":6,"SacredBark":0,"Dead Branch":8,"Pen Nib":9,"Empty Cage":17,"Ring of the Snake":0},{"Tiny House":4,"SacredBark":0,"Dead Branch":5,"Pen Nib":5,"Empty Cage":8,"Ring of the Snake":0},{"Tiny House":22,"SacredBark":0,"Dead Branch":27,"Pen Nib":27,"Empty Cage":40,"Ring of the Snake":0}]},"card_choices":[{"not_picked":["Distraction","Sucker Punch"],"picked":"Expertise","floor":1},{"not_picked":["Acrobatics","Outmaneuver","Setup"],"picked":"SKIP","floor":2},{"not_picked":["Infinite Blades","Dodge and Roll"],"picked":"Outmaneuver","floor":5},{"not_picked":["Predator","Acrobatics"],"picked":"Glass Knife","floor":6},{"not_picked":["Dagger Throw","Underhanded Strike","Calculated Gamble"],"picked":"SKIP","floor":8},{"not_picked":["Prepared","Bouncing Flask","Dagger Spray"],"picked":"SKIP","floor":11},{"not_picked":["Expertise","Backflip","Deadly Poison"],"picked":"SKIP","floor":13},{"not_picked":["Corpse Explosion","Burst"],"picked":"Night Terror","floor":16}],"player_experience":1251428,"relics_obtained":[{"floor":6,"key":"Tiny House"},{"floor":8,"key":"Dead Branch"},{"floor":9,"key":"Pen Nib"}],"event_choices":[{"cards_removed":["Defend_G"],"damage_healed":0,"gold_gain":0,"player_choice":"Card Removal","damage_taken":7,"max_hp_gain":0,"max_hp_loss":0,"event_name":"Golden Wing","floor":3,"gold_loss":0},{"cards_removed":["Strike_G"],"damage_healed":0,"gold_gain":0,"player_choice":"Offered Basic","damage_taken":0,"max_hp_gain":0,"max_hp_loss":0,"event_name":"Bonfire Elementals","floor":4,"gold_loss":0},{"damage_healed":0,"gold_gain":0,"player_choice":"Ignored","damage_taken":0,"max_hp_gain":0,"max_hp_loss":0,"event_name":"Liars Game","floor":14,"gold_loss":0}],"is_beta":false,"boss_relics":[{"not_picked":["Black Star","Snecko Eye"],"picked":"Empty Cage"}],"items_purged_floors":[12],"is_endless":false,"potions_floor_spawned":[1,5,13],"killed_by":"3 Byrds","ascension_level":20}}