{"host":"vyt5ne9ydo1z9gg1","time":1608774856,"event":{"mods":["BaseMod","Curses Come First","DeckTracker","GifTheSpireLib","Minty Spire (QoL Compilation)","StSLib"],"gold_per_floor":[114,129,144,159,334,349,379,379,379,379,394,394,409,424,424,524,524,539,140,155,170,55,55,85,115,165,165,180,180,195,210,210,210,210],"floor_reached":33,"playtime":2663,"items_purged":["Deadly Poison"],"score":443,"play_id":"50587f46-e6e3-4e35-ac75-f004ec71e2e3","local_time":"20201224125416","daily_mods":["Insanity","Purple Cards","DeadlyEvents"],"is_ascension_mode":false,"campfire_choices":[{"floor":8,"key":"REST"},{"data":"TalkToTheHand","floor":10,"key":"SMITH"},{"data":"Consecrate","floor":12,"key":"SMITH"},{"data":"Crescendo","floor":15,"key":"SMITH"},{"floor":23,"key":"REST"},{"floor":27,"key":"REST"},{"floor":32,"key":"REST"}],"circlet_count":0,"master_deck":["Outmaneuver","Quick Slash","Slice","Meditate","Halt","Concentrate","Finisher","Cloak And Dagger","MentalFortress","WheelKick","FlyingSleeves","FollowUp","Crescendo+1","Prepared","TalkToTheHand+1","FlurryOfBlows","Slice","Crescendo","PiercingWail","ThirdEye","TalkToTheHand","Well Laid Plans","FlurryOfBlows","Sucker Punch","Meditate","Outmaneuver","EmptyMind","CrushJoints","SignatureMove","Conclude","FollowUp","Riddle With Holes","FlurryOfBlows+1","Dodge and Roll","FlyingSleeves","FlurryOfBlows","ForeignInfluence","Evaluate","Quick Slash","BowlingBash","Conclude+1","Evaluate","Dagger Throw","Evaluate","Setup","Blade Dance","TalkToTheHand","FlyingSleeves","Tantrum","Adaptation","FlurryOfBlows","Doubt","Conclude","JustLucky","Consecrate+1","EmptyFist","Leg Sweep","Burst","Underhanded Strike","Indignation","FlurryOfBlows","Consecrate","Worship+1","Perseverance","ClearTheMind","Footwork+1","Underhanded Strike","Acrobatics","EmptyFist"],"relics":["Ring of the Snake","MealTicket","Matryoshka","Snecko Eye","Membership Card","Vajra","Whetstone","Medical Kit","Boot","Thread and Needle","Potion Belt","Blood Vial"],"acts_visited":["Exordium","TheCity"],"potions_floor_usage":[16,21,24,25,33,33,33],"damage_taken":[{"damage":5.0,"enemies":"Small Slimes","floor":1.0,"turns":2.0},{"damage":0.0,"enemies":"Jaw Worm","floor":2.0,"turns":2.0},{"damage":0.0,"enemies":"Cultist","floor":3.0,"turns":3.0},{"damage":8.0,"enemies":"Lots of Slimes","floor":4.0,"turns":2.0},{"damage":1,"enemies":"2 Fungi Beasts","floor":6,"turns":2},{"damage":22,"enemies":"Gremlin Nob","floor":7,"turns":4},{"damage":0,"enemies":"3 Louse","floor":11,"turns":1},{"damage":0,"enemies":"Large Slime","floor":13,"turns":3},{"damage":5,"enemies":"Red Slaver","floor":14,"turns":3},{"damage":0,"enemies":"Slime Boss","floor":16,"turns":6},{"damage":55,"enemies":"Spheric Guardian","floor":18,"turns":6},{"damage":5,"enemies":"3 Byrds","floor":20,"turns":3},{"damage":8,"enemies":"Snecko","floor":21,"turns":5},{"damage":0,"enemies":"Book of Stabbing","floor":24,"turns":3},{"damage":51,"enemies":"Gremlin Leader","floor":25,"turns":5},{"damage":0,"enemies":"Chosen and Byrds","floor":28,"turns":4},{"damage":0,"enemies":"Shelled Parasite and Fungi","floor":30,"turns":4},{"damage":21,"enemies":"3 Cultists","floor":31,"turns":6},{"damage":71,"enemies":"Automaton","floor":33,"turns":6}],"seed_played":"-4388098555046818604","potions_obtained":[{"floor":4.0,"key":"CultistPotion"},{"floor":7,"key":"Fire Potion"},{"floor":11,"key":"CultistPotion"},{"floor":18,"key":"Poison Potion"},{"floor":20,"key":"FearPotion"},{"floor":25,"key":"Energy Potion"},{"floor":28,"key":"Energy Potion"},{"floor":30,"key":"SpeedPotion"}],"is_trial":false,"path_per_floor":["M","M","M","M","?","M","E","R","T","R","M","R","M","M","R","B",null,"M","$","M","M","$","R","E","E","T","R","M","?","M","M","R","B"],"character_chosen":"THE_SILENT","items_purchased":["Membership Card","Vajra","Whetstone","Indignation","FlurryOfBlows","Medical Kit","Perseverance"],"campfire_rested":4,"item_purchase_floors":[19,19,19,19,19,22,22],"current_hp_per_floor":[65,65,65,57,57,56,34,55,55,55,55,55,55,50,50,50,70,15,30,25,17,32,53,53,2,2,23,25,48,50,31,52,0,0],"gold":210,"neow_bonus":"","is_daily":true,"chose_seed":false,"campfire_upgraded":3,"win_rate":0.0,"timestamp":1608774856,"path_taken":["M","M","M","M","?","?","E","R","T","R","M","R","?","M","R","BOSS","M","?","M","M","$","R","E","?","T","R","M","?","M","M","R","BOSS"],"items_purchased_type":["Relic","Relic","Relic","Card","Card","Relic","Card"],"build_version":"2020-12-22","purchased_purges":1,"victory":false,"max_hp_per_floor":[70,70,70,70,70,70,70,70,70,70,70,70,70,70,70,70,70,70,70,70,70,70,70,70,70,70,70,70,70,70,70,70,70,70],"card_choices":[{"not_picked":["Bane","WreathOfFlame","Choke"],"picked":"SKIP","floor":1.0},{"not_picked":["Consecrate","Dodge and Roll","Dagger Throw"],"picked":"SKIP","floor":2.0},{"not_picked":["Flechettes","Blade Dance"],"picked":"Adaptation","floor":3.0},{"not_picked":["Caltrops","CrushJoints"],"picked":"FlurryOfBlows","floor":4.0},{"not_picked":["Evaluate","FlyingSleeves"],"picked":"Conclude","floor":6},{"not_picked":["Venomology","Flechettes"],"picked":"JustLucky","floor":7},{"not_picked":["Bane","EmptyFist"],"picked":"Consecrate","floor":11},{"not_picked":["Conclude","Flying Knee"],"picked":"EmptyFist","floor":13},{"not_picked":["Sucker Punch","Heel Hook"],"picked":"Leg Sweep","floor":14},{"not_picked":["DevaForm","Die Die Die"],"picked":"Burst","floor":16},{"not_picked":["Pray+1","Prostrate"],"picked":"Underhanded Strike","floor":18},{"not_picked":["Reflex","Bane"],"picked":"Consecrate","floor":20},{"not_picked":["PiercingWail","Phantasmal Killer"],"picked":"Worship+1","floor":21},{"not_picked":["BattleHymn","Protect"],"picked":"ClearTheMind","floor":24},{"not_picked":["Cloak And Dagger","Pray"],"picked":"Footwork+1","floor":25},{"not_picked":["Tantrum+1","FollowUp"],"picked":"Underhanded Strike","floor":28},{"not_picked":["CrushJoints","Distraction"],"picked":"Acrobatics","floor":30},{"not_picked":["FlurryOfBlows","Evaluate"],"picked":"EmptyFist","floor":31}],"player_experience":143359,"relics_obtained":[{"floor":7,"key":"MealTicket"},{"floor":9,"key":"Matryoshka"},{"floor":24,"key":"Boot"},{"floor":25,"key":"Thread and Needle"},{"floor":26,"key":"Potion Belt"},{"floor":26,"key":"Blood Vial"}],"event_choices":[{"damage_healed":0.0,"max_hp_gain":0.0,"max_hp_loss":0.0,"gold_gain":175.0,"event_name":"Liars Game","player_choice":"AGREE","floor":5.0,"gold_loss":0.0,"damage_taken":0.0,"cards_obtained":["Doubt"]},{"damage_healed":23,"gold_gain":0,"player_choice":"Heal","damage_taken":0,"max_hp_gain":0,"max_hp_loss":0,"event_name":"The Library","floor":29,"gold_loss":0}],"is_beta":false,"boss_relics":[{"not_picked":["Black Star","Calling Bell"],"picked":"Snecko Eye"}],"items_purged_floors":[19],"is_endless":false,"potions_floor_spawned":[4,7,11,14,18,20,25,28,30],"killed_by":"Automaton","ascension_level":0}}