{"host":"0rxdudjy6rylha1k","time":1608827277,"event":{"mods":["Aspiration","BaseMod","Colored Map","Colored Powertips","Downfall","Highlight Path","Hubris","Minty Spire (QoL Compilation)","StSLib"],"gold_per_floor":[99,99,99,125,125,125,148,148,148,148,161,161,86,99,115,211,211,211,229,229,229,229,229],"floor_reached":21,"playtime":1073,"items_purged":[],"score":215,"play_id":"098d5eb0-931f-47c9-bef1-715d3681c65c","local_time":"20201224092757","is_ascension_mode":true,"campfire_choices":[{"floor":1.0,"key":"RECALL"},{"data":"hexamod:Firestarter","floor":13.0,"key":"SMITH"},{"data":"hexamod:WildfireWeapon","floor":18.0,"key":"SMITH"}],"circlet_count":0,"master_deck":["hexamod:Strike","hexamod:Strike","hexamod:Strike","hexamod:Strike","hexamod:Defend","hexamod:Defend","hexamod:Defend","hexamod:Defend","hexamod:Sear","hexamod:Float+1","hexamod:Firestarter+1","hexamod:AdvancingGuard","hexamod:FourthSeal","hexamod:RadiantFlame","hexamod:Firestarter","hexamod:AdvancingGuard","hexamod:HeatMetal","hexamod:WildfireWeapon+1","hexamod:Firestarter"],"relics":["hexamod:SpiritBrand","downfall:HeartsMalice","hubris:SlimyHat","Juzu Bracelet","Bottled Flame","downfall:HeartBlessingRed","Black Star"],"acts_visited":["Exordium","TheCity"],"potions_floor_usage":[20,21,21],"damage_taken":[{"damage":0.0,"enemies":"2 Louse","floor":2.0,"turns":1.0},{"damage":0.0,"enemies":"Jaw Worm","floor":5.0,"turns":1.0},{"damage":0.0,"enemies":"Small Slimes","floor":8.0,"turns":1.0},{"damage":4.0,"enemies":"Red Slaver","floor":11.0,"turns":4.0},{"damage":1.0,"enemies":"2 Fungi Beasts","floor":14.0,"turns":5.0},{"damage":0.0,"enemies":"Blue Slaver","floor":15.0,"turns":3.0},{"damage":22.0,"enemies":"downfall:Watcher","floor":16.0,"turns":9.0},{"damage":23.0,"enemies":"Chosen","floor":19.0,"turns":6.0},{"damage":0,"enemies":"Shelled Parasite and Fungi","floor":20,"turns":1},{"damage":59,"enemies":"Cultist and Chosen","floor":21,"turns":5}],"seed_played":"2503483394524168516","potions_obtained":[{"floor":11.0,"key":"SmokeBomb"},{"floor":11.0,"key":"DuplicationPotion"},{"floor":14.0,"key":"SneckoOil"},{"floor":15.0,"key":"EssenceOfSteel"},{"floor":16.0,"key":"SpeedPotion"},{"floor":16.0,"key":"Regen Potion"},{"floor":19.0,"key":"BlessingOfTheForge"}],"is_trial":false,"path_per_floor":["R","M","?","T","M","?","T","M","?","T","M","?","R","M","M","B",null,"R","M","M","M"],"character_chosen":"THE_SPIRIT","items_purchased":[],"campfire_rested":0,"item_purchase_floors":[],"current_hp_per_floor":[63,63,63,63,63,63,63,63,63,63,59,59,59,58,58,36,62,62,39,39,0,0,0],"gold":229,"neow_bonus":"THREE_ENEMY_KILL","is_daily":false,"chose_seed":false,"campfire_upgraded":2,"win_rate":0.0,"timestamp":1608827277,"path_taken":["R","M","?","?","M","?","T","M","?","?","M","?","R","M","M","BOSS","R","M","M","M"],"items_purchased_type":[],"build_version":"2020-12-22","purchased_purges":0,"victory":false,"max_hp_per_floor":[70,70,70,70,70,70,70,70,70,70,70,70,70,70,70,70,70,70,70,70,70,70,70],"card_choices":[{"not_picked":["hexamod:PhantomCloak","hexamod:Incineration"],"picked":"hexamod:Firestarter","floor":2.0},{"not_picked":["hexamod:GhostLash","hexamod:ShieldOfDarkness"],"picked":"hexamod:AdvancingGuard","floor":5.0},{"not_picked":["hexamod:DynamicBlow","hexamod:GhostLash"],"picked":"hexamod:RadiantFlame","floor":8.0},{"not_picked":["hexamod:EmpoweredFlame","hexamod:SwordOfDarkness"],"picked":"hexamod:Firestarter","floor":11.0},{"not_picked":["hexamod:SpectralAdrenaline","hexamod:InspiringFlames"],"picked":"hexamod:AdvancingGuard","floor":14.0},{"not_picked":["hexamod:FourthSeal","hexamod:EtherealExpedition"],"picked":"hexamod:HeatMetal","floor":15.0},{"not_picked":["hexamod:SixthSeal","hexamod:UnleashSpirits"],"picked":"hexamod:WildfireWeapon","floor":16.0},{"not_picked":["hexamod:NightmareStrike","hexamod:ShieldOfDarkness+1"],"picked":"hexamod:Firestarter","floor":19.0}],"player_experience":2350845,"relics_obtained":[{"floor":4.0,"key":"hubris:SlimyHat"},{"floor":7.0,"key":"Juzu Bracelet"},{"floor":10.0,"key":"Bottled Flame"}],"event_choices":[{"damage_healed":0.0,"max_hp_gain":0.0,"max_hp_loss":0.0,"gold_gain":0.0,"event_name":"Living Wall","player_choice":"Grow","floor":12.0,"gold_loss":0.0,"damage_taken":0.0,"cards_upgraded":["hexamod:Float"]}],"is_beta":false,"boss_relics":[{"not_picked":["hubris:Stopwatch","SlaversCollar"],"picked":"Black Star"}],"items_purged_floors":[],"is_endless":false,"potions_floor_spawned":[11,16,20],"killed_by":"Cultist and Chosen","ascension_level":6}}