{"host":"Godlander","time":1608771375,"event":{"mods":["Act Like it!","Aspiration","BaseMod","BetterRewards","Card Forge","Colored Powertips","Conspire","Custom Start","Energized Spire","Googly Eyes","Halation","Hubris","Infinite Spire","Mimic Mod","Minty Spire (QoL Compilation)","Pale of the Ancients","Permanent Neow","Relic Stats","Replay The Spire","Shop Mod","Spicy Shops","Spikes Relics","StSLib","SuperFastMode","The Jungle","Trackpad","UnlockEverythingMod"],"gold_per_floor":[212,212,232,232,232,232,268,268,314,350,350,371,97,122,122,251,251,272,272,272,322,322,360,360,396,442,494,506,538,575,235,235,235,235,354,354,378,398,398,417,442,476,476,476,476,491,525,550,584,607,607,731,731,741,746,746,760,569,576,579,579,579,594,598,598,598,598,599,594,594,664,764,767,766,783,1058,1063,1082,1082,1091,1091,1083,1083,933,922,917,917,1048,1048,1106,1106,1126,1179,1179,1269,1340,1340,1365,500,523,546,546,576,576,698,698,724,755,755,754,754,769,769,630,630,732,732,802,732,732],"floor_reached":119,"playtime":7037,"items_purged":["Injury"],"score":3716,"play_id":"355e2deb-f115-4874-867f-7939cf8a9099","local_time":"20201223165615","is_ascension_mode":false,"campfire_choices":[{"floor":6,"key":"REST"},{"floor":8,"key":"REST"},{"floor":11,"key":"RECALL"},{"data":"ReplayTheSpireMod:Shiv Toss","floor":15,"key":"SMITH"},{"floor":24,"key":"DIG"},{"floor":28,"key":"DIG"},{"floor":34,"key":"DIG"},{"floor":43,"key":"DIG"},{"floor":51,"key":"DIG"},{"floor":65,"key":"DIG"},{"floor":70,"key":"DIG"},{"floor":83,"key":"DIG"},{"floor":87,"key":"DIG"},{"data":"1","floor":97,"key":"LIFT"},{"data":"2","floor":102,"key":"LIFT"},{"data":"3","floor":104,"key":"LIFT"},{"floor":111,"key":"DIG"},{"floor":113,"key":"DIG"}],"circlet_count":0,"master_deck":["Pot Of Greed","Pot Of Greed","infinitespire:NeuralNetwork","infinitespire:Gouge","Adrenaline","Adrenaline","infinitespire:Fortify","Calculated Gamble+1","Burst+1","Blade Dance+1","Hidden Blade","ReplayTheSpireMod:Shiv Toss+1","Accuracy+1","infinitespire:Gouge","Adrenaline","Adrenaline","infinitespire:Fortify","Calculated Gamble+1","Burst+1","Blade Dance+1","ReplayTheSpireMod:Shiv Toss+1","Accuracy+1"],"relics":["Ring of the Snake","Hammer of Thor","Seething Fire","Anvil of the Gods","Golden Idol","Pantograph","Incense Burner","MerchantsRug","ToxicTincture","aspiration:FutureDiary","Ornamental Fan","Shovel","The Courier","halation:BlackBeret","Durian","WizardHat","infinitespire:WardingShard","PreservedInsect","Strange Spoon","Counterbalance","Vampiric Spirits","Ancient Tea Set","halation:IllGainedPizza","Tingsha","Black Star","Snake Skull","hubris:GlazedTorus","Nunchaku","ReplayTheSpireMod:Ninjato","trackpad:IceCube","hubris:SlimyHat","conspire:InfiniteJournal","infinitespire:ShieldingShard","The Specimen","Replay:Wanted Poster","Red Mask","aspiration:ChemicalBlood","infinitespire:Beetle Shell","Pen Nib","Matryoshka","trackpad:AdjectivePendant","infinitespire:Bottled Soul","trackpad:ChainingVapors","SuspiciousGoo","infinitespire:EvilPickle","infinitespire:Cupcake","hubris:Towel","conspire:TopHat","infinitespire:Lucky Rock","Girya","Iron Hammer","halation:TrafficLight","trackpad:ToughGloves","Replay:Rubber Ducky","infinitespire:BottledMercury","trackpad:RapidFire","Fusion Hammer","paleoftheancients:Timepiece","paleoftheancients:KeyRelic","Oddly Smooth Stone","Letter Opener","paleoftheancients:SoulOfTheShowman","halation:EternalFortune","Anchor","halation:Convergence","conspire:TreasureMap","aspiration:TomeofQuesting","Empty Cage"],"acts_visited":["Exordium","Exordium","TheBeyond","Exordium","TheCity","TheBeyond","TheBeyond","Exordium"],"potions_floor_usage":[30,47],"damage_taken":[{"damage":0,"enemies":"2 Louse","floor":1,"turns":1},{"damage":0,"enemies":"Cultist","floor":3,"turns":2},{"damage":14,"enemies":"Gremlin Nob","floor":7,"turns":3},{"damage":0,"enemies":"Small Slimes","floor":9,"turns":3},{"damage":9,"enemies":"3 Sentries","floor":10,"turns":5},{"damage":0,"enemies":"Small Slimes","floor":12,"turns":1},{"damage":0,"enemies":"3 Louse","floor":14,"turns":2},{"damage":0,"enemies":"Slime Boss","floor":16,"turns":4},{"damage":0,"enemies":"theJungle:MUSHROOMGANG","floor":18,"turns":2},{"damage":15,"enemies":"JungleHuntersEvent","floor":19,"turns":3},{"damage":0,"enemies":"theJungle:5_Spyders","floor":21,"turns":4},{"damage":0,"enemies":"Nightmare","floor":23,"turns":2},{"damage":0,"enemies":"theJungle:MamaSnecko","floor":25,"turns":2},{"damage":0,"enemies":"theJungle:Cassacara","floor":27,"turns":2},{"damage":0,"enemies":"theJungle:5_Spyders","floor":29,"turns":3},{"damage":0,"enemies":"theJungle:Lyon","floor":30,"turns":2},{"damage":0,"enemies":"theJungle:FunGuy","floor":35,"turns":4},{"damage":0,"enemies":"3 Shapes","floor":37,"turns":2},{"damage":0,"enemies":"Orb Walker","floor":38,"turns":2},{"damage":0,"enemies":"3 Darklings","floor":40,"turns":2},{"damage":0,"enemies":"Transient","floor":41,"turns":5},{"damage":0,"enemies":"Nightmare","floor":42,"turns":3},{"damage":0,"enemies":"Writhing Mass","floor":46,"turns":1},{"damage":0,"enemies":"R_Hoarder","floor":47,"turns":3},{"damage":0,"enemies":"Sphere and 2 Shapes","floor":48,"turns":1},{"damage":0,"enemies":"Reptomancer","floor":49,"turns":1},{"damage":0,"enemies":"Maw","floor":50,"turns":1},{"damage":0,"enemies":"conspire:OrnateMirror","floor":52,"turns":1},{"damage":0,"enemies":"Cultist","floor":54,"turns":1},{"damage":0,"enemies":"Small Slimes","floor":55,"turns":2},{"damage":0,"enemies":"Jaw Worm","floor":57,"turns":1},{"damage":0,"enemies":"Nightmare","floor":59,"turns":4},{"damage":0,"enemies":"2 Fungi Beasts","floor":60,"turns":1},{"damage":0,"enemies":"Looter","floor":63,"turns":2},{"damage":0,"enemies":"Looter","floor":64,"turns":1},{"damage":0,"enemies":"Blue Slaver","floor":68,"turns":1},{"damage":0,"enemies":"Exordium Thugs","floor":69,"turns":1},{"damage":0,"enemies":"Fading Forest","floor":71,"turns":2},{"damage":0,"enemies":"Shell Parasite","floor":73,"turns":1},{"damage":0,"enemies":"Spheric Guardian","floor":74,"turns":2},{"damage":0,"enemies":"Masked Bandits","floor":75,"turns":1},{"damage":0,"enemies":"Snake Plant","floor":77,"turns":1},{"damage":0,"enemies":"Slavers","floor":78,"turns":1},{"damage":0,"enemies":"Snecko","floor":79,"turns":1},{"damage":3,"enemies":"Nightmare","floor":80,"turns":4},{"damage":0,"enemies":"Centurion and Healer","floor":82,"turns":1},{"damage":0,"enemies":"3 Cultists","floor":85,"turns":2},{"damage":0,"enemies":"Snake Plant","floor":86,"turns":1},{"damage":0,"enemies":"Pondfish","floor":88,"turns":2},{"damage":0,"enemies":"3 Shapes","floor":90,"turns":1},{"damage":0,"enemies":"conspire:MimicChest","floor":92,"turns":2},{"damage":0,"enemies":"3 Darklings","floor":93,"turns":1},{"damage":0,"enemies":"Nightmare","floor":95,"turns":1},{"damage":0,"enemies":"Jaw Worm Horde","floor":96,"turns":2},{"damage":0,"enemies":"Transient","floor":100,"turns":1},{"damage":0,"enemies":"Maw","floor":101,"turns":1},{"damage":0,"enemies":"4 Shapes","floor":103,"turns":1},{"damage":0,"enemies":"Awakened One","floor":105,"turns":2},{"damage":0,"enemies":"Awakened One","floor":107,"turns":2},{"damage":0,"enemies":"Awakened One","floor":108,"turns":1},{"damage":0,"enemies":"Awakened One","floor":112,"turns":8},{"damage":0,"enemies":"paleoftheancients:N","floor":116,"turns":2},{"damage":0,"enemies":"2 Louse","floor":118,"turns":1}],"seed_played":"-8426391688534982899","potions_obtained":[{"floor":10,"key":"SmokeBomb"},{"floor":12,"key":"CunningPotion"},{"floor":18,"key":"Energy Potion"},{"floor":19,"key":"Explosive Potion"},{"floor":29,"key":"AttackPotion"},{"floor":30,"key":"Fruit Juice"},{"floor":35,"key":"Strength Potion"},{"floor":38,"key":"BlessingOfTheForge"},{"floor":49,"key":"Milkshake"},{"floor":50,"key":"Energy Potion"},{"floor":64,"key":"Milkshake"},{"floor":68,"key":"Elixir"},{"floor":71,"key":"Toxic Potion"},{"floor":85,"key":"CunningPotion"},{"floor":86,"key":"Weak Potion"},{"floor":90,"key":"Adrenaline Potion"},{"floor":93,"key":"LiquidMemories"},{"floor":101,"key":"Strength Potion"},{"floor":103,"key":"Energy Potion"},{"floor":108,"key":"DistilledChaos"},{"floor":112,"key":"ColorlessPotion"}],"is_trial":false,"path_per_floor":["M","?","M","?","?","R","E","R","MIM","E","R","M","$","M","R","B",null,"M","?","?","MIM","?","NM","R","E","T","E","R","M","M","$","PTL","PTL","R","B",null,"M","M","AVR","M","M","NM","R","?","T","M","E","M","E","M","R","B",null,"M","M","AVR","M","$","NM","M","?","T","MIM","M","R","PTL","PTL","M","M","R","B",null,"M","M","?","?","M","E","M","NM","T","M","R","$","M","M","R","B",null,"M","?","?","M","T","NM","M","R","T","$","M","M","R","M","R","B",null,"M","M","?","$","R","M","R","$","?","B",null,"M","$"],"character_chosen":"THE_SILENT","items_purchased":["MerchantsRug","ToxicTincture","Strange Spoon","Counterbalance","Replay:Baseball","Snake Skull","hubris:GlazedTorus","Nunchaku","ReplayTheSpireMod:Ninjato","infinitespire:Bottled Soul","trackpad:ChainingVapors","halation:TrafficLight","trackpad:ToughGloves","Replay:Rubber Ducky","infinitespire:BottledMercury","trackpad:RapidFire","Anchor","halation:Convergence","conspire:TreasureMap","aspiration:TomeofQuesting"],"campfire_rested":2,"item_purchase_floors":[13,13,31,31,31,58,58,58,58,84,84,99,99,99,99,99,110,114,114,114],"current_hp_per_floor":[70,70,70,53,36,57,43,64,64,55,55,55,55,55,55,70,70,70,55,55,55,55,60,60,60,60,60,60,60,65,65,65,65,65,80,80,80,80,80,80,80,80,80,80,80,80,80,80,80,80,80,80,80,80,80,80,80,80,80,80,80,80,80,80,80,80,80,80,80,80,80,80,80,80,80,80,80,80,80,77,77,80,80,80,80,80,80,80,80,83,83,83,86,86,89,89,89,89,89,92,95,95,98,98,98,98,98,101,104,104,104,104,104,104,104,104,104,107,87,87],"gold":732,"neow_bonus":"HUNDRED_GOLD","is_daily":false,"chose_seed":false,"campfire_upgraded":1,"win_rate":0.0,"timestamp":1608771375,"path_taken":["M","?","?","?","?","R","E","R","MIM","E","R","?","$","M","R","BOSS","M","?","?","?","?","NM","R","E","T","E","R","?","M","$","PTL","PTL","R","BOSS","M","M","AVR","M","?","NM","R","?","T","M","E","?","E","M","R","BOSS","M","M","AVR","M","$","NM","M","?","T","?","?","R","PTL","PTL","M","M","R","BOSS","M","M","?","?","M","E","?","NM","T","M","R","?","?","M","R","BOSS","M","?","?","M","?","NM","M","R","T","$","M","M","R","M","R","BOSS","M","M","?","$","R","M","R","$","?","BOSS","M","$"],"items_purchased_type":["Relic","Relic","Relic","Relic","Relic","Relic","Relic","Relic","Relic","Relic","Relic","Relic","Relic","Relic","Relic","Relic","Relic","Relic","Relic","Relic"],"build_version":"2020-12-18","purchased_purges":1,"victory":false,"max_hp_per_floor":[70,70,70,70,70,70,70,70,70,70,70,70,70,70,70,70,70,70,70,70,70,70,75,75,75,75,75,75,75,80,80,80,80,80,80,80,80,80,80,80,80,80,80,80,80,80,80,80,80,80,80,80,80,80,80,80,80,80,80,80,80,80,80,80,80,80,80,80,80,80,80,80,80,80,80,80,80,80,80,80,80,80,80,80,80,80,80,80,80,83,83,83,86,86,89,89,89,89,89,92,95,95,98,98,98,98,98,101,104,104,104,104,104,104,104,104,104,107,87,87],"relic_stats":{"counters":[63,126],"Golden Idol":454,"Tingsha":[2105],"PreservedInsect":673,"Snake Skull":[687],"Pen Nib":[19],"Letter Opener":[440],"Strange Spoon":[263],"Nunchaku":[31],"Shovel":11,"Ornamental Fan":[648],"Pantograph":30,"Black Star":4,"obtain_stats":[{"infinitespire:BottledMercury":99,"trackpad:IceCube":59,"Vampiric Spirits":39,"Hammer of Thor":0,"Replay:Wanted Poster":72,"trackpad:ToughGloves":99,"infinitespire:ShieldingShard":65,"trackpad:WritersBlock":81,"Iron Hammer":95,"Fusion Hammer":106,"trackpad:AdjectivePendant":83,"Toxic Egg 2":45,"aspiration:DSix":111,"MerchantsRug":13,"Girya":94,"trackpad:ChainingVapors":84,"paleoftheancients:KeyRelic":106,"conspire:TreasureMap":114,"Counterbalance":31,"Oddly Smooth Stone":106,"Tingsha":51,"Ring of Chaos":36,"infinitespire:Beetle Shell":78,"Pen Nib":80,"Letter Opener":106,"infinitespire:EvilPickle":88,"paleoftheancients:Timepiece":106,"Replay:Baseball":31,"Anvil of the Gods":0,"Black Star":53,"halation:Convergence":114,"Grinning Jar":98,"StrikeDummy":56,"paleoftheancients:SoulOfTheShowman":107,"infinitespire:Cupcake":89,"halation:BlackBeret":22,"WizardHat":24,"Regal Pillow":81,"StoneCalendar":47,"Blue Doll":95,"halation:TrafficLight":99,"aspiration:TomeofQuesting":114,"Snake Skull":58,"Incense Burner":10,"hubris:SlimyHat":61,"Ancient Tea Set":42,"Empty Cage":117,"Pet Ghost":59,"conspire:TopHat":92,"conspire:InfiniteJournal":62,"Replay:Rubber Ducky":99,"Nunchaku":58,"Shovel":20,"Matryoshka":80,"trackpad:RapidFire":99,"infinitespire:Bottled Soul":84,"Pantograph":7,"Red Mask":75,"aspiration:FutureDiary":17,"Ring of the Snake":0,"hubris:GlazedTorus":58,"aspiration:ChemicalBlood":78,"hubris:DisguiseKit":34,"ReplayTheSpireMod:Ninjato":58,"The Specimen":70,"Golden Idol":5,"infinitespire:CursedDice":25,"halation:IllGainedPizza":43,"SuspiciousGoo":87,"The Courier":21,"PreservedInsect":28,"Seething Fire":0,"ToxicTincture":13,"infinitespire:Lucky Rock":94,"hubris:Towel":91,"Frozen Egg 2":113,"MawBank":26,"Strange Spoon":31,"Anchor":110,"infinitespire:WardingShard":27,"Ornamental Fan":19,"halation:EternalFortune":109,"Durian":23,"halation:TwoAmDonut":63},{"infinitespire:BottledMercury":54,"trackpad:IceCube":32,"Vampiric Spirits":19,"Hammer of Thor":0,"Replay:Wanted Poster":38,"trackpad:ToughGloves":54,"infinitespire:ShieldingShard":35,"trackpad:WritersBlock":45,"Iron Hammer":53,"Fusion Hammer":58,"trackpad:AdjectivePendant":46,"Toxic Egg 2":22,"aspiration:DSix":60,"MerchantsRug":6,"Girya":52,"trackpad:ChainingVapors":46,"paleoftheancients:KeyRelic":58,"conspire:TreasureMap":61,"Counterbalance":16,"Oddly Smooth Stone":58,"Tingsha":27,"Ring of Chaos":17,"infinitespire:Beetle Shell":43,"Pen Nib":45,"Letter Opener":58,"infinitespire:EvilPickle":49,"paleoftheancients:Timepiece":58,"Replay:Baseball":16,"Anvil of the Gods":0,"Black Star":28,"halation:Convergence":61,"Grinning Jar":54,"StrikeDummy":30,"paleoftheancients:SoulOfTheShowman":59,"infinitespire:Cupcake":49,"halation:BlackBeret":11,"WizardHat":12,"Regal Pillow":45,"StoneCalendar":24,"Blue Doll":53,"halation:TrafficLight":54,"aspiration:TomeofQuesting":61,"Snake Skull":31,"Incense Burner":5,"hubris:SlimyHat":33,"Ancient Tea Set":22,"Empty Cage":62,"Pet Ghost":32,"conspire:TopHat":51,"conspire:InfiniteJournal":33,"Replay:Rubber Ducky":54,"Nunchaku":31,"Shovel":10,"Matryoshka":45,"trackpad:RapidFire":54,"infinitespire:Bottled Soul":46,"Pantograph":3,"Red Mask":41,"aspiration:FutureDiary":8,"Ring of the Snake":0,"hubris:GlazedTorus":31,"aspiration:ChemicalBlood":43,"hubris:DisguiseKit":16,"ReplayTheSpireMod:Ninjato":31,"The Specimen":37,"Golden Idol":2,"infinitespire:CursedDice":13,"halation:IllGainedPizza":22,"SuspiciousGoo":48,"The Courier":11,"PreservedInsect":14,"Seething Fire":0,"ToxicTincture":6,"infinitespire:Lucky Rock":52,"hubris:Towel":50,"Frozen Egg 2":61,"MawBank":13,"Strange Spoon":16,"Anchor":60,"infinitespire:WardingShard":14,"Ornamental Fan":10,"halation:EternalFortune":60,"Durian":12,"halation:TwoAmDonut":34},{"infinitespire:BottledMercury":107,"trackpad:IceCube":75,"Vampiric Spirits":49,"Hammer of Thor":0,"Replay:Wanted Poster":83,"trackpad:ToughGloves":107,"infinitespire:ShieldingShard":79,"trackpad:WritersBlock":94,"Iron Hammer":105,"Fusion Hammer":112,"trackpad:AdjectivePendant":95,"Toxic Egg 2":59,"aspiration:DSix":115,"MerchantsRug":15,"Girya":104,"trackpad:ChainingVapors":95,"paleoftheancients:KeyRelic":112,"conspire:TreasureMap":123,"Counterbalance":41,"Oddly Smooth Stone":112,"Tingsha":66,"Ring of Chaos":45,"infinitespire:Beetle Shell":89,"Pen Nib":94,"Letter Opener":112,"infinitespire:EvilPickle":100,"paleoftheancients:Timepiece":112,"Replay:Baseball":41,"Anvil of the Gods":0,"Black Star":67,"halation:Convergence":123,"Grinning Jar":107,"StrikeDummy":70,"paleoftheancients:SoulOfTheShowman":114,"infinitespire:Cupcake":100,"halation:BlackBeret":30,"WizardHat":32,"Regal Pillow":94,"StoneCalendar":63,"Blue Doll":105,"halation:TrafficLight":107,"aspiration:TomeofQuesting":123,"Snake Skull":71,"Incense Burner":14,"hubris:SlimyHat":76,"Ancient Tea Set":59,"Empty Cage":125,"Pet Ghost":75,"conspire:TopHat":103,"conspire:InfiniteJournal":76,"Replay:Rubber Ducky":107,"Nunchaku":71,"Shovel":26,"Matryoshka":94,"trackpad:RapidFire":107,"infinitespire:Bottled Soul":95,"Pantograph":6,"Red Mask":87,"aspiration:FutureDiary":21,"Ring of the Snake":0,"hubris:GlazedTorus":71,"aspiration:ChemicalBlood":89,"hubris:DisguiseKit":41,"ReplayTheSpireMod:Ninjato":71,"The Specimen":81,"Golden Idol":3,"infinitespire:CursedDice":34,"halation:IllGainedPizza":59,"SuspiciousGoo":98,"The Courier":30,"PreservedInsect":36,"Seething Fire":0,"ToxicTincture":15,"infinitespire:Lucky Rock":104,"hubris:Towel":101,"Frozen Egg 2":123,"MawBank":34,"Strange Spoon":41,"Anchor":115,"infinitespire:WardingShard":36,"Ornamental Fan":26,"halation:EternalFortune":115,"Durian":32,"halation:TwoAmDonut":78}],"Ring of the Snake":[126]},"card_choices":[{"not_picked":["Hidden Blade","Terror"],"picked":"Calculated Gamble","floor":1},{"not_picked":["Flying Knee","Dodge and Roll","Skewer"],"picked":"SKIP","floor":3},{"not_picked":["infinitespire:Starlight","infinitespire:SevenWalls"],"picked":"infinitespire:Fortify","floor":4},{"not_picked":["Caltrops","Corpse Explosion","ReplayTheSpireMod:Tripwire"],"picked":"SKIP","floor":7},{"not_picked":["ReplayTheSpireMod:The Works","Choke","Outmaneuver"],"picked":"SKIP","floor":10},{"not_picked":["Endless Agony","Backflip","Flying Knee"],"picked":"SKIP","floor":12},{"not_picked":["Slice","Riddle With Holes","hubris:SlightOfHand"],"picked":"SKIP","floor":14},{"not_picked":["After Image","Unload"],"picked":"Adrenaline","floor":16},{"not_picked":["Setup+1","Deflect","Toxin Wave"],"picked":"SKIP","floor":18},{"not_picked":["ReplayTheSpireMod:Tripwire","Bane","Dagger Throw"],"picked":"SKIP","floor":23},{"not_picked":["hubris:TrickCloak","Distraction","Dagger Throw"],"picked":"SKIP","floor":25},{"not_picked":["Acrobatics","Sneak Up","Leg Sweep"],"picked":"SKIP","floor":27},{"not_picked":["Slice+1","Heel Hook","PiercingWail+1"],"picked":"SKIP","floor":29},{"not_picked":["Deflect","Dagger Spray","Deadly Poison+1"],"picked":"SKIP","floor":30},{"not_picked":["Glass Knife","aspiration:Lunge","Ragnarok"],"picked":"Adrenaline","floor":35},{"not_picked":["Bouncing Flask+1","Hidden Blade+1","Slice","SashWhip"],"picked":"SKIP","floor":37},{"not_picked":["Outmaneuver","Prepared+1","Skewer","ReachHeaven"],"picked":"SKIP","floor":38},{"not_picked":["Dagger Throw+1","Prepared","Underhanded Strike","Prostrate"],"picked":"SKIP","floor":40},{"not_picked":["Riddle With Holes","Noxious Fumes","Deflect","Consecrate"],"picked":"SKIP","floor":41},{"not_picked":["Flying Knee+1","Deflect+1","Hidden Blade","Conclude"],"picked":"SKIP","floor":42},{"not_picked":["Well Laid Plans+1","Distraction+1","ShadowRift+1","JustLucky"],"picked":"SKIP","floor":46},{"not_picked":["Acrobatics+1","hubris:SlightOfHand+1","PiercingWail+1","ThirdEye"],"picked":"SKIP","floor":47},{"not_picked":["Bane+1","ReplayTheSpireMod:Necrosis+1","Skewer+1","EmptyFist"],"picked":"SKIP","floor":48},{"not_picked":["Quick Slash","Heel Hook+1","Dodge and Roll+1","ReachHeaven"],"picked":"SKIP","floor":49},{"not_picked":["Quick Slash","Heel Hook+1","Dodge and Roll+1","ReachHeaven"],"picked":"SKIP","floor":49},{"not_picked":["Concentrate+1","Blade Dance+1","Riddle With Holes","PathToVictory"],"picked":"SKIP","floor":50},{"not_picked":["Deadly Poison+1","Backflip+1","Catalyst+1","Consecrate"],"picked":"SKIP","floor":54},{"not_picked":["Endless Agony","Blade Dance+1","PiercingWail+1","CutThroughFate"],"picked":"SKIP","floor":55},{"not_picked":["Toxin Wave+1","All Out Attack","hubris:SlightOfHand+1","EmptyFist"],"picked":"SKIP","floor":57},{"not_picked":["ReplayTheSpireMod:Shiv Toss","Slice","hubris:Sniper"],"picked":"SKIP","floor":59},{"not_picked":["Distraction","Prepared","All Out Attack"],"picked":"SKIP","floor":60},{"not_picked":["Tactician","Toxin Wave","Bane"],"picked":"SKIP","floor":64},{"not_picked":["Dagger Throw","Fluid Movement","Backflip"],"picked":"SKIP","floor":68},{"not_picked":["Underhanded Strike","Sucker Punch","Deflect"],"picked":"SKIP","floor":69},{"not_picked":["ReplayTheSpireMod:Scrap Shanks","Blade Dance","conspire:PoisonWeapons+1"],"picked":"SKIP","floor":73},{"not_picked":["Dodge and Roll","Dagger Throw","Dash"],"picked":"SKIP","floor":74},{"not_picked":["Poisoned Stab","Hidden Blade"],"picked":"Slice+1","floor":75},{"not_picked":["hubris:SlightOfHand","Bane","PiercingWail"],"picked":"SKIP","floor":77},{"not_picked":["Skewer+1","Deflect","Escape Plan"],"picked":"SKIP","floor":78},{"not_picked":["Dagger Spray+1","Noxious Fumes","Hidden Blade"],"picked":"SKIP","floor":79},{"not_picked":["Bane","PiercingWail","Backflip"],"picked":"SKIP","floor":80},{"not_picked":["Deadly Poison","Underhanded Strike+1","Footwork+1"],"picked":"SKIP","floor":82},{"not_picked":["Dagger Spray","Blade Dance","After Image"],"picked":"SKIP","floor":85},{"not_picked":["Acrobatics","Reflex","Slice"],"picked":"SKIP","floor":86},{"not_picked":["Blade Dance+1","Crippling Poison+1","Quick Slash"],"picked":"SKIP","floor":90},{"not_picked":["conspire:DoublingDagger","Sucker Punch+1","Flechettes+1"],"picked":"SKIP","floor":93},{"not_picked":["ReplayTheSpireMod:??????????????????????","infinitespire:Starlight"],"picked":"infinitespire:NeuralNetwork","floor":95},{"not_picked":["Replay:Bag of Tricks","Doppelganger","Noxious Fumes"],"picked":"SKIP","floor":95},{"not_picked":["Reflex+1","hubris:SlightOfHand","Quick Slash"],"picked":"SKIP","floor":96},{"not_picked":["Dagger Spray+1","Cloak And Dagger","Acrobatics+1"],"picked":"SKIP","floor":100},{"not_picked":["Underhanded Strike+1","Choke+1","hubris:Counter+1"],"picked":"SKIP","floor":101},{"not_picked":["Masterful Stab","Poison Darts","Acrobatics"],"picked":"SKIP","floor":103},{"not_picked":["Sucker Punch","Underhanded Strike+1","ReplayTheSpireMod:Scrap Shanks"],"picked":"SKIP","floor":107},{"not_picked":["Deflect","ReplayTheSpireMod:Exploit Weakness","PiercingWail+1"],"picked":"SKIP","floor":108},{"not_picked":["Flying Knee+1","Quick Slash","Distraction+1"],"picked":"SKIP","floor":112},{"not_picked":["Acrobatics","Outmaneuver","Bane"],"picked":"SKIP","floor":118}],"player_experience":556493,"relics_obtained":[{"floor":7,"key":"Pantograph"},{"floor":10,"key":"Incense Burner"},{"floor":19,"key":"Ornamental Fan"},{"floor":21,"key":"The Courier"},{"floor":23,"key":"Durian"},{"floor":24,"key":"WizardHat"},{"floor":25,"key":"infinitespire:CursedDice"},{"floor":26,"key":"MawBank"},{"floor":27,"key":"infinitespire:WardingShard"},{"floor":28,"key":"PreservedInsect"},{"floor":34,"key":"hubris:DisguiseKit"},{"floor":42,"key":"Ancient Tea Set"},{"floor":43,"key":"halation:IllGainedPizza"},{"floor":45,"key":"Toxic Egg 2"},{"floor":47,"key":"StoneCalendar"},{"floor":51,"key":"Tingsha"},{"floor":59,"key":"trackpad:IceCube"},{"floor":59,"key":"Pet Ghost"},{"floor":61,"key":"hubris:SlimyHat"},{"floor":62,"key":"conspire:InfiniteJournal"},{"floor":63,"key":"halation:TwoAmDonut"},{"floor":65,"key":"infinitespire:ShieldingShard"},{"floor":70,"key":"The Specimen"},{"floor":75,"key":"Red Mask"},{"floor":78,"key":"aspiration:ChemicalBlood"},{"floor":78,"key":"infinitespire:Beetle Shell"},{"floor":80,"key":"Pen Nib"},{"floor":80,"key":"Matryoshka"},{"floor":81,"key":"Regal Pillow"},{"floor":81,"key":"trackpad:WritersBlock"},{"floor":83,"key":"trackpad:AdjectivePendant"},{"floor":87,"key":"SuspiciousGoo"},{"floor":92,"key":"conspire:TopHat"},{"floor":94,"key":"infinitespire:Lucky Rock"},{"floor":94,"key":"Girya"},{"floor":95,"key":"Blue Doll"},{"floor":95,"key":"Iron Hammer"},{"floor":98,"key":"Grinning Jar"},{"floor":107,"key":"paleoftheancients:SoulOfTheShowman"},{"floor":108,"key":"paleoftheancients:SoulOfTheBard"},{"floor":111,"key":"aspiration:DSix"},{"floor":112,"key":"paleoftheancients:SoulOfTheShrineMaiden"},{"floor":113,"key":"Frozen Egg 2"}],"event_choices":[{"damage_healed":0,"gold_gain":0,"player_choice":"1 cards matched","damage_taken":0,"max_hp_gain":0,"max_hp_loss":0,"event_name":"Match and Keep!","floor":2,"gold_loss":0,"cards_obtained":["hubris:Gluttony"]},{"damage_healed":0,"gold_gain":0,"player_choice":"1 cards matched","damage_taken":0,"max_hp_gain":0,"max_hp_loss":0,"event_name":"Match and Keep!","floor":2,"gold_loss":0,"cards_obtained":["hubris:Gluttony"]},{"damage_healed":0,"gold_gain":0,"player_choice":"Take Damage","damage_taken":17,"relics_obtained":["Golden Idol"],"max_hp_gain":0,"max_hp_loss":0,"event_name":"Golden Idol","floor":5,"gold_loss":0},{"damage_healed":0,"gold_gain":0,"player_choice":"Gave Potion","damage_taken":0,"relics_obtained":["halation:BlackBeret"],"max_hp_gain":0,"max_hp_loss":0,"event_name":"WeMeetAgain","floor":22,"gold_loss":0},{"damage_healed":0,"gold_gain":0,"player_choice":"Fought Bandits","damage_taken":0,"max_hp_gain":0,"max_hp_loss":0,"event_name":"Masked Bandits","floor":75,"gold_loss":0},{"damage_healed":0,"gold_gain":275,"player_choice":"Desecrate","damage_taken":0,"max_hp_gain":0,"max_hp_loss":0,"event_name":"Golden Shrine","floor":76,"gold_loss":0,"cards_obtained":["Regret"]}],"is_beta":true,"boss_relics":[{"not_picked":["energizedSpire:PogoStick","hubris:CrackedHourglass"],"picked":"aspiration:FutureDiary"},{"not_picked":["Velvet Choker","trackpad:Trackpad"],"picked":"Ring of Chaos"},{"not_picked":["halation:CatFaceCupcake","conspire:SlowCooker"],"picked":"Black Star"},{"not_picked":["aspiration:DefectSkillbook","ChewingGum"],"picked":"Replay:Wanted Poster"},{"not_picked":["SacredBark","energizedSpire:PogoStick"],"picked":"infinitespire:Cupcake"},{"not_picked":["energizedSpire:EnergizedDie","hubris:CrackedHourglass"],"picked":"Fusion Hammer"},{"not_picked":["hubris:GrandSneckoEye","energizedSpire:StickyHand"],"picked":"Empty Cage"}],"items_purged_floors":[114],"is_endless":true,"potions_floor_spawned":[10,12,18,19,29,30,35,38,40,49,50,52,54,57,64,68,71,73,78,82,85,86,90,93,96,101,103,108,112],"ascension_level":0}}