{"host":"jjunaul04msmo6r1","time":1608840172,"event":{"mods":["BaseMod","Better Third Choice","Booster Modes","Colored Map","Downfall","Minty Spire (QoL Compilation)","Relic Stats","StSLib","UnlockEverythingMod","everything is the same but u backflip on backflip"],"gold_per_floor":[99,118,136,136,155,180,180,180,206,206,219,245,245,245,265,368,368,293,311,331,331,350,378,404,430,450,462,387,412,412,441,473,590,602,539,571,583,609,634,677,714,740,777,889,661,676,696,723,733,733],"floor_reached":51,"playtime":45195,"items_purged":["Parasite"],"score":1555,"play_id":"0a97cc1a-6d8f-422a-b35b-c0e2c6d39afd","local_time":"20201224130252","is_ascension_mode":true,"campfire_choices":[{"data":"champ:Taunt","floor":1,"key":"SMITH"},{"data":"champ:Lariat","floor":10,"key":"SMITH"},{"floor":13,"key":"RECALL"},{"data":"champ:Improvising","floor":18,"key":"SMITH"},{"floor":28,"key":"REST"},{"data":"champ:FocusedDefense","floor":35,"key":"SMITH"}],"circlet_count":0,"master_deck":["champ:Strike+1","champ:Strike","champ:Defend","champ:Taunt+1","champ:BringItOn","champ:FocusedDefense+1","champ:Shatter","champ:Circumvent","champ:Lariat+1","champ:AdrenalArmor","champ:TornadoPunch","champ:Improvising+1","champ:DefensiveShout","champ:ShieldSigil","champ:Circumvent+1","champ:ShieldWall","champ:EnGarde","champ:VampiricStrike","champ:ArenaPreparation","champ:RageSigil+1","champ:FalseCounter"],"relics":["champ:ChampionCrown","Turnip","Dead Branch","champ:GladiatorsBookOfMartialProwess","Pocketwatch","Bronze Scales","SlaversCollar","downfall:HeartBlessingRed","Mercury Hourglass","Bag of Marbles","downfall:HeartBlessingBlue","champ:FightingForDummies","MawBank","Philosopher\u0027s Stone","downfall:HeartBlessingGreen","Unceasing Top","MealTicket","Gremlin Horn","Anchor","Akabeko"],"acts_visited":["Exordium","TheCity","TheBeyond"],"potions_floor_usage":[6,27,29,39,42,46],"damage_taken":[{"damage":21,"enemies":"Cultist","floor":2,"turns":5},{"damage":12,"enemies":"Jaw Worm","floor":3,"turns":5},{"damage":5,"enemies":"2 Louse","floor":5,"turns":2},{"damage":18,"enemies":"3 Sentries","floor":6,"turns":8},{"damage":23,"enemies":"Lagavulin","floor":9,"turns":7},{"damage":7,"enemies":"Large Slime","floor":11,"turns":5},{"damage":20,"enemies":"3 Sentries","floor":12,"turns":6},{"damage":2,"enemies":"Gremlin Gang","floor":15,"turns":4},{"damage":5,"enemies":"downfall:Watcher","floor":16,"turns":9},{"damage":12,"enemies":"Spheric Guardian","floor":19,"turns":4},{"damage":22,"enemies":"3 Byrds","floor":20,"turns":4},{"damage":16,"enemies":"Snake Plant","floor":22,"turns":5},{"damage":9,"enemies":"Book of Stabbing","floor":23,"turns":5},{"damage":20,"enemies":"Slavers","floor":25,"turns":4},{"damage":4,"enemies":"Snecko","floor":26,"turns":5},{"damage":3,"enemies":"Centurion and Healer","floor":27,"turns":3},{"damage":23,"enemies":"Gremlin Leader","floor":29,"turns":11},{"damage":4,"enemies":"Gremlin Leader","floor":30,"turns":6},{"damage":2,"enemies":"Slavers","floor":31,"turns":4},{"damage":12,"enemies":"Chosen and Byrds","floor":32,"turns":5},{"damage":10,"enemies":"downfall:Silent","floor":33,"turns":9},{"damage":2,"enemies":"3 Shapes","floor":36,"turns":5},{"damage":0,"enemies":"3 Darklings","floor":38,"turns":4},{"damage":0,"enemies":"Sphere and 2 Shapes","floor":39,"turns":3},{"damage":56,"enemies":"Nemesis","floor":40,"turns":9},{"damage":26,"enemies":"Writhing Mass","floor":42,"turns":4},{"damage":36,"enemies":"Reptomancer","floor":43,"turns":8},{"damage":12,"enemies":"downfall:FleeingMerchant","floor":45,"turns":4},{"damage":47,"enemies":"Spire Growth","floor":46,"turns":5},{"damage":15,"enemies":"Sphere and 2 Shapes","floor":47,"turns":6},{"damage":17,"enemies":"Giant Head","floor":48,"turns":9},{"damage":22,"enemies":"4 Shapes","floor":49,"turns":2},{"damage":25,"enemies":"downfall:Defect","floor":50,"turns":7}],"seed_played":"-6784043061754420082","potions_obtained":[{"floor":5,"key":"EssenceOfSteel"},{"floor":9,"key":"DuplicationPotion"},{"floor":11,"key":"sneckomod:MuddlingPotion"},{"floor":12,"key":"EssenceOfSteel"},{"floor":22,"key":"champ:OpenerPotion"},{"floor":27,"key":"BlessingOfTheForge"},{"floor":31,"key":"ColorlessPotion"},{"floor":40,"key":"LiquidMemories"},{"floor":42,"key":"Guardian:BlockOnCardUsePotion"},{"floor":46,"key":"Fruit Juice"},{"floor":48,"key":"FearPotion"}],"is_trial":false,"path_per_floor":["R","M","M","?","M","E","T","?","E","R","M","E","R","?","M","B",null,"R","M","M","?","M","E","T","E","M","M","R","E","?","E","M","B",null,"R","M","?","M","M","E","T","M","E","?","$","M","M","E","M","B",null],"character_chosen":"THE_CHAMP","items_purchased":["Anchor"],"campfire_rested":1,"item_purchase_floors":[45],"current_hp_per_floor":[81,63,61,66,61,53,53,53,45,45,43,40,40,40,40,39,86,86,81,59,51,50,43,43,25,21,18,56,50,46,46,40,40,96,96,96,96,96,96,53,53,34,45,45,74,53,45,80,80,70],"gold":733,"neow_bonus":"ONE_RARE_RELIC","is_daily":false,"chose_seed":false,"campfire_upgraded":4,"win_rate":0.0,"timestamp":1608840172,"path_taken":["R","M","?","?","M","E","T","?","E","R","M","E","R","?","M","BOSS","R","M","?","?","M","E","T","E","M","?","R","E","?","E","M","BOSS","R","M","?","M","M","E","T","M","E","?","$","?","?","E","M","BOSS"],"items_purchased_type":["Relic"],"build_version":"2020-12-22","purchased_purges":1,"victory":true,"max_hp_per_floor":[81,81,81,86,86,86,86,86,86,86,86,86,86,86,86,86,86,86,86,86,86,86,86,86,86,86,86,96,96,96,96,96,96,96,96,96,96,96,96,96,96,96,96,96,93,98,98,98,98,98],"relic_stats":{"Gremlin Horn":[5,5],"counters":[33,182],"Dead Branch":[41],"Bronze Scales":[415],"MealTicket":15,"Turnip":[19],"MawBank":168,"obtain_stats":[{"downfall:HeartBlessingRed":18,"Gremlin Horn":43,"Dead Branch":6,"champ:ChampionCrown":0,"downfall:HeartBlessingGreen":35,"MawBank":31,"Akabeko":48,"champ:GladiatorsBookOfMartialProwess":7,"Mercury Hourglass":23,"SlaversCollar":17,"Anchor":45,"downfall:HeartBlessingBlue":28,"Bronze Scales":12,"Philosopher\u0027s Stone":34,"MealTicket":41,"Turnip":0,"Bag of Marbles":25,"champ:FightingForDummies":29,"Unceasing Top":40,"Pocketwatch":9},{"downfall:HeartBlessingRed":9,"Gremlin Horn":27,"Dead Branch":4,"champ:ChampionCrown":0,"downfall:HeartBlessingGreen":21,"MawBank":19,"Akabeko":31,"champ:GladiatorsBookOfMartialProwess":4,"Mercury Hourglass":13,"SlaversCollar":9,"Anchor":28,"downfall:HeartBlessingBlue":16,"Bronze Scales":7,"Philosopher\u0027s Stone":21,"MealTicket":25,"Turnip":0,"Bag of Marbles":14,"champ:FightingForDummies":17,"Unceasing Top":25,"Pocketwatch":5},{"downfall:HeartBlessingRed":51,"Gremlin Horn":149,"Dead Branch":20,"champ:ChampionCrown":0,"downfall:HeartBlessingGreen":116,"MawBank":102,"Akabeko":173,"champ:GladiatorsBookOfMartialProwess":20,"Mercury Hourglass":69,"SlaversCollar":51,"Anchor":153,"downfall:HeartBlessingBlue":81,"Bronze Scales":38,"Philosopher\u0027s Stone":116,"MealTicket":137,"Turnip":0,"Bag of Marbles":73,"champ:FightingForDummies":92,"Unceasing Top":137,"Pocketwatch":27}],"Unceasing Top":[6],"Pocketwatch":[94],"Mercury Hourglass":[422]},"card_choices":[{"not_picked":["champ:ShieldSigil","champ:BladeFlurry"],"picked":"champ:BringItOn","floor":2},{"not_picked":["champ:Circumvent","champ:FanOfKnives"],"picked":"champ:FocusedDefense","floor":3},{"not_picked":["champ:Haymaker","champ:Aggression"],"picked":"champ:Shatter","floor":5},{"not_picked":["champ:Duel","champ:EnragedBash"],"picked":"champ:Circumvent","floor":6},{"not_picked":["champ:MurderStrike","champ:DefensiveShout"],"picked":"champ:Lariat","floor":9},{"not_picked":["champ:EnragedBash","champ:PreciseThrust","champ:EndlessRage"],"picked":"SKIP","floor":11},{"not_picked":["champ:BladeFlurry","champ:GladiatorsShout","champ:FanOfKnives"],"picked":"SKIP","floor":12},{"not_picked":["champ:BerserkersShout","champ:FocusedBerserking"],"picked":"champ:TornadoPunch","floor":15},{"not_picked":["champ:ShieldSlam","champ:MurderStrike"],"picked":"champ:Improvising","floor":16},{"not_picked":["champ:RecklessLeap","champ:PerfectedStrike"],"picked":"champ:DefensiveShout","floor":19},{"not_picked":["champ:RageSigil","champ:CrookedStrike+1"],"picked":"champ:ShieldSigil","floor":20},{"not_picked":["champ:Aggression","champ:ShieldSigil+1"],"picked":"champ:Circumvent+1","floor":22},{"not_picked":["champ:StanceDance+1","champ:GutPunch"],"picked":"champ:ShieldWall","floor":23},{"not_picked":["champ:DefensiveShout","champ:GladiatorsShout+1","champ:BerserkerStyle"],"picked":"SKIP","floor":25},{"not_picked":["champ:BringItOn","champ:MurderStrike","champ:CrookedStrike+1"],"picked":"SKIP","floor":26},{"not_picked":["champ:Balance","champ:FightOn","champ:RageSigil"],"picked":"SKIP","floor":27},{"not_picked":["champ:Circumvent","champ:RecklessLeap"],"picked":"champ:EnGarde","floor":29},{"not_picked":["champ:StanceDance","champ:FlashCut+1","champ:CrownThrow"],"picked":"SKIP","floor":31},{"not_picked":["champ:Circumvent","champ:FanOfKnives","champ:GladiatorStyle+1"],"picked":"SKIP","floor":32},{"not_picked":["champ:Improvising","champ:DancingMaster"],"picked":"champ:VampiricStrike","floor":33},{"not_picked":["champ:EnragedBash","champ:Shatter+1","champ:TornadoPunch"],"picked":"SKIP","floor":36},{"not_picked":["champ:AdrenalArmor","champ:BerserkersShout+1","champ:FaceSlap"],"picked":"SKIP","floor":38},{"not_picked":["champ:BringItOn","champ:SwordSigil+1"],"picked":"champ:ArenaPreparation","floor":39},{"not_picked":["champ:GutPunch+1","champ:BladeFlurry","champ:DancingMaster"],"picked":"SKIP","floor":40},{"not_picked":["champ:ShieldSigil","champ:TornadoPunch"],"picked":"champ:RageSigil+1","floor":42},{"not_picked":["champ:BringItOn+1","champ:RageSigil","champ:TornadoPunch"],"picked":"SKIP","floor":43},{"not_picked":["champ:FanOfKnives","champ:GutPunch+1","champ:BladeFlurry"],"picked":"SKIP","floor":45},{"not_picked":["champ:Balance","champ:GladiatorsShout","champ:ShieldSigil+1"],"picked":"SKIP","floor":46},{"not_picked":["champ:CheapShot","champ:StanceDance"],"picked":"champ:FalseCounter","floor":47},{"not_picked":["champ:PerfectedStrike+1","champ:ShieldSigil","champ:RageSigil+1"],"picked":"SKIP","floor":48},{"not_picked":["champ:Backstep+1","champ:Aggression+1","champ:ShieldSigil+1"],"picked":"SKIP","floor":49}],"player_experience":370920,"relics_obtained":[{"floor":6,"key":"Dead Branch"},{"floor":7,"key":"champ:GladiatorsBookOfMartialProwess"},{"floor":9,"key":"Pocketwatch"},{"floor":12,"key":"Bronze Scales"},{"floor":23,"key":"Mercury Hourglass"},{"floor":25,"key":"Bag of Marbles"},{"floor":29,"key":"champ:FightingForDummies"},{"floor":31,"key":"MawBank"},{"floor":40,"key":"Unceasing Top"},{"floor":41,"key":"MealTicket"},{"floor":43,"key":"Gremlin Horn"},{"floor":48,"key":"Akabeko"}],"event_choices":[{"damage_healed":0,"gold_gain":0,"player_choice":"Donut","damage_taken":0,"max_hp_gain":5,"max_hp_loss":0,"event_name":"Big Fish","floor":4,"gold_loss":0},{"cards_removed":["champ:Defend"],"damage_healed":0,"gold_gain":0,"player_choice":"Card Removal","damage_taken":0,"max_hp_gain":0,"max_hp_loss":0,"event_name":"The Cleric","floor":8,"gold_loss":0},{"damage_healed":0,"gold_gain":0,"cards_transformed":["champ:Execute"],"player_choice":"Transformed","damage_taken":0,"max_hp_gain":0,"max_hp_loss":0,"event_name":"Transmorgrifier","floor":14,"gold_loss":0,"cards_obtained":["champ:AdrenalArmor"]},{"cards_removed":["champ:Defend"],"damage_healed":0,"gold_gain":0,"player_choice":"Removed Skill","damage_taken":0,"max_hp_gain":0,"max_hp_loss":0,"event_name":"Falling","floor":37,"gold_loss":0}],"is_beta":false,"boss_relics":[{"not_picked":["Snecko Eye","Tiny House"],"picked":"SlaversCollar"},{"not_picked":["Cursed Key","Astrolabe"],"picked":"Philosopher\u0027s Stone"}],"items_purged_floors":[45],"is_endless":false,"potions_floor_spawned":[5,9,11,12,15,16,19,22,23,27,30,31,40,42,46,48],"ascension_level":2}}