{"host":"mqhvlr3kpxebko0t","time":1608803759,"event":{"mods":["AchievementEnabler","BaseMod","Colored Map","Keyboard Shortcuts","Minty Spire (QoL Compilation)","StSLib","SuperFastMode"],"gold_per_floor":[115,115,115,134,134,134,165,175,198,198,198,214,228,153,153,230,230,247,257,71,89,105,105,136,153,153,28,28,60,60,70,70,148,148,165,177,189,39,52,52,52,68,93,105,105,118,118,118,118,118,118],"floor_reached":50,"playtime":984,"items_purged":["Strike_G","Strike_G","Strike_G","Defend_G"],"score":920,"play_id":"3edbd479-fe72-4d06-8174-a0feac80404c","local_time":"20201224185559","is_ascension_mode":true,"campfire_choices":[{"data":"Neutralize","floor":6.0,"key":"SMITH"},{"data":"Blade Dance","floor":10.0,"key":"SMITH"},{"data":"Blur","floor":15.0,"key":"SMITH"},{"data":"Accuracy","floor":23.0,"key":"SMITH"},{"data":"Blade Dance","floor":30.0,"key":"SMITH"},{"data":"Envenom","floor":32.0,"key":"SMITH"},{"floor":40.0,"key":"REST"},{"floor":45.0,"key":"REST"},{"data":"A Thousand Cuts","floor":49.0,"key":"SMITH"}],"circlet_count":0,"master_deck":["AscendersBane","Defend_G","Defend_G","Defend_G","Defend_G","Survivor","Neutralize+1","Blur+1","Dash","Blade Dance+1","Terror+1","Envenom+1","Calculated Gamble","Accuracy+1","Blade Dance+1","A Thousand Cuts+1","Cloak And Dagger+1","Blade Dance+1","Accuracy+1"],"relics":["Ring of the Snake","NeowsBlessing","Blood Vial","Anchor","Centennial Puzzle","SlaversCollar","Orichalcum","Molten Egg 2","HornCleat","Ancient Tea Set","Empty Cage","Bag of Preparation"],"acts_visited":["Exordium","TheCity","TheBeyond"],"potions_floor_usage":[50,50],"damage_taken":[{"damage":0.0,"enemies":"Jaw Worm","floor":1.0,"turns":1.0},{"damage":0.0,"enemies":"Small Slimes","floor":4.0,"turns":1.0},{"damage":0.0,"enemies":"3 Sentries","floor":7.0,"turns":2.0},{"damage":0.0,"enemies":"Cultist","floor":8.0,"turns":4.0},{"damage":4.0,"enemies":"Large Slime","floor":12.0,"turns":7.0},{"damage":0.0,"enemies":"Red Slaver","floor":13.0,"turns":3.0},{"damage":25.0,"enemies":"The Guardian","floor":16.0,"turns":16.0},{"damage":0.0,"enemies":"2 Thieves","floor":18.0,"turns":4.0},{"damage":1.0,"enemies":"Shell Parasite","floor":19.0,"turns":6.0},{"damage":6.0,"enemies":"Snake Plant","floor":21.0,"turns":4.0},{"damage":7.0,"enemies":"Shelled Parasite and Fungi","floor":22.0,"turns":5.0},{"damage":24.0,"enemies":"Gremlin Leader","floor":24.0,"turns":6.0},{"damage":3.0,"enemies":"Centurion and Healer","floor":25.0,"turns":4.0},{"damage":11.0,"enemies":"Slavers","floor":29.0,"turns":6.0},{"damage":4.0,"enemies":"3 Cultists","floor":31.0,"turns":4.0},{"damage":18.0,"enemies":"Automaton","floor":33.0,"turns":5.0},{"damage":0.0,"enemies":"3 Shapes","floor":35.0,"turns":5.0},{"damage":0.0,"enemies":"Orb Walker","floor":36.0,"turns":3.0},{"damage":15.0,"enemies":"Spire Growth","floor":37.0,"turns":4.0},{"damage":35.0,"enemies":"Writhing Mass","floor":39.0,"turns":5.0},{"damage":1.0,"enemies":"Jaw Worm Horde","floor":42.0,"turns":3.0},{"damage":28.0,"enemies":"4 Shapes","floor":44.0,"turns":8.0},{"damage":0.0,"enemies":"Spire Growth","floor":46.0,"turns":2.0},{"damage":37,"enemies":"Donu and Deca","floor":50,"turns":4}],"seed_played":"7262198056821299564","potions_obtained":[{"floor":1.0,"key":"Explosive Potion"},{"floor":7.0,"key":"Block Potion"},{"floor":12.0,"key":"Fire Potion"},{"floor":24.0,"key":"BlessingOfTheForge"},{"floor":25.0,"key":"EssenceOfSteel"},{"floor":31.0,"key":"AttackPotion"},{"floor":35.0,"key":"Explosive Potion"},{"floor":37.0,"key":"PowerPotion"},{"floor":42.0,"key":"Swift Potion"}],"is_trial":false,"path_per_floor":["M","?","?","M","?","R","E","M","T","R","?","M","M","$","R","B",null,"M","M","$","M","M","R","E","M","T","$","?","E","R","M","R","B",null,"M","M","M","$","M","R","?","M","T","M","R","M","$","?","R","B"],"character_chosen":"THE_SILENT","items_purchased":["Accuracy"],"campfire_rested":2,"item_purchase_floors":[20],"current_hp_per_floor":[59,64,38,40,40,40,42,44,44,44,44,42,44,44,44,21,59,61,62,62,58,53,53,31,30,30,30,30,21,21,19,19,3,54,56,58,45,45,12,33,33,34,34,8,29,31,31,31,31,0,0],"gold":118,"neow_bonus":"THREE_ENEMY_KILL","is_daily":false,"chose_seed":false,"campfire_upgraded":7,"win_rate":0.0,"timestamp":1608803759,"path_taken":["M","?","?","M","?","R","E","?","T","R","?","M","?","?","R","BOSS","M","M","$","M","M","R","E","M","T","$","?","E","R","M","R","BOSS","M","M","M","$","M","R","?","?","T","M","R","M","?","?","R","BOSS"],"items_purchased_type":["Card"],"build_version":"2020-12-22","purchased_purges":4,"victory":false,"max_hp_per_floor":[66,71,71,71,71,71,71,71,71,71,71,71,71,71,71,71,71,71,71,71,71,71,71,71,71,71,71,71,71,71,71,71,71,71,71,71,71,71,71,71,71,71,71,71,71,71,71,71,71,71,71],"card_choices":[{"not_picked":["Outmaneuver","Skewer","Caltrops"],"picked":"SKIP","floor":1.0},{"not_picked":["Skewer","Caltrops"],"picked":"Blur","floor":4.0},{"not_picked":["Flying Knee","Escape Plan"],"picked":"Blade Dance","floor":7.0},{"not_picked":["Poisoned Stab","Heel Hook"],"picked":"Terror","floor":8.0},{"not_picked":["Reflex","Dash"],"picked":"Dagger Throw","floor":12.0},{"not_picked":["Poisoned Stab","Dagger Throw","Leg Sweep"],"picked":"SKIP","floor":13.0},{"not_picked":["Glass Knife","Malaise"],"picked":"Envenom","floor":16.0},{"not_picked":["Dodge and Roll","Acrobatics"],"picked":"Calculated Gamble","floor":18.0},{"not_picked":["Choke","Sucker Punch","Well Laid Plans"],"picked":"SKIP","floor":19.0},{"not_picked":["Outmaneuver","Dodge and Roll","Underhanded Strike+1"],"picked":"SKIP","floor":21.0},{"not_picked":["Dash","PiercingWail","Eviscerate"],"picked":"SKIP","floor":22.0},{"not_picked":["Dodge and Roll","Poisoned Stab"],"picked":"Blade Dance","floor":24.0},{"not_picked":["Predator","Dagger Spray","Terror"],"picked":"SKIP","floor":25.0},{"not_picked":["Well Laid Plans","Terror","Riddle With Holes+1"],"picked":"SKIP","floor":29.0},{"not_picked":["Dagger Spray+1","Acrobatics","Flying Knee+1"],"picked":"SKIP","floor":31.0},{"not_picked":["Doppelganger","Bullet Time"],"picked":"A Thousand Cuts","floor":33.0},{"not_picked":["Noxious Fumes","Dodge and Roll","Sucker Punch+1"],"picked":"SKIP","floor":35.0},{"not_picked":["Slice+1","Outmaneuver"],"picked":"Cloak And Dagger+1","floor":36.0},{"not_picked":["Slice+1","Masterful Stab+1"],"picked":"Blade Dance+1","floor":37.0},{"not_picked":["Deadly Poison+1","Slice+1","Backstab+1"],"picked":"SKIP","floor":39.0},{"not_picked":["Dash+1","Slice+1","Caltrops"],"picked":"SKIP","floor":42.0},{"not_picked":["Masterful Stab+1","Sucker Punch+1","Dash+1"],"picked":"SKIP","floor":44.0},{"not_picked":["Expertise","Deadly Poison+1","Underhanded Strike+1"],"picked":"SKIP","floor":46.0}],"player_experience":682185,"relics_obtained":[{"floor":7.0,"key":"Anchor"},{"floor":9.0,"key":"Centennial Puzzle"},{"floor":24.0,"key":"Orichalcum"},{"floor":26.0,"key":"Molten Egg 2"},{"floor":28.0,"key":"HornCleat"},{"floor":29.0,"key":"Ancient Tea Set"},{"floor":43.0,"key":"Bag of Preparation"}],"event_choices":[{"damage_healed":0.0,"max_hp_gain":5.0,"max_hp_loss":0.0,"gold_gain":0.0,"event_name":"Big Fish","player_choice":"Donut","floor":2.0,"gold_loss":0.0,"damage_taken":0.0},{"damage_healed":0.0,"max_hp_gain":0.0,"max_hp_loss":0.0,"gold_gain":0.0,"event_name":"Scrap Ooze","player_choice":"Success","floor":3.0,"gold_loss":0.0,"damage_taken":26.0,"relics_obtained":["Blood Vial"]},{"damage_healed":0.0,"max_hp_gain":0.0,"max_hp_loss":0.0,"gold_gain":0.0,"cards_transformed":["Strike_G"],"event_name":"Transmorgrifier","player_choice":"Transformed","floor":5.0,"gold_loss":0.0,"damage_taken":0.0,"cards_obtained":["Dash"]},{"damage_healed":0.0,"max_hp_gain":0.0,"max_hp_loss":0.0,"gold_gain":0.0,"event_name":"Upgrade Shrine","player_choice":"Upgraded","floor":11.0,"gold_loss":0.0,"damage_taken":0.0,"cards_upgraded":["Terror"]},{"damage_healed":0.0,"max_hp_gain":0.0,"max_hp_loss":0.0,"gold_gain":0.0,"event_name":"Wheel of Change","player_choice":"Relic","floor":28.0,"gold_loss":0.0,"damage_taken":0.0},{"damage_healed":0.0,"max_hp_gain":0.0,"max_hp_loss":0.0,"gold_gain":0.0,"event_name":"Duplicator","player_choice":"Copied","floor":41.0,"gold_loss":0.0,"damage_taken":0.0,"cards_obtained":["Accuracy"]},{"damage_healed":0.0,"max_hp_gain":0.0,"max_hp_loss":0.0,"gold_gain":0.0,"event_name":"Mysterious Sphere","player_choice":"Ignored","floor":48.0,"gold_loss":0.0,"damage_taken":0.0}],"is_beta":false,"boss_relics":[{"not_picked":["HoveringKite","Runic Dome"],"picked":"SlaversCollar"},{"not_picked":["Busted Crown","Tiny House"],"picked":"Empty Cage"}],"items_purged_floors":[14,20,27,38],"is_endless":false,"potions_floor_spawned":[1,7,8,12,13,24,25,31,35,37,42],"killed_by":"Donu and Deca","ascension_level":16}}