{"host":"090wkw39xkpx65eq","time":1608810846,"event":{"mods":["AchievementEnabler","Aspiration","Bard","BaseMod","Beaked The Cultist","Better Altar","Better Match","Better Note","Better Sensory Stone","Better Skull","Better Third Choice","BetterRewards","CCEM","Clawfect","Colored Map","Conspire","Downfall","GifTheSpireLib","Halation","Hermit","Highlight Path","Hubris","Hunter ??","Infinite Spire","Jorbs\u0027s Wanderer Trilogy","Mad Scientist","Marisa????????","Mimic Mod","Minty Spire (QoL Compilation)","Permanent Neow","Replay The Spire","Shade Mod","Shop Mod","Spicy Shops","StSLib","Stuff the Spire","The Administrix","The Blackbeard","The Construct","The Disciple","The Gatherer","The IronCluck","The Jungle","The Mystic","The Problem Sleuth","The Runesmith","The Servant 0.9.4","The Spell Scribe","The Witch","Unceasing Turn Reminder","everything is the same but u backflip on backflip","slay the spire mod where everything is the same but ironclad has a cowboy hat"],"gold_per_floor":[99,114,125,125,125,32,103,103,103,103],"floor_reached":8,"playtime":626,"items_purged":[],"score":44,"play_id":"9eacd6fe-48c5-442b-8fd6-307666b6aed8","local_time":"20201224125406","is_ascension_mode":false,"campfire_choices":[{"floor":1,"key":"RECALL"}],"circlet_count":0,"master_deck":["champ:Strike","champ:Strike","champ:Strike","champ:Strike","champ:Defend","champ:Defend","champ:Defend","champ:Defend","champ:Execute","champ:Taunt+1","champ:DeathBlow","champ:ViciousMockery","champ:BringItOn"],"relics":["champ:ChampionCrown","ReplayFunnel","Blue Doll","Dream Catcher","CCEMRelics:TinyMinotavrHorn"],"acts_visited":["Exordium"],"potions_floor_usage":[],"damage_taken":[{"damage":18,"enemies":"infinitespire:Voidling","floor":2,"turns":5},{"damage":18,"enemies":"2 Louse","floor":3,"turns":3},{"damage":28,"enemies":"downfall:FleeingMerchant","floor":6,"turns":4},{"damage":88,"enemies":"3 Sentries","floor":8,"turns":6}],"seed_played":"-2633003712340018981","potions_obtained":[{"floor":2,"key":"SkillPotion"}],"is_trial":false,"path_per_floor":["R","M","M","?","?","$","T","E"],"character_chosen":"THE_CHAMP","items_purchased":["Dream Catcher"],"campfire_rested":0,"item_purchase_floors":[6],"current_hp_per_floor":[90,77,74,71,71,71,71,0,0,0],"gold":103,"neow_bonus":"RANDOM_COMMON_RELIC","is_daily":false,"chose_seed":false,"campfire_upgraded":0,"win_rate":0.0,"timestamp":1608810846,"path_taken":["R","M","?","?","?","$","T","E"],"items_purchased_type":["Relic"],"build_version":"2020-12-22","purchased_purges":0,"victory":false,"max_hp_per_floor":[90,90,90,90,90,90,90,90,90,90],"card_choices":[{"not_picked":["champ:GladiatorsShout","champ:Circumvent"],"picked":"champ:DeathBlow","floor":2},{"not_picked":["champ:CrookedStrike","champ:RecklessLeap"],"picked":"champ:ViciousMockery","floor":3},{"not_picked":["champ:ArenaPreparation","champ:Haymaker"],"picked":"champ:BringItOn","floor":6}],"player_experience":54125,"relics_obtained":[{"floor":7,"key":"CCEMRelics:TinyMinotavrHorn"}],"event_choices":[{"damage_healed":0,"gold_gain":0,"player_choice":"Relic ","damage_taken":3,"max_hp_gain":0,"max_hp_loss":0,"event_name":"betterThird:BetterScrap","floor":4,"gold_loss":0,"cards_obtained":["Reprogram"]},{"damage_healed":0,"gold_gain":0,"player_choice":"Grow","damage_taken":0,"max_hp_gain":0,"max_hp_loss":0,"event_name":"Living Wall","floor":5,"gold_loss":0,"cards_upgraded":["champ:Taunt"]}],"is_beta":false,"boss_relics":[],"items_purged_floors":[],"is_endless":false,"potions_floor_spawned":[2],"killed_by":"3 Sentries","ascension_level":0}}