{"host":"qwv9nni2x0umspiu","time":1608802575,"event":{"mods":["BaseMod","Downfall","Minty Spire (QoL Compilation)","Replay The Spire","StSLib","The Hierophant","Wandering Minibosses"],"gold_per_floor":[114,114,0,11,61,87,87,98,98,103,103,116,116,116,126,141,141,176,176,177,14,29,45,45,45,46,71,71,90,104,119,119,151,151,111,111],"floor_reached":35,"playtime":1785,"items_purged":["hierophant:Defend_Hierophant"],"score":742,"play_id":"a2e2aae9-9185-4d4a-95b4-2b31cd997070","local_time":"20201224013615","is_ascension_mode":true,"campfire_choices":[{"data":"hierophant:Punish","floor":7,"key":"SMITH"},{"data":"hierophant:SealAway","floor":11,"key":"SMITH"},{"data":"hierophant:Zeal","floor":17,"key":"SMITH"},{"data":"hierophant:Community","floor":25,"key":"SMITH"},{"data":"hierophant:Alms","floor":32,"key":"SMITH"},{"data":"hierophant:Shelter","floor":34,"key":"SMITH"}],"circlet_count":0,"master_deck":["AscendersBane","hierophant:Strike_Hierophant","hierophant:Strike_Hierophant","hierophant:Strike_Hierophant+1","hierophant:Strike_Hierophant","hierophant:Punish+1","hierophant:Defend_Hierophant","hierophant:Defend_Hierophant","hierophant:Defend_Hierophant","hierophant:ChurchCoffers+1","hierophant:SealAway+1","hierophant:Shelter+1","hierophant:Zeal+1","hierophant:Alms+1","hierophant:Community+1","hierophant:HammerAndAnvil"],"relics":["hierophant:PropheticMaskRelic","NeowsBlessing","Mango","ReplayTheSpireMod:Shallot","Replay:Bronze Core","Pet Ghost","Replay:Baseball","ReplayFunnel"],"acts_visited":["Exordium","TheCity"],"potions_floor_usage":[10,10,18,18,23,26,30,35],"damage_taken":[{"damage":0,"enemies":"Small Slimes","floor":1,"turns":1},{"damage":0,"enemies":"2 Louse","floor":4,"turns":1},{"damage":0,"enemies":"3 Sentries","floor":6,"turns":2},{"damage":0,"enemies":"Cultist","floor":8,"turns":3},{"damage":0,"enemies":"Large Slime","floor":10,"turns":2},{"damage":3,"enemies":"Lots of Slimes","floor":12,"turns":2},{"damage":1,"enemies":"Exordium Thugs","floor":15,"turns":4},{"damage":0,"enemies":"Blue Slaver","floor":16,"turns":2},{"damage":39,"enemies":"The Guardian","floor":18,"turns":12},{"damage":12,"enemies":"Chosen","floor":20,"turns":5},{"damage":0,"enemies":"Spheric Guardian","floor":22,"turns":2},{"damage":15,"enemies":"Snake Plant","floor":23,"turns":3},{"damage":0,"enemies":"Cultist and Chosen","floor":26,"turns":5},{"damage":2,"enemies":"Gremlin Leader","floor":27,"turns":6},{"damage":0,"enemies":"Shelled Parasite and Fungi","floor":29,"turns":4},{"damage":0,"enemies":"Book of Stabbing","floor":30,"turns":5},{"damage":5,"enemies":"Snake Plant","floor":31,"turns":4},{"damage":12,"enemies":"Gremlin Leader","floor":33,"turns":6},{"damage":15,"enemies":"Automaton","floor":35,"turns":8}],"seed_played":"2881357459980632158","potions_obtained":[{"floor":1,"key":"Swift Potion"},{"floor":6,"key":"FearPotion"},{"floor":12,"key":"SteroidPotion"},{"floor":15,"key":"Block Potion"},{"floor":22,"key":"FearPotion"},{"floor":23,"key":"ColorlessPotion"},{"floor":29,"key":"LiquidMemories"},{"floor":31,"key":"Dexterity Potion"},{"floor":33,"key":"Energy Potion"}],"is_trial":false,"path_per_floor":["M","?","$","M","?","E","R","M","T","M","R","M","PTL","PTL","M","M","R","B",null,"M","$","M","M","?","R","M","E","T","M","E","M","R","E","R","B"],"character_chosen":"HIEROPHANT","items_purchased":["hierophant:SealAway","hierophant:Shelter","hierophant:Community"],"campfire_rested":0,"item_purchase_floors":[3,3,21],"current_hp_per_floor":[68,45,45,45,45,59,59,59,59,59,59,56,56,56,55,55,55,16,71,59,59,59,44,38,38,38,36,36,36,36,31,31,19,19,4,4],"gold":111,"neow_bonus":"THREE_ENEMY_KILL","is_daily":false,"chose_seed":false,"campfire_upgraded":6,"win_rate":0.0,"timestamp":1608802575,"path_taken":["M","?","$","M","?","E","R","M","T","M","R","M","PTL","PTL","M","M","R","BOSS","M","$","M","?","?","R","M","E","T","?","E","M","R","E","R","BOSS"],"items_purchased_type":["Card","Card","Card"],"build_version":"2020-12-22","purchased_purges":1,"victory":false,"max_hp_per_floor":[75,75,75,75,75,89,89,89,89,89,89,89,89,89,89,89,89,89,89,89,89,89,89,89,89,89,89,89,89,89,89,89,89,89,89,89],"card_choices":[{"not_picked":["hierophant:Doomsaying","hierophant:FlamingChariot","hierophant:Bribe"],"picked":"SKIP","floor":1},{"not_picked":["hierophant:Encroach","hierophant:ThreeLashes","hierophant:DisplayOfPower"],"picked":"SKIP","floor":4},{"not_picked":["hierophant:Purify","hierophant:ArchangelShield","hierophant:SealAway"],"picked":"SKIP","floor":6},{"not_picked":["hierophant:FieryStrike","hierophant:Generosity"],"picked":"hierophant:Zeal","floor":8},{"not_picked":["hierophant:EyeForCoin","hierophant:Shelter","hierophant:OrnateJavelin"],"picked":"SKIP","floor":10},{"not_picked":["hierophant:RepressedViolence","hierophant:Remorse","hierophant:OrnateJavelin"],"picked":"SKIP","floor":12},{"not_picked":["hierophant:Remorse","hierophant:ConvertCurrency"],"picked":"hierophant:Alms","floor":15},{"not_picked":["hierophant:RustyCrate","hierophant:DisplayOfPower","hierophant:Zeal"],"picked":"SKIP","floor":16},{"not_picked":["hierophant:Zeal","hierophant:HolyVerse","hierophant:RepressedViolence"],"picked":"SKIP","floor":20},{"not_picked":["hierophant:AuricShield","hierophant:Dazzle","hierophant:TollTheBells"],"picked":"SKIP","floor":22},{"not_picked":["hierophant:Rebuild","hierophant:Encroach","hierophant:Martyrdom"],"picked":"SKIP","floor":23},{"not_picked":["hierophant:FieryStrike","hierophant:AuricForm","hierophant:Doomsaying+1"],"picked":"SKIP","floor":26},{"not_picked":["hierophant:FlamingChariot","hierophant:TollTheBells","hierophant:ConvertCurrency"],"picked":"SKIP","floor":27},{"not_picked":["hierophant:MorningPrayer+1","hierophant:ThreeLashes","hierophant:Doubloon"],"picked":"SKIP","floor":29},{"not_picked":["hierophant:Purify","hierophant:RustyCrate","hierophant:Remorse"],"picked":"SKIP","floor":30},{"not_picked":["hierophant:Encroach","hierophant:DisplayOfPower","hierophant:AuricBeam"],"picked":"SKIP","floor":31},{"not_picked":["hierophant:RepressedViolence","hierophant:Purify"],"picked":"hierophant:HammerAndAnvil","floor":33}],"player_experience":1299447,"relics_obtained":[{"floor":6,"key":"Mango"},{"floor":9,"key":"ReplayTheSpireMod:Shallot"},{"floor":27,"key":"Pet Ghost"},{"floor":30,"key":"Replay:Baseball"},{"floor":33,"key":"ReplayFunnel"}],"event_choices":[{"damage_healed":0,"gold_gain":0,"player_choice":"Entered Light","damage_taken":23,"max_hp_gain":0,"max_hp_loss":0,"event_name":"Shining Light","floor":2,"gold_loss":0,"cards_upgraded":["hierophant:ChurchCoffers","hierophant:Strike_Hierophant"]},{"damage_healed":0,"gold_gain":50,"player_choice":"Pray","damage_taken":0,"max_hp_gain":0,"max_hp_loss":0,"event_name":"Golden Shrine","floor":5,"gold_loss":0},{"damage_healed":0,"gold_gain":0,"player_choice":"","damage_taken":6,"max_hp_gain":0,"max_hp_loss":0,"event_name":"Knowing Skull","floor":24,"potions_obtained":[],"gold_loss":0,"cards_obtained":[]}],"is_beta":false,"boss_relics":[{"not_picked":["Painkiller Herb","ReplayTheSpireMod:DimensionalGlitch"],"picked":"Replay:Bronze Core"}],"items_purged_floors":[21],"is_endless":false,"potions_floor_spawned":[1,6,12,15,22,23,29,31,33],"killed_by":"Automaton","ascension_level":20}}