{"host":"uae2ry9d6rl7cq98","time":1608796667,"event":{"mods":["AchievementEnabler","BaseMod","BetterRewards","Colored Map","Custom Start","Hermit","Hubris","Infinite Spire","Minty Spire (QoL Compilation)","Replay The Spire","Shop Mod","StSLib","SuperFastMode","The Animator","The Hierophant","The Servant 0.9.4"],"gold_per_floor":[116,78,97,97,97,97,272,299,309,46,46,61,73,73,87,104,104,104,104],"floor_reached":18,"playtime":1111,"items_purged":["Strike_B","Doubt"],"score":164,"play_id":"7cb76c8f-46aa-4685-b2a2-226c71a75ed5","local_time":"20201223235747","is_ascension_mode":false,"campfire_choices":[{"floor":14,"key":"REST"},{"floor":17,"key":"RECALL"}],"circlet_count":0,"master_deck":["Strike_B","Strike_B","Strike_B","Defend_B","Defend_B","Defend_B","Zap","Dualcast","Barrage","Gash","Leap","Panic Button","Static Discharge+1","Mirror Shield+1","Conserve Battery+1","Barrage","ReplayTheSpireMod:Calculation Training","Loop","Loop"],"relics":["Cracked Core","Membership Card","Golden Egg","infinitespire:SolderingIron","infinitespire:FocusingShard","MerchantsRug"],"acts_visited":["Exordium"],"potions_floor_usage":[8,15,18],"damage_taken":[{"damage":1,"enemies":"Cultist","floor":1,"turns":4},{"damage":0,"enemies":"Small Slimes","floor":3,"turns":4},{"damage":30,"enemies":"3 Sentries","floor":8,"turns":6},{"damage":8,"enemies":"2 Louse","floor":9,"turns":3},{"damage":11,"enemies":"Large Slime","floor":12,"turns":3},{"damage":1,"enemies":"Exordium Wildlife","floor":13,"turns":4},{"damage":9,"enemies":"Lots of Slimes","floor":15,"turns":3},{"damage":7,"enemies":"2 Fungi Beasts","floor":16,"turns":3},{"damage":32,"enemies":"The Guardian","floor":18,"turns":2}],"seed_played":"-6574278970052843004","potions_obtained":[{"floor":1,"key":"BlessingOfTheForge"},{"floor":3,"key":"PowerPotion"},{"floor":13,"key":"Regen Potion"}],"is_trial":false,"path_per_floor":["M","$","M","PTL","PTL","?","?","E","M","$","T","M","M","R","M","M","R","B"],"character_chosen":"DEFECT","items_purchased":["Membership Card","Golden Egg","Explosive Potion","Static Discharge","MerchantsRug","Mirror Shield","Conserve Battery"],"campfire_rested":1,"item_purchase_floors":[0,0,0,10,10,10,10],"current_hp_per_floor":[64,64,64,64,64,64,64,34,26,26,26,15,14,36,36,29,29,0,0],"gold":104,"neow_bonus":"","is_daily":false,"chose_seed":false,"campfire_upgraded":0,"win_rate":0.0,"timestamp":1608796667,"path_taken":["M","?","?","PTL","PTL","?","?","E","M","$","T","M","M","R","M","M","R","BOSS"],"items_purchased_type":["Relic","Relic","Potion","Card","Relic","Card","Card"],"build_version":"2020-12-22","purchased_purges":2,"victory":false,"max_hp_per_floor":[75,75,75,75,75,75,75,75,75,75,75,75,75,75,75,75,75,75,75],"card_choices":[{"not_picked":["Steam","Compile Driver"],"picked":"Barrage","floor":1},{"not_picked":["Steam","Coolheaded"],"picked":"Gash","floor":3},{"not_picked":["Sweeping Beam","Rebound"],"picked":"Leap","floor":8},{"not_picked":["Rebound","BootSequence"],"picked":"Panic Button","floor":9},{"not_picked":["ReplaySolidLightProjector","Steam Power"],"picked":"Barrage","floor":12},{"not_picked":["Sweeping Beam","Go for the Eyes"],"picked":"ReplayTheSpireMod:Calculation Training","floor":13},{"not_picked":["Panic Button","Beam Cell"],"picked":"Loop","floor":15},{"not_picked":["Steam","Ball Lightning"],"picked":"Loop","floor":16}],"player_experience":230325,"relics_obtained":[{"floor":8,"key":"infinitespire:FocusingShard"}],"event_choices":[{"cards_removed":["Defend_B"],"damage_healed":0,"gold_gain":0,"player_choice":"Forget","damage_taken":0,"max_hp_gain":0,"max_hp_loss":0,"event_name":"Living Wall","floor":6,"gold_loss":0},{"damage_healed":0,"gold_gain":175,"player_choice":"AGREE","damage_taken":0,"max_hp_gain":0,"max_hp_loss":0,"event_name":"Liars Game","floor":7,"gold_loss":0,"cards_obtained":["Doubt"]}],"is_beta":false,"boss_relics":[],"items_purged_floors":[2,10],"is_endless":false,"potions_floor_spawned":[1,3,13],"killed_by":"The Guardian","ascension_level":0}}