{"host":"17j25xn3vk5d1e3v","time":1608777131,"event":{"mods":["AchievementEnabler","Act Like it!","BaseMod","GifTheSpireLib","Hermit","HexUI Lib","Hubris","Minty Spire (QoL Compilation)","Replay The Spire","StSLib"],"gold_per_floor":[115,131,131,148,148,180,180,195,195,223,233,247,280,298,298,398,398,417,191,205,219,229,263,263,279,350,378,378,293,34,61,61,162,162,176,176,186,204,204,238,238,270,296,296,296],"floor_reached":44,"playtime":1683,"items_purged":["Strike_P"],"score":988,"play_id":"cded1f15-e7c1-462d-bda7-305ec7c7434f","local_time":"20201224033211","is_ascension_mode":true,"campfire_choices":[{"floor":7,"key":"REST"},{"floor":15,"key":"REST"},{"floor":24,"key":"REST"},{"data":"Establishment","floor":32,"key":"SMITH"},{"data":"LikeWater","floor":41,"key":"SMITH"}],"circlet_count":0,"master_deck":["Strike_P","Strike_P","Defend_P","Defend_P","Defend_P","Defend_P","Eruption","Vigilance","PathToVictory","Conclude","CutThroughFate","FearNoEvil","LikeWater+1","PathToVictory","Establishment+1","PathToVictory","Vault+1","PathToVictory","Evaluate","ThirdEye","Protect","PathToVictory","Sanctity","Prostrate","Crescendo+1","EmptyMind"],"relics":["PureWater","NeowsBlessing","Ginger","Replay:Bottled Flurry","Ornamental Fan","Yang","Bag of Marbles","Painkiller Herb","TheAbacus","ReplayTheSpireMod:Ninjato","Centennial Puzzle","hubris:BottledHeart","Letter Opener","ReplayTheSpireMod:Shallot","hubris:CrystalStatue","VioletLotus","hubris:Towel","Anchor","Regal Pillow","Art of War"],"acts_visited":["Exordium","TheCity","TheBeyond"],"potions_floor_usage":[13,14,16,23],"damage_taken":[{"damage":0,"enemies":"Jaw Worm","floor":1,"turns":1},{"damage":0,"enemies":"Cultist","floor":2,"turns":1},{"damage":0,"enemies":"Small Slimes","floor":4,"turns":1},{"damage":36,"enemies":"3 Sentries","floor":6,"turns":6},{"damage":16,"enemies":"Exordium Wildlife","floor":8,"turns":3},{"damage":10,"enemies":"Gremlin Nob","floor":10,"turns":3},{"damage":5,"enemies":"Looter","floor":11,"turns":2},{"damage":0,"enemies":"3 Louse","floor":12,"turns":3},{"damage":10,"enemies":"3 Sentries","floor":13,"turns":6},{"damage":0,"enemies":"Blue Slaver","floor":14,"turns":1},{"damage":25,"enemies":"The Guardian","floor":16,"turns":8},{"damage":0,"enemies":"Spheric Guardian","floor":18,"turns":4},{"damage":2,"enemies":"Chosen","floor":20,"turns":3},{"damage":2,"enemies":"Sentry and Sphere","floor":21,"turns":5},{"damage":11,"enemies":"Snake Plant","floor":22,"turns":3},{"damage":28,"enemies":"Gremlin Leader","floor":23,"turns":4},{"damage":0,"enemies":"Shelled Parasite and Fungi","floor":25,"turns":4},{"damage":12,"enemies":"Book of Stabbing","floor":27,"turns":4},{"damage":0,"enemies":"Slavers","floor":31,"turns":5},{"damage":0,"enemies":"Pondfish","floor":33,"turns":8},{"damage":0,"enemies":"3 Shapes","floor":35,"turns":4},{"damage":0,"enemies":"Orb Walker","floor":37,"turns":4},{"damage":0,"enemies":"Writhing Mass","floor":38,"turns":4},{"damage":0,"enemies":"Reptomancer","floor":40,"turns":5},{"damage":0,"enemies":"Giant Head","floor":42,"turns":6},{"damage":18,"enemies":"3 Darklings","floor":44,"turns":6}],"seed_played":"-1346449162354367819","potions_obtained":[{"floor":6,"key":"Cursed Concoction"},{"floor":8,"key":"SteroidPotion"},{"floor":10,"key":"Strength Potion"},{"floor":14,"key":"Regen Potion"},{"floor":18,"key":"Swift Potion"},{"floor":25,"key":"Weak Potion"},{"floor":27,"key":"BottledMiracle"}],"is_trial":false,"path_per_floor":["M","M","?","M","?","E","R","M","T","E","M","M","E","M","R","B",null,"?","T","?","?","?","E","T","?","T","E","?","?","T","E","T","B",null,"?","?","?","?","?","E","T","E","T","?"],"character_chosen":"WATCHER","items_purchased":["TheAbacus","ReplayTheSpireMod:Shallot"],"campfire_rested":3,"item_purchase_floors":[19,30],"current_hp_per_floor":[72,72,72,72,72,36,57,41,41,31,26,26,16,16,37,27,72,72,72,70,68,57,29,50,50,50,38,1,1,1,1,1,1,1,1,1,1,1,1,1,1,1,1,0,0],"gold":296,"neow_bonus":"THREE_ENEMY_KILL","is_daily":false,"chose_seed":false,"campfire_upgraded":2,"win_rate":0.0,"timestamp":1608777131,"path_taken":["M","M","?","?","?","E","R","?","T","E","?","M","E","?","R","BOSS","?","T","?","?","?","E","T","?","T","E","?","?","T","E","T","BOSS","?","?","?","?","?","E","T","E","T","?"],"items_purchased_type":["Relic","Relic"],"build_version":"2020-12-22","purchased_purges":1,"victory":false,"max_hp_per_floor":[72,72,72,72,72,72,72,72,72,72,72,72,72,72,72,72,72,72,72,72,72,72,72,72,72,72,72,1,1,1,1,1,1,1,1,1,1,1,1,1,1,1,1,1,1],"card_choices":[{"not_picked":["Replay:AtTheReady","ThirdEye"],"picked":"PathToVictory","floor":1},{"not_picked":["CrushJoints","Sanctity"],"picked":"Conclude","floor":2},{"not_picked":["FlurryOfBlows","ClearTheMind"],"picked":"CutThroughFate","floor":4},{"not_picked":["Replay:AllIn","SignatureMove","Replay:ManipulateFuture"],"picked":"SKIP","floor":6},{"not_picked":["Wallop","EmptyMind"],"picked":"FearNoEvil","floor":8},{"not_picked":["ClearTheMind","FollowUp"],"picked":"LikeWater","floor":10},{"not_picked":["CrushJoints","Replay:DivineShield","FlyingSleeves"],"picked":"SKIP","floor":11},{"not_picked":["FlurryOfBlows","Tantrum"],"picked":"PathToVictory","floor":12},{"not_picked":["CrushJoints","Replay:BluntJabs"],"picked":"Establishment","floor":13},{"not_picked":["Replay:BluntJabs","MentalFortress"],"picked":"PathToVictory","floor":14},{"not_picked":["Judgement","Wish"],"picked":"Vault","floor":16},{"not_picked":["SandsOfTime","BowlingBash+1"],"picked":"PathToVictory","floor":18},{"not_picked":["EmptyBody","Pray+1"],"picked":"Evaluate","floor":20},{"not_picked":["Nirvana+1","FollowUp","TalkToTheHand"],"picked":"SKIP","floor":21},{"not_picked":["EmptyBody","Devotion"],"picked":"ThirdEye","floor":22},{"not_picked":["Collect","SignatureMove"],"picked":"Protect","floor":23},{"not_picked":["JustLucky+1","Worship+1"],"picked":"PathToVictory","floor":25},{"not_picked":["Consecrate","Vengeance"],"picked":"Sanctity","floor":27},{"not_picked":["FlurryOfBlows","ConjureBlade"],"picked":"Prostrate","floor":31},{"not_picked":["Replay:AtTheReady","SignatureMove+1","ReachHeaven"],"picked":"SKIP","floor":35},{"not_picked":["Consecrate+1","CutThroughFate+1"],"picked":"Crescendo+1","floor":37},{"not_picked":["Replay:BluntJabs+1","Tantrum","BattleHymn+1"],"picked":"SKIP","floor":38},{"not_picked":["Blasphemy","CrushJoints","Halt+1"],"picked":"SKIP","floor":40},{"not_picked":["Judgement","ReachHeaven+1"],"picked":"EmptyMind","floor":42}],"player_experience":202675,"relics_obtained":[{"floor":5,"key":"Ginger"},{"floor":6,"key":"Replay:Bottled Flurry"},{"floor":9,"key":"Ornamental Fan"},{"floor":10,"key":"Yang"},{"floor":13,"key":"Bag of Marbles"},{"floor":23,"key":"ReplayTheSpireMod:Ninjato"},{"floor":27,"key":"Centennial Puzzle"},{"floor":31,"key":"hubris:CrystalStatue"},{"floor":40,"key":"Anchor"},{"floor":42,"key":"Regal Pillow"},{"floor":43,"key":"Art of War"}],"event_choices":[{"cards_removed":["Strike_P"],"damage_healed":0,"gold_gain":0,"player_choice":"Offered Basic","damage_taken":0,"max_hp_gain":0,"max_hp_loss":0,"event_name":"Bonfire Elementals","floor":3,"gold_loss":0},{"damage_healed":0,"gold_gain":0,"player_choice":"Relic","damage_taken":0,"max_hp_gain":0,"max_hp_loss":0,"event_name":"Wheel of Change","floor":5,"gold_loss":0},{"damage_healed":0,"gold_gain":0,"player_choice":"Obtained Relic","damage_taken":0,"relics_obtained":["Letter Opener"],"max_hp_gain":0,"max_hp_loss":0,"event_name":"Addict","floor":29,"gold_loss":85}],"is_beta":false,"boss_relics":[{"not_picked":["Cursed Key","hubris:GrandSneckoEye"],"picked":"Painkiller Herb"},{"not_picked":["Velvet Choker","ChewingGum"],"picked":"VioletLotus"}],"items_purged_floors":[19],"is_endless":false,"potions_floor_spawned":[6,8,10,14,18,25,27,31,38,42],"killed_by":"3 Darklings","ascension_level":2}}