{"host":"hg4d4z00zcdsq8kr","time":1608832958,"event":{"mods":["BaseMod","Downfall","Hubris","Infinite Spire","Minty Spire (QoL Compilation)","Replay The Spire","StSLib"],"gold_per_floor":[114,114,127,127,127,145,145,172,172,185,185,185,199,224,224,320,320,330,343,343,361,379,379,304,304,304,319,319,134,134,162,162,263,263,274,292,64,80,94,105,105,105,105,118,118,133,145,145,145,145],"floor_reached":51,"playtime":3128,"items_purged":[],"score":506,"play_id":"4f8a14fd-e4a9-4abf-9e19-2afdc92c6218","local_time":"20201224210238","is_ascension_mode":false,"campfire_choices":[{"floor":12,"key":"REST"},{"data":"Adrenaline","floor":15,"key":"SMITH"},{"floor":23,"key":"REST"},{"floor":25,"key":"REST"},{"data":"Concentrate","floor":30,"key":"SMITH"},{"floor":41,"key":"REST"},{"floor":45,"key":"REST"},{"data":"ReplayTheSpireMod:Scrap Shanks","floor":49,"key":"SMITH"}],"circlet_count":0,"master_deck":["Strike_G+1","Strike_G+1","Strike_G","Defend_G","Defend_G","Defend_G","Defend_G","Defend_G","Survivor","Neutralize+1","Eviscerate+1","Concentrate+1","Tactician","infinitespire:Starlight","Footwork+1","Infinite Blades","Acrobatics","Adrenaline+1","Unload+1","Footwork+1","Dagger Spray","Underhanded Strike","ReplayTheSpireMod:Splinters","PiercingWail","Bullet Time","Accuracy+1","Leg Sweep+1","ReplayTheSpireMod:Scrap Shanks+1","Sneak Up+1","Prepared","Endless Agony+1","ReplayTheSpireMod:Shiv Toss+1"],"relics":["m_SnakeBloodCore","infinitespire:EmpoweringShard","infinitespire:Cubic Diamond","hubris:64BitClover","Pen Nib","Blood Vial","hubris:Backtick","Tough Bandages","MutagenicStrength","White Beast Statue","Replay:Bottled Flurry","Replay:Bottled Eggs","Guide Book","ReplayTheSpireMod:Lightbulb","Painkiller Herb","Juzu Bracelet","Whetstone","Centennial Puzzle"],"acts_visited":["Exordium","TheCity","TheBeyond"],"potions_floor_usage":[8,14,16,18,31,31,33,38,39,40,40,44,47,47,50],"damage_taken":[{"damage":0,"enemies":"2 Louse","floor":1,"turns":4},{"damage":0,"enemies":"Jaw Worm","floor":3,"turns":5},{"damage":0,"enemies":"Small Slimes","floor":6,"turns":3},{"damage":36,"enemies":"Gremlin Nob","floor":8,"turns":5},{"damage":0,"enemies":"2 Fungi Beasts","floor":10,"turns":5},{"damage":2,"enemies":"Looter","floor":13,"turns":3},{"damage":17,"enemies":"Lagavulin","floor":14,"turns":5},{"damage":32,"enemies":"The Guardian","floor":16,"turns":14},{"damage":9,"enemies":"2 Thieves","floor":18,"turns":5},{"damage":15,"enemies":"Spheric Guardian","floor":19,"turns":4},{"damage":27,"enemies":"Shelled Parasite and Fungi","floor":21,"turns":6},{"damage":25,"enemies":"3 Cultists","floor":22,"turns":6},{"damage":15,"enemies":"Sentry and Sphere","floor":27,"turns":6},{"damage":8,"enemies":"Slavers","floor":31,"turns":6},{"damage":69,"enemies":"hubris:MusketHawk","floor":33,"turns":10},{"damage":8,"enemies":"Orb Walker","floor":35,"turns":3},{"damage":26,"enemies":"3 Shapes","floor":36,"turns":5},{"damage":4,"enemies":"3 Darklings","floor":38,"turns":4},{"damage":33,"enemies":"Transient","floor":39,"turns":5},{"damage":30,"enemies":"Maw","floor":40,"turns":8},{"damage":7,"enemies":"Sphere and 2 Shapes","floor":44,"turns":3},{"damage":2,"enemies":"Writhing Mass","floor":46,"turns":5},{"damage":12,"enemies":"3 Darklings","floor":47,"turns":3},{"damage":4,"enemies":"Replay:Hell Engine","floor":50,"turns":6}],"seed_played":"-3582804189139373940","potions_obtained":[{"floor":6,"key":"Weak Potion"},{"floor":10,"key":"Cursed Concoction"},{"floor":14,"key":"Milkshake"},{"floor":16,"key":"GamblersBrew"},{"floor":21,"key":"Elixir"},{"floor":22,"key":"sneckomod:MuddlingPotion"},{"floor":27,"key":"SteroidPotion"},{"floor":31,"key":"Explosive Potion"},{"floor":33,"key":"SpeedPotion"},{"floor":35,"key":"Languid Potion"},{"floor":36,"key":"SkillPotion"},{"floor":38,"key":"BlessingOfTheForge"},{"floor":39,"key":"FearPotion"},{"floor":40,"key":"Flashbang"},{"floor":44,"key":"Swift Potion"},{"floor":46,"key":"Block Potion"},{"floor":47,"key":"Slimebound:ThreeZeroPotion"}],"is_trial":false,"path_per_floor":["M","?","M","?","?","M","?","E","T","M","?","R","M","E","R","B",null,"M","M","?","M","M","R","?","R","T","M","?","$","R","E","R","B",null,"?","?","T","?","?","?","T","?","T","?","T","?","?","?","T","B",null],"character_chosen":"THE_SILENT","items_purchased":["Guide Book","PiercingWail","ReplayTheSpireMod:Scrap Shanks","Juzu Bracelet"],"campfire_rested":5,"item_purchase_floors":[29,29,37,37],"current_hp_per_floor":[70,70,70,70,70,70,53,20,20,33,33,54,65,60,60,43,70,70,58,58,46,36,57,57,70,70,68,68,68,68,70,70,14,70,65,48,48,59,41,26,47,47,47,55,70,70,61,61,61,62],"gold":145,"neow_bonus":"UPGRADE_CARD","is_daily":false,"chose_seed":false,"campfire_upgraded":3,"win_rate":0.0,"timestamp":1608832958,"path_taken":["M","?","M","?","?","M","?","E","T","?","?","R","M","E","R","BOSS","M","M","?","M","M","R","?","R","T","M","?","$","R","E","R","BOSS","?","?","T","?","?","?","T","?","T","?","T","?","?","?","T","BOSS"],"items_purchased_type":["Relic","Card","Card","Relic"],"build_version":"2020-12-22","purchased_purges":0,"victory":true,"max_hp_per_floor":[70,70,70,70,70,70,70,70,70,70,70,70,70,70,70,70,70,70,70,70,70,70,70,70,70,70,70,70,70,70,70,70,70,70,70,70,70,70,70,70,70,70,70,70,70,70,70,70,70,70],"card_choices":[{"not_picked":["PiercingWail","Dodge and Roll"],"picked":"Eviscerate","floor":1},{"not_picked":["Terror","Sucker Punch","Skewer"],"picked":"SKIP","floor":3},{"not_picked":["Backflip","Underhanded Strike"],"picked":"Tactician","floor":6},{"not_picked":["ReplayTheSpireMod:Book of Names","hubris:Rewind"],"picked":"infinitespire:Starlight","floor":7},{"not_picked":["Crippling Poison","Flying Knee"],"picked":"Footwork","floor":8},{"not_picked":["Calculated Gamble","Slice"],"picked":"Infinite Blades","floor":10},{"not_picked":["PiercingWail","Bane"],"picked":"Acrobatics","floor":13},{"not_picked":["Outmaneuver","Blade Dance"],"picked":"Adrenaline","floor":14},{"not_picked":["A Thousand Cuts","Wraith Form v2"],"picked":"Unload","floor":16},{"not_picked":["Dodge and Roll","Hidden Blade+1"],"picked":"Footwork","floor":18},{"not_picked":["Sucker Punch","PiercingWail","Acrobatics"],"picked":"SKIP","floor":19},{"not_picked":["Sucker Punch","PiercingWail","Acrobatics"],"picked":"SKIP","floor":19},{"not_picked":["Fluid Movement","Acrobatics","Dagger Spray+1"],"picked":"SKIP","floor":21},{"not_picked":["Dodge and Roll","ReplayTheSpireMod:Speed Training+1"],"picked":"Dagger Spray","floor":22},{"not_picked":["Acrobatics","Blade Dance"],"picked":"Underhanded Strike","floor":27},{"not_picked":["Flying Knee","Heel Hook","Dodge and Roll+1"],"picked":"SKIP","floor":31},{"not_picked":["Die Die Die","Atom Bomb"],"picked":"Bullet Time","floor":33},{"not_picked":["Flechettes+1","Terror+1"],"picked":"Accuracy+1","floor":35},{"not_picked":["Dodge and Roll","Deflect+1"],"picked":"Leg Sweep+1","floor":36},{"not_picked":["Blur","Quick Slash"],"picked":"Sneak Up+1","floor":38},{"not_picked":["Heel Hook","Dodge and Roll","Poisoned Stab+1"],"picked":"SKIP","floor":39},{"not_picked":["Tactician","Blade Dance+1"],"picked":"Prepared","floor":40},{"not_picked":["Replay:Poison Smokescreen","Backstab"],"picked":"Endless Agony+1","floor":44},{"not_picked":["Poisoned Stab","Blade Dance","Sneak Up"],"picked":"SKIP","floor":46},{"not_picked":["Hidden Blade+1","Dodge and Roll"],"picked":"ReplayTheSpireMod:Shiv Toss","floor":47}],"player_experience":608812,"relics_obtained":[{"floor":2,"key":"infinitespire:EmpoweringShard"},{"floor":8,"key":"hubris:64BitClover"},{"floor":9,"key":"Pen Nib"},{"floor":14,"key":"Blood Vial"},{"floor":22,"key":"White Beast Statue"},{"floor":26,"key":"Replay:Bottled Flurry"},{"floor":28,"key":"Replay:Bottled Eggs"},{"floor":31,"key":"ReplayTheSpireMod:Lightbulb"},{"floor":40,"key":"Whetstone"},{"floor":43,"key":"Centennial Puzzle"}],"event_choices":[{"damage_healed":0,"gold_gain":0,"cards_transformed":["Strike_G"],"player_choice":"Change","damage_taken":0,"max_hp_gain":0,"max_hp_loss":0,"event_name":"Living Wall","floor":4,"gold_loss":0,"cards_obtained":["Concentrate"]},{"damage_healed":0,"gold_gain":0,"player_choice":"Ignored","damage_taken":0,"max_hp_gain":0,"max_hp_loss":0,"event_name":"Golden Wing","floor":11,"gold_loss":0},{"damage_healed":0,"gold_gain":0,"player_choice":"Inject Mutagens","damage_taken":0,"relics_obtained":["MutagenicStrength"],"max_hp_gain":0,"max_hp_loss":0,"event_name":"Drug Dealer","floor":20,"gold_loss":0},{"cards_removed":["Strike_G"],"damage_healed":0,"gold_gain":0,"player_choice":"Gave Gold","damage_taken":0,"max_hp_gain":0,"max_hp_loss":0,"event_name":"Beggar","floor":24,"gold_loss":75},{"cards_removed":["PiercingWail"],"damage_healed":0,"gold_gain":0,"player_choice":"Removed Skill","damage_taken":0,"max_hp_gain":0,"max_hp_loss":0,"event_name":"Falling","floor":42,"gold_loss":0}],"is_beta":false,"boss_relics":[{"not_picked":["Fusion Hammer","ReplayTheSpireMod:DimensionalGlitch"],"picked":"hubris:Backtick"},{"not_picked":["SlaversCollar","hubris:CrackedHourglass"],"picked":"Painkiller Herb"}],"items_purged_floors":[],"is_endless":false,"potions_floor_spawned":[6,10,14,16,21,22,27,31,33,35,36,38,39,40,44,46,47],"ascension_level":0}}