{"host":"cij6922spxtbkai3","time":1608842995,"event":{"mods":["2.2 Compatiblity","AchievementEnabler","BaseMod","Colored Map","DeckTracker","Highlight Path","Keyboard Shortcuts","Minty Spire (QoL Compilation)","Permanent Neow","Quick Restart","Rare Cards Sparkle","SuperFastMode","everything is the same but u backflip on backflip"],"gold_per_floor":[116,133,152,152,152,152,170,170,170,170,181,194,208,226,226,323,323,337,350,275,275,223,223,223,223,272,272,306,306,306],"floor_reached":29,"playtime":1168,"items_purged":[],"score":260,"play_id":"375d76af-b936-4c64-b1fa-47d19a82c792","local_time":"20201225054955","is_ascension_mode":false,"campfire_choices":[{"data":"Limit Break","floor":6,"key":"SMITH"},{"data":"Pommel Strike","floor":8,"key":"SMITH"},{"data":"Inflame","floor":15,"key":"SMITH"},{"floor":23,"key":"REST"},{"data":"Heavy Blade","floor":25,"key":"SMITH"},{"data":"Heavy Blade","floor":27,"key":"SMITH"}],"circlet_count":0,"master_deck":["Strike_R","Strike_R","Defend_R","Defend_R","Bash","Normality","Juggernaut","Limit Break+1","Inflame+1","Pommel Strike+1","Pummel","Heavy Blade+1","Iron Wave","Heavy Blade+1","Shrug It Off","Writhe","Flex+1"],"relics":["Burning Blood","Bronze Scales","NlothsMask","Empty Cage","Gremlin Horn","Paper Frog"],"acts_visited":["Exordium","TheCity"],"potions_floor_usage":[16,16,28,28,29],"damage_taken":[{"damage":2,"enemies":"Small Slimes","floor":1,"turns":5},{"damage":6,"enemies":"Jaw Worm","floor":2,"turns":4},{"damage":5,"enemies":"Cultist","floor":3,"turns":4},{"damage":27,"enemies":"Exordium Wildlife","floor":7,"turns":6},{"damage":9,"enemies":"3 Louse","floor":11,"turns":4},{"damage":11,"enemies":"Blue Slaver","floor":12,"turns":4},{"damage":10,"enemies":"Looter","floor":13,"turns":3},{"damage":19,"enemies":"3 Louse","floor":14,"turns":3},{"damage":51,"enemies":"The Guardian","floor":16,"turns":10},{"damage":25,"enemies":"Shell Parasite","floor":18,"turns":4},{"damage":26,"enemies":"Spheric Guardian","floor":19,"turns":5},{"damage":38,"enemies":"Slavers","floor":28,"turns":5},{"damage":34,"enemies":"Shelled Parasite and Fungi","floor":29,"turns":3}],"seed_played":"-4360494291391761664","potions_obtained":[{"floor":1,"key":"Ancient Potion"},{"floor":2,"key":"PowerPotion"},{"floor":14,"key":"BloodPotion"},{"floor":16,"key":"Fire Potion"},{"floor":19,"key":"Strength Potion"}],"is_trial":false,"path_per_floor":["M","M","M","?","?","R","M","R","T","?","M","M","M","M","R","B",null,"M","M","?","?","$","R","?","R","T","R","E","M"],"character_chosen":"IRONCLAD","items_purchased":["Shrug It Off"],"campfire_rested":1,"item_purchase_floors":[22],"current_hp_per_floor":[80,80,80,80,85,85,64,64,64,64,61,56,52,39,39,11,85,66,46,46,30,30,57,57,57,57,57,25,0,0],"gold":306,"neow_bonus":"TRANSFORM_TWO_CARDS","is_daily":false,"chose_seed":false,"campfire_upgraded":5,"win_rate":0.0,"timestamp":1608842995,"path_taken":["M","M","M","?","?","R","?","R","T","?","M","M","?","M","R","BOSS","M","M","?","?","$","R","?","R","T","R","E","?"],"items_purchased_type":["Card"],"build_version":"2020-12-22","purchased_purges":0,"victory":false,"max_hp_per_floor":[80,80,80,80,85,85,85,85,85,85,85,85,85,85,85,85,85,85,85,85,90,90,90,90,90,90,90,90,90,90],"card_choices":[{"not_picked":["Headbutt","Rampage","Clash"],"picked":"SKIP","floor":1},{"not_picked":["Anger","Sword Boomerang"],"picked":"Inflame","floor":2},{"not_picked":["Clash","Feel No Pain"],"picked":"Pommel Strike","floor":3},{"not_picked":["Metallicize","Clash"],"picked":"Pummel","floor":7},{"not_picked":["Reckless Charge","Headbutt","Hemokinesis"],"picked":"SKIP","floor":11},{"not_picked":["Blood for Blood","Uppercut"],"picked":"Heavy Blade","floor":12},{"not_picked":["Thunderclap","True Grit","Bloodletting"],"picked":"SKIP","floor":13},{"not_picked":["Armaments","Headbutt","Double Tap"],"picked":"SKIP","floor":14},{"not_picked":["Disarm","Clothesline"],"picked":"Iron Wave","floor":18},{"not_picked":["Dual Wield","Sword Boomerang"],"picked":"Heavy Blade","floor":19},{"not_picked":["Uppercut","Cleave+1"],"picked":"Flex+1","floor":28}],"player_experience":22456,"relics_obtained":[{"floor":9,"key":"Bronze Scales"},{"floor":28,"key":"Paper Frog"}],"event_choices":[{"damage_healed":0,"gold_gain":0,"player_choice":"Ignored","damage_taken":0,"max_hp_gain":0,"max_hp_loss":0,"event_name":"Liars Game","floor":4,"gold_loss":0},{"damage_healed":0,"gold_gain":0,"player_choice":"Donut","damage_taken":0,"max_hp_gain":5,"max_hp_loss":0,"event_name":"Big Fish","floor":5,"gold_loss":0},{"damage_healed":0,"gold_gain":0,"player_choice":"Trade","damage_taken":0,"relics_obtained":["NlothsMask"],"max_hp_gain":0,"max_hp_loss":0,"event_name":"FaceTrader","floor":10,"gold_loss":0},{"cards_removed":["Defend_R"],"damage_healed":0,"gold_gain":0,"player_choice":"Gave Gold","damage_taken":0,"max_hp_gain":0,"max_hp_loss":0,"event_name":"Beggar","floor":20,"gold_loss":75},{"damage_healed":0,"gold_gain":0,"player_choice":"Shed Blood","damage_taken":21,"max_hp_gain":5,"max_hp_loss":0,"event_name":"Forgotten Altar","floor":21,"gold_loss":0},{"damage_healed":0,"gold_gain":0,"player_choice":"Opened","damage_taken":0,"relics_obtained":["Gremlin Horn"],"max_hp_gain":0,"max_hp_loss":0,"event_name":"The Mausoleum","floor":24,"gold_loss":0,"cards_obtained":["Writhe"]}],"is_beta":false,"boss_relics":[{"not_picked":["SacredBark","Black Blood"],"picked":"Empty Cage"}],"items_purged_floors":[],"is_endless":false,"potions_floor_spawned":[1,2,14,16,19],"killed_by":"Shelled Parasite and Fungi","ascension_level":0}}