{"host":"zdznbz1vk7bo8bwe","time":1608794651,"event":{"mods":["Act Like it!","Aspiration","Astrologer","Bard","BaseMod","Better Altar","Better Match","Better Note","Better Sensory Stone","Better Skull","Better Third Choice","Better-Laid Plans","BetterRewards","Block Reminder","Conjunction","Conspire","Custom Start","Defuse TimeMaze Blight","Downfall","Ekko","Elementarium","Energized Spire","Fiend Mod","Filter the Spire","Gensokyo","GifTheSpireLib","GungeonMod","Halation","Hallownest","Hermit","Hubris","Humility","Hyrulean Relics","Infinite Spire","Jedi Mod","JesterMod","Jorbs\u0027s Wanderer Trilogy","Koishi","Lobotomy","LobotomyExtend","Mari Mod (Legacy)","Mari\u0027s V1 Patch","Marked Mod","Melee Mod","Menagerie","Minty Spire (QoL Compilation)","Pale of the Ancients","Prisma Mod","Quarter Circle Forward PUNCH!","Random Character Button","Rare Cards Sparkle","RatMod","Reimu??????","Replay The Spire","Reworked Bosses","SCP261 Mod","SacredBarkPlus","Slumbering Mod","Spicy Shops","StSLib","Stuff the Spire","Synergy Search","The Animator","The Blue Laboratory","The Bug Knight","The Cursed","The Disciple","The Factory","The Jungle","The Marked","The Runesmith","The Vixen","The Wild Card","TheSwordswoman","TheWitcher","Transform Curses","Yuyuko","vexMod","??????REMEMod"],"gold_per_floor":[99,112,122,122,231,242,242,242,242,242],"floor_reached":9,"playtime":911,"items_purged":[],"score":51,"play_id":"9e6f0fa7-9e1f-4149-9590-74e4bb9143e2","local_time":"20201223232411","is_ascension_mode":false,"campfire_choices":[{"data":"blazmod:Kyokasuigetsu","floor":1,"key":"SMITH"}],"circlet_count":0,"master_deck":["blazmod:Strike","blazmod:Strike","blazmod:Strike","blazmod:Strike","blazmod:Defend","blazmod:Defend","blazmod:Defend","blazmod:Defend","blazmod:ButterflyEffect","blazmod:Kyokasuigetsu+1","ShyLook","blazmod:KatanaStrike","WallGazer","blazmod:ApexLegends","UniverseFragment","blazmod:PhysicalEndurance","DemoMod:BalloonGun"],"relics":["blazmod:Venustas","REME_ComplimentaryCards","CogitoBucket","LetterFromLob","DemoMod:GlassGuonStoneRelic","hubris:Icosahedron","StuffTheSpire:Gunfinga","qcfpunch:Red_Beret","Hallownest:DreamNailRelic"],"acts_visited":["Hallownest:Greenpath"],"potions_floor_usage":[9],"damage_taken":[{"damage":10,"enemies":"Hallownest:2_Baldur","floor":2,"turns":3},{"damage":9,"enemies":"Hallownest:2_MossCreeps","floor":3,"turns":4},{"damage":4,"enemies":"Hallownest:monsterHuskWarrior","floor":6,"turns":4},{"damage":12,"enemies":"Hallownest:eliteCrystalGuardian","floor":9,"turns":3}],"seed_played":"6831049775989635618","potions_obtained":[{"floor":3,"key":"AttackPotion"}],"is_trial":false,"path_per_floor":["R","M","M","?","?","M","T","?","E"],"character_chosen":"THE_SWORDSWOMAN","items_purchased":[],"campfire_rested":0,"item_purchase_floors":[],"current_hp_per_floor":[40,30,21,21,8,4,4,4,0,0],"gold":242,"neow_bonus":"","is_daily":false,"chose_seed":false,"campfire_upgraded":1,"win_rate":0.0,"timestamp":1608794651,"path_taken":["R","M","M","?","?","?","T","?","E"],"items_purchased_type":[],"build_version":"2020-12-22","purchased_purges":0,"victory":false,"max_hp_per_floor":[40,40,40,40,40,40,40,40,40,40],"card_choices":[{"not_picked":["OSAHOGD","Murderer"],"picked":"ShyLook","floor":2},{"not_picked":["blazmod:BoulderFlash","blazmod:FlashRock"],"picked":"blazmod:KatanaStrike","floor":2},{"not_picked":["BigBadWolf","CrumblingArmor"],"picked":"WallGazer","floor":3},{"not_picked":["blazmod:PhysicalEndurance","blazmod:MentalFocus"],"picked":"blazmod:ApexLegends","floor":3},{"not_picked":["PunishingBird","DreamingCurrent"],"picked":"UniverseFragment","floor":6},{"not_picked":["blazmod:ButterFlutter","blazmod:BoulderFlash"],"picked":"blazmod:PhysicalEndurance","floor":6}],"player_experience":56621,"relics_obtained":[{"floor":2,"key":"LetterFromLob"},{"floor":7,"key":"qcfpunch:Red_Beret"}],"event_choices":[{"damage_healed":0,"gold_gain":109,"player_choice":"RE GO ","damage_taken":16,"relics_obtained":["StuffTheSpire:Gunfinga"],"max_hp_gain":0,"max_hp_loss":0,"event_name":"betterSkull:BetterSkull","floor":5,"gold_loss":0,"cards_upgraded":[]}],"is_beta":false,"boss_relics":[],"items_purged_floors":[],"is_endless":false,"potions_floor_spawned":[3],"killed_by":"Hallownest:eliteCrystalGuardian","ascension_level":0}}