{"host":"jewdtr7eremy7cl3","time":1608792472,"event":{"mods":["ATMod(阿瑾Mod)","Act Like it!","BaseMod","Dota2Spire","Gensokyo","Lobotomy","LobotomyExtend","Minty Spire (QoL Compilation)","Remilia（蕾米莉亚）","Spicy Shops","StSLib","The Alterego","The Forsaken","The Servant 0.9.4","TheWitcher","WarShipGirlsR/战舰少女R mod","【东方二次创作】八云紫mod"],"gold_per_floor":[279,299,331,357,357,357,369,65,89,107,127,161,130,162,162,257,257,417,21,34,34,51,77,77,77,77,27,59,73,73,73],"floor_reached":30,"playtime":2479,"items_purged":[],"score":363,"play_id":"16f314a1-b3b5-4add-9d0d-ab96dbc16092","local_time":"20201224144752","is_ascension_mode":false,"campfire_choices":[{"floor":6,"key":"REST"},{"floor":15,"key":"REST"},{"floor":25,"key":"REST"}],"circlet_count":0,"master_deck":["Strike_S","Strike_S","Strike_S","Strike_S","Defend_S","Defend_S","Defend_S","Defend_S","KidneyShot","Exchange","Luminosity","Wellcheers","Desolation","Rudolta","Spin","BlackSwan","Gouge","FanOfKnives","DreamingCurrent","Misdirection","WallGazer","Luminosity","Ricochet","LaLuna","Desolation","SingingMachine","FlawlessForm","OSAHOGD","ReturningBlade","Gensokyo:TarnishedGold","Gensokyo:SlitMouthedWoman","Scorched","Moondial","MHz","WasteNot","UniverseFragment","Moondial","StarChef","LongBird","Ricochet+1"],"relics":["Uniform","AT_ATBox","CogitoBucket","LetterFromLob","Question Card","theForsaken:Lifeblossom","MagicBullet_r","LaetitiaHeart","Matryoshka","Dota2Spire:DrumOfEndurance","Happy Flower","HellTrain","Dota2Spire:ShadowBlade","Broom","StoneMask","Pan","SkinProphecy","Centennial Puzzle","Gensokyo:ConquerorOfFear","KneeBrace","Boot","Dota2Spire:PhaseBoots","Frozen Eye"],"acts_visited":["Gensokyo:Gensokyo","Gensokyo:Gensokyoer"],"potions_floor_usage":[3,14,18,23,23,30],"damage_taken":[{"damage":4,"enemies":"Gensokyo:Python","floor":1,"turns":4},{"damage":8,"enemies":"Gensokyo:Gryphon","floor":2,"turns":4},{"damage":69,"enemies":"Gensokyo:Mamizou","floor":3,"turns":13},{"damage":0,"enemies":"Gensokyo:2_Kodama","floor":7,"turns":1},{"damage":3,"enemies":"Gensokyo:VengefulSpirit","floor":10,"turns":3},{"damage":24,"enemies":"Gensokyo:2_Rabbits","floor":11,"turns":3},{"damage":58,"enemies":"Gensokyo:Aya","floor":12,"turns":5},{"damage":27,"enemies":"Gensokyo:Cirno","floor":14,"turns":5},{"damage":55,"enemies":"Gensokyo:Reimu","floor":16,"turns":8},{"damage":14,"enemies":"Gensokyo:AngelMirror","floor":18,"turns":2},{"damage":67,"enemies":"Gensokyo:3_Dogs","floor":20,"turns":5},{"damage":27,"enemies":"Gensokyo:Wraith","floor":22,"turns":3},{"damage":53,"enemies":"Gensokyo:Tenshi","floor":23,"turns":6},{"damage":32,"enemies":"Gensokyo:Reisen","floor":28,"turns":6},{"damage":49,"enemies":"Gensokyo:Monolith_and_Dog","floor":29,"turns":3},{"damage":35,"enemies":"Gensokyo:Koishi","floor":30,"turns":2}],"seed_played":"361339636681536239","potions_obtained":[{"floor":2,"key":"Regen Potion"},{"floor":3,"key":"Block Potion"},{"floor":16,"key":"DuplicationPotion"},{"floor":18,"key":"Fruit Juice"},{"floor":23,"key":"Fruit Juice"},{"floor":29,"key":"PowerPotion"}],"is_trial":false,"path_per_floor":["M","M","?","T","M","R","M","$","T","M","M","E","COS","E","R","B",null,"M","COS","M","?","M","E","?","R","T","?","E","M","E"],"character_chosen":"THE_SERVANT","items_purchased":["Matryoshka","FanOfKnives"],"campfire_rested":3,"item_purchase_floors":[8,8],"current_hp_per_floor":[61,53,11,11,11,30,30,30,30,35,34,12,12,21,40,24,66,60,60,38,42,31,27,27,52,52,59,47,24,0,0],"gold":73,"neow_bonus":"","is_daily":false,"chose_seed":false,"campfire_upgraded":0,"win_rate":0.0,"timestamp":1608792472,"path_taken":["M","M","?","?","?","R","M","?","T","M","M","E","COS","E","R","BOSS","M","COS","M","?","M","E","?","R","T","?","E","M","E"],"items_purchased_type":["Relic","Card"],"build_version":"2020-12-22","purchased_purges":0,"victory":false,"max_hp_per_floor":[65,65,65,65,66,66,66,66,66,66,66,66,66,66,66,66,66,72,72,75,75,78,86,86,86,86,93,97,101,103,103],"card_choices":[{"not_picked":["Murderer","WallGazer","CrumblingArmor"],"picked":"Singing Bowl","floor":1},{"not_picked":["FanOfKnives","FastForward"],"picked":"Luminosity","floor":1},{"not_picked":["ShyLook","WallGazer"],"picked":"Wellcheers","floor":2},{"not_picked":["Unruled","TimeTheft"],"picked":"Desolation","floor":2},{"not_picked":["MHz","CrumblingArmor"],"picked":"Rudolta","floor":3},{"not_picked":["Moondial","DoubleEdge"],"picked":"Spin","floor":3},{"not_picked":["MeatLantern","Woodsman"],"picked":"BlackSwan","floor":7},{"not_picked":["SpecialFormula","BottledTime","MoonPhase"],"picked":"Gouge","floor":7},{"not_picked":["Scarecrow","Woodsman"],"picked":"DreamingCurrent","floor":10},{"not_picked":["Replace","Defy","Rearm"],"picked":"Misdirection","floor":10},{"not_picked":["PunishingBird","VoidDream"],"picked":"WallGazer","floor":11},{"not_picked":["Spin","DoubleEdge","BottledTime"],"picked":"Luminosity","floor":11},{"not_picked":["Laetitia","LittleHelper","CrumblingArmor"],"picked":"Singing Bowl","floor":12},{"not_picked":["Solidify","Luminosity","MoonPhase"],"picked":"Ricochet","floor":12},{"not_picked":["FairyFestival","MeatLantern"],"picked":"LaLuna","floor":14},{"not_picked":["Rearm","DoubleEdge","ShiftingGears"],"picked":"Desolation","floor":14},{"not_picked":["OSAHOGD","NakedNest"],"picked":"SingingMachine","floor":16},{"not_picked":["KillingDoll","Solidify","Deny"],"picked":"FlawlessForm","floor":16},{"not_picked":["MeatLantern","GreedKing"],"picked":"OSAHOGD","floor":18},{"not_picked":["Alleviate","MoonPhase+1","Defy"],"picked":"ReturningBlade","floor":18},{"not_picked":["Bloodbath","CherryBlossoms"],"picked":"Scorched","floor":20},{"not_picked":["Spin","SpecialFormula","Unruled+1"],"picked":"Moondial","floor":20},{"not_picked":["BodiesMountain","SpiderBud"],"picked":"MHz","floor":22},{"not_picked":["BottledTime","Luminosity","Defy"],"picked":"WasteNot","floor":22},{"not_picked":["DespairKnight","Freischutz","BeautyBeast"],"picked":"Singing Bowl","floor":23},{"not_picked":["CherryBlossoms","FairyFestival"],"picked":"UniverseFragment","floor":23},{"not_picked":["DoubleEdge","Misdirection","SpecialFormula"],"picked":"Moondial","floor":23},{"not_picked":["QueenOfHatred","Murderer","Laetitia"],"picked":"Singing Bowl","floor":28},{"not_picked":["SilverBlades","WasteNot","Foresight"],"picked":"StarChef","floor":28},{"not_picked":["SpiderBud","LittleHelper","Porccubus"],"picked":"Singing Bowl","floor":29},{"not_picked":["NakedNest","Porccubus"],"picked":"LongBird","floor":29},{"not_picked":["Unruled","Spin","Snipe"],"picked":"Ricochet+1","floor":29}],"player_experience":120357,"relics_obtained":[{"floor":1,"key":"LetterFromLob"},{"floor":3,"key":"Question Card"},{"floor":4,"key":"theForsaken:Lifeblossom"},{"floor":9,"key":"Dota2Spire:DrumOfEndurance"},{"floor":9,"key":"Happy Flower"},{"floor":12,"key":"Dota2Spire:ShadowBlade"},{"floor":14,"key":"Broom"},{"floor":23,"key":"Centennial Puzzle"},{"floor":26,"key":"KneeBrace"},{"floor":26,"key":"Boot"},{"floor":28,"key":"Gensokyo:ConquerorOfFear"},{"floor":28,"key":"Dota2Spire:PhaseBoots"}],"event_choices":[],"is_beta":false,"boss_relics":[{"not_picked":["SlaversCollar","Philosopher\u0027s Stone"],"picked":"StoneMask"}],"items_purged_floors":[],"is_endless":false,"potions_floor_spawned":[2,3,16,18,23,29],"killed_by":"Gensokyo:Koishi","ascension_level":0}}