{"host":"98jnipsbpkz8k2sh","time":1608776704,"event":{"mods":["Aspiration","BaseMod","Challenge The Spire","GifTheSpireLib","Infinite Spire","Minty Spire (QoL Compilation)","Replay The Spire","StSLib"],"gold_per_floor":[110,60,60,79,79,79,43,43,70,97,97,115,115,145,145,246,246,264,179,179,194,207,239,239,253,321,321,321],"floor_reached":27,"playtime":598,"items_purged":[],"score":289,"play_id":"8c886b5c-04e9-4176-9971-8bbe3d6f9d47","local_time":"20201223182504","is_ascension_mode":false,"campfire_choices":[{"data":"Bash","floor":6.0,"key":"SMITH"},{"data":"Inflame","floor":11.0,"key":"SMITH"},{"data":"Twin Strike","floor":13.0,"key":"SMITH"},{"data":"Demon Form","floor":15.0,"key":"SMITH"},{"data":"infinitespire:Punishment","floor":24.0,"key":"SMITH"}],"circlet_count":0,"master_deck":["Strike_R","Strike_R","Strike_R","Strike_R","Defend_R","Defend_R","Defend_R","Defend_R","Bash+1","Shrug It Off","Twin Strike+1","Inflame+1","Dropkick","ReplayTheSpireMod:Stacked","Demon Form+1","Feed","Clothesline+1","infinitespire:Punishment+1","infinitespire:OneForAll","Sword Boomerang","Berserk+1"],"relics":["Burning Blood","NeowsBlessing","ReplayTheSpireMod:Lightbulb","Ring of Fury","ReplayTheSpireMod:Ring of Exchange","ReplayTheSpireMod:TigerMarble","InkBottle","ReplayFunnel","Golden Egg","White Beast Statue","Bottled Tornado"],"acts_visited":["Exordium","TheCity"],"potions_floor_usage":[27,27,27],"damage_taken":[{"damage":0.0,"enemies":"2 Louse","floor":1.0,"turns":1.0},{"damage":0.0,"enemies":"Jaw Worm","floor":4.0,"turns":1.0},{"damage":0.0,"enemies":"3 Sentries","floor":10.0,"turns":1.0},{"damage":0.0,"enemies":"Cultist","floor":12.0,"turns":2.0},{"damage":0.0,"enemies":"Gremlin Nob","floor":14.0,"turns":2.0},{"damage":24.0,"enemies":"The Guardian","floor":16.0,"turns":10.0},{"damage":13.0,"enemies":"Shell Parasite","floor":18.0,"turns":4.0},{"damage":24.0,"enemies":"3 Byrds","floor":21.0,"turns":7.0},{"damage":0.0,"enemies":"Snecko","floor":22.0,"turns":2.0},{"damage":22.0,"enemies":"Book of Stabbing","floor":23.0,"turns":4.0},{"damage":23.0,"enemies":"Snake Plant","floor":25.0,"turns":3.0},{"damage":17,"enemies":"Gremlin Leader","floor":27,"turns":2}],"seed_played":"3013471866056065601","potions_obtained":[{"floor":4.0,"key":"Adrenaline Potion"},{"floor":10.0,"key":"SpeedPotion"},{"floor":12.0,"key":"Swift Potion"},{"floor":22.0,"key":"Doom Potion"},{"floor":25.0,"key":"Strength Potion"}],"is_trial":false,"path_per_floor":["M","?","T","M","?","R","$","?","T","E","R","M","R","E","R","B",null,"M","?","?","M","M","E","R","M","T","E"],"character_chosen":"IRONCLAD","items_purchased":["Inflame"],"campfire_rested":0,"item_purchase_floors":[7],"current_hp_per_floor":[80,80,80,80,80,80,80,80,80,83,83,83,83,83,83,65,83,76,76,56,41,47,34,34,17,17,0,0],"gold":321,"neow_bonus":"THREE_ENEMY_KILL","is_daily":false,"chose_seed":false,"campfire_upgraded":5,"win_rate":0.0,"timestamp":1608776704,"path_taken":["M","?","?","M","?","R","$","?","T","E","R","?","R","E","R","BOSS","M","?","?","M","M","E","R","M","T","E"],"items_purchased_type":["Card"],"build_version":"2020-12-22","purchased_purges":0,"victory":false,"max_hp_per_floor":[80,80,80,80,80,80,80,80,80,83,83,83,83,83,83,83,83,83,83,83,86,86,89,89,89,89,89,89],"card_choices":[{"not_picked":["Iron Wave","Clash"],"picked":"Shrug It Off","floor":1.0},{"not_picked":["Havoc","ReplayReversal"],"picked":"Twin Strike","floor":4.0},{"not_picked":["ReplayTheSpireMod:Strike From Hell","Sentinel"],"picked":"Dropkick","floor":10.0},{"not_picked":["Flex","Intimidate"],"picked":"ReplayTheSpireMod:Stacked","floor":12.0},{"not_picked":["Seeing Red","ReplayTheSpireMod:Strike From Hell"],"picked":"Demon Form","floor":14.0},{"not_picked":["Double Tap","Exhume"],"picked":"Feed","floor":16.0},{"not_picked":["Second Wind","Wild Strike"],"picked":"Clothesline+1","floor":18.0},{"not_picked":["infinitespire:SealOfDarkness+","ReplayTheSpireMod:Haul"],"picked":"infinitespire:Punishment","floor":20.0},{"not_picked":["Twin Strike","True Grit"],"picked":"infinitespire:OneForAll","floor":21.0},{"not_picked":["Cleave+1","Replay:Undeath\u0027s Touch"],"picked":"Sword Boomerang","floor":22.0},{"not_picked":["Iron Wave","Cleave","Combust"],"picked":"SKIP","floor":23.0},{"not_picked":["Pummel","Dual Wield+1"],"picked":"Berserk","floor":25.0}],"player_experience":1074669,"relics_obtained":[{"floor":3.0,"key":"ReplayTheSpireMod:Lightbulb"},{"floor":5.0,"key":"Ring of Fury"},{"floor":5.0,"key":"ReplayTheSpireMod:Ring of Exchange"},{"floor":9.0,"key":"ReplayTheSpireMod:TigerMarble"},{"floor":10.0,"key":"InkBottle"},{"floor":14.0,"key":"ReplayFunnel"},{"floor":23.0,"key":"White Beast Statue"},{"floor":26.0,"key":"Bottled Tornado"}],"event_choices":[{"cards_removed":["Strike_R"],"damage_healed":0.0,"max_hp_gain":0.0,"max_hp_loss":0.0,"gold_gain":0.0,"event_name":"The Cleric","player_choice":"Card Removal","floor":2.0,"gold_loss":50.0,"damage_taken":0.0},{"cards_removed":["Hallucinations"],"damage_healed":0.0,"max_hp_gain":0.0,"max_hp_loss":0.0,"gold_gain":0.0,"event_name":"Purifier","player_choice":"Purged","floor":8.0,"gold_loss":0.0,"damage_taken":0.0},{"damage_healed":0.0,"max_hp_gain":0.0,"max_hp_loss":0.0,"gold_gain":0.0,"event_name":"Addict","player_choice":"Obtained Relic","floor":19.0,"gold_loss":85.0,"damage_taken":0.0,"relics_obtained":["Golden Egg"]}],"is_beta":false,"boss_relics":[{"not_picked":["Ectoplasm","Snecko Eye","Runic Cube"]}],"items_purged_floors":[],"is_endless":false,"potions_floor_spawned":[4,10,12,22,25],"killed_by":"Gremlin Leader","ascension_level":0}}