{"host":"ci7ivtocgfxh0ueo","time":1608769052,"event":{"mods":["BaseMod","GifTheSpireLib","Minty Spire (QoL Compilation)","StSLib"],"gold_per_floor":[113,130,130,280,60,60,95,195,195,229,248,264,283,283,283,362,362,374,390,404,404,419,419,432,432,432,452,502,518,439,44,44,44,44],"floor_reached":33,"playtime":958,"items_purged":["Doubt"],"score":479,"play_id":"78bc27f9-be9d-41c1-8dc5-a8cd94a6c506","local_time":"20201224081732","is_ascension_mode":true,"campfire_choices":[{"data":"Caltrops","floor":6,"key":"SMITH"},{"floor":15,"key":"REST"},{"data":"Adrenaline","floor":23,"key":"SMITH"},{"floor":25,"key":"REST"},{"floor":32,"key":"REST"}],"circlet_count":0,"master_deck":["AscendersBane","Strike_G","Strike_G","Strike_G","Strike_G","Defend_G","Defend_G","Defend_G","Survivor","Neutralize+1","A Thousand Cuts+1","All Out Attack+1","Eviscerate+1","Prepared","Caltrops+1","Footwork","Sucker Punch","Dagger Throw","Dash","Dagger Throw","Adrenaline+1","CurseOfTheBell","Heel Hook","Sucker Punch+1","Underhanded Strike","Well Laid Plans","Venomology","Tactician"],"relics":["Astrolabe","Ancient Tea Set","Bottled Tornado","Toy Ornithopter","Smiling Mask","Calling Bell","Omamori","Darkstone Periapt","Turnip","Blue Candle","StrikeDummy"],"acts_visited":["Exordium","TheCity"],"potions_floor_usage":[10,13,19,19,20,24,33,33,33],"damage_taken":[{"damage":0,"enemies":"Small Slimes","floor":1,"turns":2},{"damage":5,"enemies":"2 Louse","floor":2,"turns":3},{"damage":34,"enemies":"Gremlin Nob","floor":7,"turns":5},{"damage":11,"enemies":"3 Sentries","floor":10,"turns":4},{"damage":0,"enemies":"Cultist","floor":11,"turns":3},{"damage":0,"enemies":"3 Louse","floor":12,"turns":1},{"damage":5,"enemies":"Lots of Slimes","floor":13,"turns":4},{"damage":6,"enemies":"Hexaghost","floor":16,"turns":9},{"damage":23,"enemies":"Chosen","floor":18,"turns":4},{"damage":12,"enemies":"3 Byrds","floor":19,"turns":3},{"damage":23,"enemies":"Snake Plant","floor":20,"turns":4},{"damage":34,"enemies":"Centurion and Healer","floor":22,"turns":8},{"damage":5,"enemies":"Snecko","floor":24,"turns":5},{"damage":28,"enemies":"Chosen and Byrds","floor":27,"turns":4},{"damage":16,"enemies":"Snake Plant","floor":29,"turns":4},{"damage":60,"enemies":"Champ","floor":33,"turns":7}],"seed_played":"-7952910026324945974","potions_obtained":[{"floor":2,"key":"Ancient Potion"},{"floor":10,"key":"PowerPotion"},{"floor":13,"key":"Ancient Potion"},{"floor":16,"key":"SteroidPotion"},{"floor":19,"key":"Weak Potion"},{"floor":22,"key":"Ancient Potion"},{"floor":29,"key":"LiquidMemories"}],"is_trial":false,"path_per_floor":["M","M","?","?","$","R","E","?","T","E","M","M","M","?","R","B",null,"M","M","M","?","M","R","M","R","T","M","?","M","$","$","R","B"],"character_chosen":"THE_SILENT","items_purchased":["Caltrops","Dexterity Potion","Ancient Potion","Tactician","StrikeDummy","Regen Potion"],"campfire_rested":3,"item_purchase_floors":[5,5,30,31,31,31],"current_hp_per_floor":[59,54,54,54,54,54,20,20,20,9,9,9,9,9,28,22,55,32,30,12,66,32,32,32,51,51,23,23,7,7,7,26,0,0],"gold":44,"neow_bonus":"BOSS_RELIC","is_daily":false,"chose_seed":false,"campfire_upgraded":2,"win_rate":0.0,"timestamp":1608769052,"path_taken":["M","M","?","?","$","R","E","?","T","E","?","M","M","?","R","BOSS","M","M","?","?","M","R","M","R","T","?","?","M","?","$","R","BOSS"],"items_purchased_type":["Card","Potion","Potion","Card","Relic","Potion"],"build_version":"2020-12-22","purchased_purges":1,"victory":false,"max_hp_per_floor":[66,66,66,66,66,66,66,66,66,66,66,66,66,66,66,66,66,66,66,66,66,66,66,66,66,66,66,66,66,66,66,66,66,66],"card_choices":[{"not_picked":["Flying Knee","Blade Dance"],"picked":"Prepared","floor":1},{"not_picked":["Backflip","Choke","Slice"],"picked":"SKIP","floor":2},{"not_picked":["Phantasmal Killer","Predator"],"picked":"Footwork","floor":7},{"not_picked":["Flying Knee","Outmaneuver"],"picked":"Sucker Punch","floor":10},{"not_picked":["Predator","Sucker Punch"],"picked":"Dagger Throw","floor":11},{"not_picked":["Backflip","Dodge and Roll"],"picked":"Dash","floor":12},{"not_picked":["Backflip","Dagger Spray"],"picked":"Dagger Throw","floor":13},{"not_picked":["Tools of the Trade","Bullet Time"],"picked":"Adrenaline","floor":16},{"not_picked":["Flying Knee","Endless Agony"],"picked":"Heel Hook","floor":18},{"not_picked":["Catalyst","Noxious Fumes"],"picked":"Escape Plan+1","floor":19},{"not_picked":["Prepared","Dagger Spray"],"picked":"Sucker Punch+1","floor":20},{"not_picked":["Caltrops","Outmaneuver","Sucker Punch"],"picked":"SKIP","floor":22},{"not_picked":["Cloak And Dagger","Slice"],"picked":"Underhanded Strike","floor":24},{"not_picked":["Cloak And Dagger","Backflip"],"picked":"Well Laid Plans","floor":27},{"not_picked":["Bane","Footwork"],"picked":"Venomology","floor":29}],"player_experience":1285151,"relics_obtained":[{"floor":7,"key":"Ancient Tea Set"},{"floor":9,"key":"Bottled Tornado"},{"floor":10,"key":"Toy Ornithopter"},{"floor":17,"key":"Omamori"},{"floor":17,"key":"Darkstone Periapt"},{"floor":17,"key":"Turnip"},{"floor":26,"key":"Blue Candle"}],"event_choices":[{"damage_healed":0,"gold_gain":0,"player_choice":"Grow","damage_taken":0,"max_hp_gain":0,"max_hp_loss":0,"event_name":"Living Wall","floor":3,"gold_loss":0,"cards_upgraded":["Neutralize"]},{"damage_healed":0,"gold_gain":150,"player_choice":"AGREE","damage_taken":0,"max_hp_gain":0,"max_hp_loss":0,"event_name":"Liars Game","floor":4,"gold_loss":0,"cards_obtained":["Doubt"]},{"damage_healed":0,"gold_gain":100,"player_choice":"Gold","damage_taken":0,"max_hp_gain":0,"max_hp_loss":0,"event_name":"Wheel of Change","floor":8,"gold_loss":0},{"damage_healed":0,"gold_gain":0,"player_choice":"Gave Potion","damage_taken":0,"relics_obtained":["Smiling Mask"],"max_hp_gain":0,"max_hp_loss":0,"event_name":"WeMeetAgain","floor":14,"gold_loss":0},{"cards_removed":["Escape Plan"],"damage_healed":54,"gold_gain":0,"player_choice":"Offered Uncommon","damage_taken":0,"max_hp_gain":0,"max_hp_loss":0,"event_name":"Bonfire Elementals","floor":21,"gold_loss":0},{"damage_healed":0,"gold_gain":50,"player_choice":"Pray","damage_taken":0,"max_hp_gain":0,"max_hp_loss":0,"event_name":"Golden Shrine","floor":28,"gold_loss":0}],"is_beta":false,"boss_relics":[{"not_picked":["Busted Crown","Fusion Hammer"],"picked":"Calling Bell"}],"items_purged_floors":[5],"is_endless":false,"potions_floor_spawned":[2,10,13,16,18,19,22,29],"killed_by":"Champ","ascension_level":17}}