{"host":"m2106ztvmcgfoyc9","time":1608808097,"event":{"mods":["BaseMod","Minty Spire (QoL Compilation)","Relic Stats"],"gold_per_floor":[118,130,150,150,170,198,198,212,212,95,112,192,227,252,252,335,335,354,374,289,26,26,26,46,46,46],"floor_reached":25,"playtime":1053,"items_purged":["Strike_G","Strike_G"],"score":530,"play_id":"a1de4688-205e-4a0a-a496-2b32e8776947","local_time":"20201224120817","is_ascension_mode":true,"campfire_choices":[{"data":"Glass Knife","floor":7,"key":"SMITH"},{"data":"Footwork","floor":15,"key":"SMITH"},{"data":"Wraith Form v2","floor":23,"key":"SMITH"}],"circlet_count":0,"master_deck":["AscendersBane","Strike_G","Defend_G","Defend_G","Defend_G","Defend_G","Survivor","Neutralize","Glass Knife","Footwork","Predator","Dagger Throw","Escape Plan","Glass Knife+1","Footwork+1","Crippling Poison","Venomology","Deadly Poison","Wraith Form v2+1","PiercingWail","Bouncing Flask","Noxious Fumes"],"relics":["Ring of the Snake","FossilizedHelix","Matryoshka","CeramicFish","Philosopher\u0027s Stone","Unceasing Top","Omamori"],"acts_visited":["Exordium","TheCity"],"potions_floor_usage":[6,6,16,19,24,25],"damage_taken":[{"damage":0,"enemies":"Cultist","floor":1,"turns":4},{"damage":1,"enemies":"Small Slimes","floor":2,"turns":3},{"damage":0,"enemies":"2 Louse","floor":3,"turns":3},{"damage":4,"enemies":"Looter","floor":5,"turns":3},{"damage":24,"enemies":"Gremlin Nob","floor":6,"turns":4},{"damage":0,"enemies":"Exordium Wildlife","floor":8,"turns":3},{"damage":2,"enemies":"2 Fungi Beasts","floor":11,"turns":4},{"damage":14,"enemies":"3 Sentries","floor":13,"turns":10},{"damage":0,"enemies":"Blue Slaver","floor":14,"turns":3},{"damage":0,"enemies":"The Guardian","floor":16,"turns":10},{"damage":15,"enemies":"Shell Parasite","floor":18,"turns":7},{"damage":0,"enemies":"Chosen","floor":19,"turns":6},{"damage":13,"enemies":"Centurion and Healer","floor":24,"turns":10},{"damage":53,"enemies":"Gremlin Leader","floor":25,"turns":4}],"seed_played":"8806693759955253061","potions_obtained":[{"floor":1,"key":"Weak Potion"},{"floor":6,"key":"Fruit Juice"},{"floor":13,"key":"LiquidBronze"},{"floor":19,"key":"FearPotion"}],"is_trial":false,"path_per_floor":["M","M","M","?","M","E","R","M","T","$","M","?","E","M","R","B",null,"M","M","?","$","?","R","M","E"],"character_chosen":"THE_SILENT","items_purchased":["Footwork","Omamori"],"campfire_rested":0,"item_purchase_floors":[10,21],"current_hp_per_floor":[59,58,58,58,54,35,35,35,35,35,33,33,19,19,19,19,54,39,39,39,39,39,39,26,1,1],"gold":46,"neow_bonus":"TRANSFORM_TWO_CARDS","is_daily":false,"chose_seed":false,"campfire_upgraded":3,"win_rate":0.0,"timestamp":1608808097,"path_taken":["M","?","M","?","M","E","R","?","T","$","M","?","E","M","R","BOSS","M","M","?","$","?","R","M","E"],"items_purchased_type":["Card","Relic"],"build_version":"2020-12-22","purchased_purges":2,"victory":false,"max_hp_per_floor":[60,60,60,60,60,65,65,65,65,65,65,65,65,65,65,65,65,65,65,65,65,65,65,65,65,65],"relic_stats":{"counters":[14,74],"CeramicFish":54,"obtain_stats":[{"Matryoshka":9,"CeramicFish":13,"Philosopher\u0027s Stone":17,"Omamori":21,"FossilizedHelix":6,"Unceasing Top":20,"Ring of the Snake":0},{"Matryoshka":6,"CeramicFish":8,"Philosopher\u0027s Stone":10,"Omamori":12,"FossilizedHelix":5,"Unceasing Top":12,"Ring of the Snake":0},{"Matryoshka":20,"CeramicFish":34,"Philosopher\u0027s Stone":47,"Omamori":60,"FossilizedHelix":17,"Unceasing Top":60,"Ring of the Snake":0}],"Unceasing Top":[0],"Ring of the Snake":[28]},"card_choices":[{"not_picked":["Catalyst","Backflip"],"picked":"Predator","floor":1},{"not_picked":["Underhanded Strike","Quick Slash"],"picked":"Dagger Throw","floor":2},{"not_picked":["Eviscerate","Bane"],"picked":"Escape Plan","floor":3},{"not_picked":["Slice","Acrobatics","Prepared"],"picked":"SKIP","floor":5},{"not_picked":["Reflex","Expertise"],"picked":"Glass Knife","floor":6},{"not_picked":["Tactician","Skewer","Sucker Punch"],"picked":"SKIP","floor":8},{"not_picked":["Skewer","Poisoned Stab"],"picked":"Crippling Poison","floor":11},{"not_picked":["Dodge and Roll","Poisoned Stab"],"picked":"Venomology","floor":13},{"not_picked":["Infinite Blades","Outmaneuver"],"picked":"Deadly Poison","floor":14},{"not_picked":["Storm of Steel","Adrenaline"],"picked":"Wraith Form v2","floor":16},{"not_picked":["Dagger Spray","Prepared"],"picked":"PiercingWail","floor":18},{"not_picked":["Blur","Terror"],"picked":"Bouncing Flask","floor":19},{"not_picked":["Riddle With Holes","Expertise+1"],"picked":"Noxious Fumes","floor":24}],"player_experience":965376,"relics_obtained":[{"floor":6,"key":"FossilizedHelix"},{"floor":9,"key":"Matryoshka"},{"floor":13,"key":"CeramicFish"}],"event_choices":[{"cards_removed":["Strike_G"],"damage_healed":0,"gold_gain":0,"player_choice":"Card Removal","damage_taken":0,"max_hp_gain":0,"max_hp_loss":0,"event_name":"Wheel of Change","floor":4,"gold_loss":0},{"damage_healed":0,"gold_gain":80,"player_choice":"Gained Gold","damage_taken":0,"max_hp_gain":0,"max_hp_loss":0,"event_name":"Golden Wing","floor":12,"gold_loss":0},{"damage_healed":0,"gold_gain":0,"player_choice":"Obtained Relic","damage_taken":0,"relics_obtained":["Unceasing Top"],"max_hp_gain":0,"max_hp_loss":0,"event_name":"Addict","floor":20,"gold_loss":85},{"damage_healed":0,"gold_gain":0,"player_choice":"Ignored","damage_taken":0,"max_hp_gain":0,"max_hp_loss":0,"event_name":"Ghosts","floor":22,"gold_loss":0}],"is_beta":false,"boss_relics":[{"not_picked":["HoveringKite","Sozu"],"picked":"Philosopher\u0027s Stone"}],"items_purged_floors":[10,21],"is_endless":false,"potions_floor_spawned":[1,6,13,19],"killed_by":"Gremlin Leader","ascension_level":20}}