{"host":"yk6rxbjfjo5kivd3","time":1608833029,"event":{"mods":["BaseMod","Downfall","Googly Eyes","GungeonMod","Hermit","Lobotomy","Minty Spire (QoL Compilation)","Potionbrewer","Replay The Spire","Robot Space Explorer","StSLib","The Blackbeard","The Cursed","The Disciple","The Hierophant","The Necromancer","The Runesmith","The Servant 0.9.4"],"gold_per_floor":[155,155,174,189,189,229,261,276,276,296,328,328,362,537,537,650,650,683,683,721,721,765,765,615,615,667,667,706,728,728],"floor_reached":29,"playtime":10625,"items_purged":["DemoMod:Strike_Huntress"],"score":254,"play_id":"02e219c6-eb00-40f0-8b51-172c2d1a1d17","local_time":"20201224220349","is_ascension_mode":false,"campfire_choices":[{"data":"DemoMod:TeaPot","floor":12,"key":"SMITH"},{"data":"Doubt","floor":15,"key":"PURGE"},{"floor":23,"key":"REST"},{"data":"DemoMod:BSG","floor":25,"key":"SMITH"},{"data":"DemoMod:ConditionalReflex","floor":27,"key":"SMITH"}],"circlet_count":0,"master_deck":["DemoMod:Strike_Huntress","DemoMod:Defend_Huntress","DemoMod:Defend_Huntress","DemoMod:Defend_Huntress","DemoMod:Defend_Huntress","DemoMod:Roll","DemoMod:ManualReload+1","DemoMod:RustySidearm","DemoMod:CrossBow","DemoMod:HardPowerCard","DemoMod:TeaPot+1","DemoMod:FastSwitch","DemoMod:Camera","DemoMod:ConditionalReflex+1","DemoMod:StickyCrossBow","DemoMod:BlankBullets","DemoMod:HungryBullets","DemoMod:BSG+1","Strike_B","DemoMod:HungryBullets","DemoMod:FortunesFavor+1"],"relics":["DemoMod:Dog","Replay:Wax Seal","Strawberry","Replay:Bandana","Replay:Bronze Core","Omamori","ReplayTheSpireMod:CursedCoin"],"acts_visited":["Exordium","TheCity"],"potions_floor_usage":[7,13,16,16],"damage_taken":[{"damage":1,"enemies":"2 Louse","floor":1,"turns":4},{"damage":1,"enemies":"Cultist","floor":3,"turns":4},{"damage":0,"enemies":"Jaw Worm","floor":4,"turns":5},{"damage":5,"enemies":"Exordium Thugs","floor":6,"turns":5},{"damage":4,"enemies":"3 Sentries","floor":7,"turns":8},{"damage":1,"enemies":"2 Fungi Beasts","floor":8,"turns":3},{"damage":19,"enemies":"Large Slime","floor":10,"turns":5},{"damage":0,"enemies":"3 Louse","floor":11,"turns":3},{"damage":0,"enemies":"Lots of Slimes","floor":13,"turns":4},{"damage":23,"enemies":"Fading Forest","floor":16,"turns":11},{"damage":43,"enemies":"3 Byrds","floor":18,"turns":8},{"damage":14,"enemies":"Chosen","floor":20,"turns":5},{"damage":8,"enemies":"Centurion and Healer","floor":22,"turns":7},{"damage":27,"enemies":"Shelled Parasite and Fungi","floor":28,"turns":5},{"damage":14,"enemies":"Cultist and Chosen","floor":29,"turns":4}],"seed_played":"471921298074289957","potions_obtained":[{"floor":3,"key":"FearPotion"},{"floor":4,"key":"Fire Potion"},{"floor":5,"key":"DuplicationPotion"},{"floor":8,"key":"Elixir"},{"floor":11,"key":"Flashbang"},{"floor":20,"key":"Elixir"},{"floor":28,"key":"potionbrewer:BarricadePotion"}],"is_trial":false,"path_per_floor":["M","?","M","M","?","M","E","M","T","M","M","R","M","?","R","B",null,"M","?","M","?","M","R","$","R","T","R","M","M"],"character_chosen":"HUNTRESS","items_purchased":["Omamori","ReplayTheSpireMod:CursedCoin","DemoMod:HungryBullets"],"campfire_rested":1,"item_purchase_floors":[24,24,24],"current_hp_per_floor":[69,69,68,68,68,63,66,65,65,46,46,46,46,46,46,49,77,34,34,20,20,12,35,35,35,35,35,8,0,0],"gold":728,"neow_bonus":"UPGRADE_CARD","is_daily":false,"chose_seed":false,"campfire_upgraded":3,"win_rate":0.0,"timestamp":1608833029,"path_taken":["M","?","?","M","?","M","E","M","T","M","M","R","?","?","R","BOSS","M","?","M","?","M","R","$","R","T","R","M","M"],"items_purchased_type":["Relic","Relic","Card"],"build_version":"2020-12-22","purchased_purges":1,"victory":false,"max_hp_per_floor":[70,70,70,70,70,70,77,77,77,77,77,77,77,77,77,77,77,77,77,77,77,77,77,77,77,77,77,77,77,77],"card_choices":[{"not_picked":["DemoMod:PotionOfGunFriendShip","DemoMod:Purify"],"picked":"DemoMod:SAA","floor":1},{"not_picked":["DemoMod:GunstockTap","DemoMod:PotionOfGunFriendShip"],"picked":"DemoMod:HardPowerCard","floor":3},{"not_picked":["DemoMod:BattleInHaste","DemoMod:SAA"],"picked":"DemoMod:TeaPot","floor":4},{"not_picked":["DemoMod:HuntsMan","DemoMod:FeignSurrender"],"picked":"DemoMod:FastSwitch","floor":6},{"not_picked":["DemoMod:MachoBrace","DemoMod:MegaHand"],"picked":"DemoMod:Camera","floor":7},{"not_picked":["DemoMod:SAA","DemoMod:BlackHoleGun","DemoMod:FeignSurrender"],"picked":"SKIP","floor":8},{"not_picked":["DemoMod:AC15","DemoMod:HuntsMan"],"picked":"DemoMod:ConditionalReflex","floor":10},{"not_picked":["DemoMod:MegaHand","DemoMod:BattleInHaste"],"picked":"DemoMod:StickyCrossBow","floor":11},{"not_picked":["DemoMod:GunstockTap","DemoMod:HuntsMan","DemoMod:TripleGun"],"picked":"SKIP","floor":13},{"not_picked":["DemoMod:ThirdPartyController","DemoMod:BSG"],"picked":"DemoMod:BlankBullets","floor":16},{"not_picked":["DemoMod:ZorGun+1","DemoMod:ProbeStrike+1"],"picked":"DemoMod:HungryBullets","floor":18},{"not_picked":["DemoMod:HuntsMan","DemoMod:HardPowerCard+1"],"picked":"DemoMod:BSG","floor":20},{"not_picked":["DemoMod:Unmoved","DemoMod:DoubleSwitch+1","DemoMod:ConditionalReflex"],"picked":"SKIP","floor":22},{"not_picked":["DemoMod:DirectionalPad","DemoMod:BoxingGlove"],"picked":"DemoMod:FortunesFavor+1","floor":28}],"player_experience":1267144,"relics_obtained":[{"floor":7,"key":"Strawberry"},{"floor":9,"key":"DemoMod:WeirdEgg"}],"event_choices":[{"cards_removed":["DemoMod:SAA"],"damage_healed":0,"gold_gain":0,"player_choice":"Gave Card","damage_taken":0,"relics_obtained":["Replay:Wax Seal"],"max_hp_gain":0,"max_hp_loss":0,"event_name":"WeMeetAgain","floor":2,"gold_loss":0},{"damage_healed":0,"gold_gain":0,"player_choice":"Got Potions","damage_taken":0,"max_hp_gain":0,"max_hp_loss":0,"event_name":"Lab","floor":5,"gold_loss":0},{"damage_healed":0,"gold_gain":175,"player_choice":"AGREE","damage_taken":0,"max_hp_gain":0,"max_hp_loss":0,"event_name":"Liars Game","floor":14,"gold_loss":0,"cards_obtained":["Doubt"]},{"damage_healed":0,"gold_gain":0,"player_choice":"Ignored","damage_taken":0,"max_hp_gain":0,"max_hp_loss":0,"event_name":"Vampires","floor":19,"gold_loss":0},{"cards_removed":["DemoMod:Strike_Huntress"],"damage_healed":0,"gold_gain":0,"player_choice":"Took Card","damage_taken":0,"max_hp_gain":0,"max_hp_loss":0,"event_name":"NoteForYourself","floor":21,"gold_loss":0,"cards_obtained":["Strike_B"]}],"is_beta":false,"boss_relics":[{"not_picked":["Ring of Chaos","Runic Dome"],"picked":"Replay:Bronze Core"}],"items_purged_floors":[24],"is_endless":false,"potions_floor_spawned":[3,4,8,11,20,28],"killed_by":"Cultist and Chosen","ascension_level":0}}