{"host":"46hhpd9tbruz5rpt","time":1608793982,"event":{"mods":["BaseMod","Marisa（F雨　魔理沙）","Minty Spire (QoL Compilation)","Quick Restart","Reimu（博丽灵梦）","Replay The Spire","StSLib","The Cursed","The Servant 0.9.4"],"gold_per_floor":[110,110,35,47,47,75,93,148,148,76,76,91,91,102,102,201,201,219,229,154,54,54,54,65,77,77,90,90,104,104,121,121,220,220,231,68,78,98,118,118,131,143,143,162,162,182,182,201,201,201],"floor_reached":51,"playtime":2917,"items_purged":["Poor:ReiMu","Strike_S","Strike_S"],"score":557,"play_id":"46596124-9531-406e-873c-77c08e2e1ac5","local_time":"20201224151302","is_ascension_mode":false,"campfire_choices":[{"data":"TheWorld","floor":11.0,"key":"SMITH"},{"data":"KidneyShot","floor":15.0,"key":"SMITH"},{"data":"SilverBlades","floor":23.0,"key":"SMITH"},{"data":"KillingDoll","floor":28.0,"key":"SMITH"},{"data":"SurpressingFire","floor":30.0,"key":"SMITH"},{"data":"Foresight","floor":32.0,"key":"SMITH"},{"data":"SilverBlades","floor":40.0,"key":"SMITH"},{"floor":49,"key":"RECALL"}],"circlet_count":0,"master_deck":["Defend_S+1","Defend_S+1","Defend_S+1","Defend_S+1","KidneyShot+1","Exchange+1","FanOfKnives+1","BottledTime+1","TheWorld+1","Ricochet+1","DoubleEdge+1","SilverBlades+1","ShiftingGears+1","StarChef+1","KillingDoll+1","Potential+1","Rearm+1","InstantArmor+1","Foresight+1","SurpressingFire+1","FlawlessForm+1","SilverBlades+1"],"relics":["Uniform","NeowsBlessing","YidongShenshe:ReiMu","TungstenRod","Replay:Rubber Ducky","Ginger","Lizard Tail","Runic Pyramid","Divine Protection","Busted Crown","Garlic","Mark of the Bloom"],"acts_visited":["Exordium","TheCity","TheBeyond"],"potions_floor_usage":[50],"damage_taken":[{"damage":0.0,"enemies":"Jaw Worm","floor":1.0,"turns":1.0},{"damage":0.0,"enemies":"2 Louse","floor":4.0,"turns":1.0},{"damage":0.0,"enemies":"Lagavulin","floor":6.0,"turns":1.0},{"damage":1.0,"enemies":"Small Slimes","floor":7.0,"turns":3.0},{"damage":4.0,"enemies":"Blue Slaver","floor":12.0,"turns":3.0},{"damage":0.0,"enemies":"Looter","floor":14.0,"turns":2.0},{"damage":12.0,"enemies":"Hexaghost","floor":16.0,"turns":8.0},{"damage":2.0,"enemies":"3 Byrds","floor":18.0,"turns":5.0},{"damage":7.0,"enemies":"Shell Parasite","floor":19.0,"turns":3.0},{"damage":5.0,"enemies":"Centurion and Healer","floor":24.0,"turns":3.0},{"damage":0.0,"enemies":"Snake Plant","floor":25.0,"turns":3.0},{"damage":0.0,"enemies":"Chosen and Byrds","floor":27.0,"turns":3.0},{"damage":0.0,"enemies":"Cultist and Chosen","floor":29.0,"turns":3.0},{"damage":0.0,"enemies":"Snecko","floor":31.0,"turns":5.0},{"damage":0.0,"enemies":"Collector","floor":33.0,"turns":5.0},{"damage":6.0,"enemies":"3 Darklings","floor":35.0,"turns":3.0},{"damage":0.0,"enemies":"Orb Walker","floor":37.0,"turns":3.0},{"damage":0.0,"enemies":"Sphere and 2 Shapes","floor":38.0,"turns":3.0},{"damage":0.0,"enemies":"Spire Growth","floor":39.0,"turns":4.0},{"damage":0.0,"enemies":"Jaw Worm Horde","floor":41.0,"turns":3.0},{"damage":0.0,"enemies":"4 Shapes","floor":42.0,"turns":3.0},{"damage":0.0,"enemies":"3 Darklings","floor":44.0,"turns":3.0},{"damage":0.0,"enemies":"Spire Growth","floor":46.0,"turns":3.0},{"damage":0,"enemies":"Writhing Mass","floor":48,"turns":3},{"damage":0,"enemies":"Replay:Hell Engine","floor":50,"turns":4}],"seed_played":"-6158142514271600784","potions_obtained":[{"floor":1.0,"key":"PowerPotion"},{"floor":4.0,"key":"SkillPotion"},{"floor":6.0,"key":"FearPotion"},{"floor":7.0,"key":"SneckoOil"},{"floor":38.0,"key":"Strength Potion"}],"is_trial":false,"path_per_floor":["M","?","$","M","?","E","M","?","T","$","R","M","?","M","R","B",null,"M","M","?","$","?","R","M","M","T","M","R","M","R","M","R","B",null,"M","$","M","M","M","R","M","M","T","M","?","M","?","M","R","B",null],"character_chosen":"THE_SERVANT","items_purchased":["SilverBlades","SilverBlades"],"campfire_rested":0,"item_purchase_floors":[10,36],"current_hp_per_floor":[65,65,65,65,65,65,64,64,64,64,64,60,46,46,46,34,65,63,56,56,56,56,56,51,51,51,51,51,51,51,51,51,51,65,59,59,59,59,59,59,59,59,59,59,59,59,59,59,59,59],"gold":201,"neow_bonus":"THREE_ENEMY_KILL","is_daily":false,"chose_seed":false,"campfire_upgraded":7,"win_rate":0.0,"timestamp":1608793982,"path_taken":["M","?","$","M","?","E","M","?","T","?","R","?","?","M","R","BOSS","BOSS","M","M","?","$","?","R","M","M","T","M","R","?","R","M","R","BOSS","M","$","M","M","M","R","M","M","T","M","?","M","?","M","R","BOSS"],"items_purchased_type":["Card","Card"],"build_version":"2020-12-22","purchased_purges":3,"victory":true,"max_hp_per_floor":[65,65,65,65,65,65,65,65,65,65,65,65,65,65,65,65,65,65,65,65,65,65,65,65,65,65,65,65,65,65,65,65,65,65,65,65,65,65,65,65,65,65,65,65,65,65,65,65,65,65],"card_choices":[{"not_picked":["Revamp","TimeWarp"],"picked":"FanOfKnives","floor":1.0},{"not_picked":["Rearm","FastForward"],"picked":"BottledTime","floor":4.0},{"not_picked":["LightFlow","Starlight"],"picked":"TheWorld","floor":6.0},{"not_picked":["Hightail","Revamp","SpecialFormula"],"picked":"SKIP","floor":7.0},{"not_picked":["Potential","Defy"],"picked":"Ricochet","floor":8.0},{"not_picked":["WasteNot","ShatteredReality"],"picked":"DoubleEdge","floor":8.0},{"not_picked":["Replace","Collapse"],"picked":"ShiftingGears","floor":12.0},{"not_picked":["Replace","Starlight"],"picked":"StarChef","floor":14.0},{"not_picked":["Deny","Initiator"],"picked":"KillingDoll","floor":16.0},{"not_picked":["FastForward","Shuttle+1"],"picked":"Potential+1","floor":18.0},{"not_picked":["Misdirection+1","Gouge+1","DoubleEdge"],"picked":"SKIP","floor":19.0},{"not_picked":["Desolation+1","Rearm"],"picked":"InstantArmor","floor":24.0},{"not_picked":["ShiftingGears","MurderousAura","Rearm"],"picked":"SKIP","floor":25.0},{"not_picked":["Barrier","Spin"],"picked":"Foresight","floor":27.0},{"not_picked":["Moonlight","Defy"],"picked":"SurpressingFire","floor":29.0},{"not_picked":["FanOfKnives","ShatteredReality","Contraction"],"picked":"SKIP","floor":31.0},{"not_picked":["Deny","Solidify"],"picked":"FlawlessForm","floor":33.0},{"not_picked":["SurpressingFire"],"picked":"SKIP","floor":35.0},{"not_picked":["FastForward"],"picked":"SKIP","floor":37.0},{"not_picked":["Unruled"],"picked":"SKIP","floor":38.0},{"not_picked":["Desolation"],"picked":"SKIP","floor":39.0},{"not_picked":["Rewind+1"],"picked":"SKIP","floor":41.0},{"not_picked":["Rearm"],"picked":"SKIP","floor":42.0},{"not_picked":["FastForward"],"picked":"SKIP","floor":44.0},{"not_picked":["Replace+1"],"picked":"SKIP","floor":46.0},{"not_picked":["ShatteredReality"],"picked":"SKIP","floor":48}],"player_experience":80759,"relics_obtained":[{"floor":6.0,"key":"TungstenRod"},{"floor":8.0,"key":"Replay:Rubber Ducky"},{"floor":9.0,"key":"Ginger"},{"floor":26.0,"key":"Divine Protection"},{"floor":43.0,"key":"Garlic"}],"event_choices":[{"damage_healed":0.0,"max_hp_gain":0.0,"max_hp_loss":0.0,"gold_gain":0.0,"event_name":"yidonshenshe","player_choice":"带走神社","floor":2.0,"gold_loss":0.0,"damage_taken":0.0,"relics_obtained":["YidongShenshe:ReiMu"],"cards_obtained":["Poor:ReiMu"]},{"cards_removed":["Strike_S"],"damage_healed":0.0,"max_hp_gain":0.0,"max_hp_loss":0.0,"gold_gain":0.0,"event_name":"Living Wall","player_choice":"Forget","floor":5.0,"gold_loss":0.0,"damage_taken":0.0},{"damage_healed":0.0,"max_hp_gain":0.0,"max_hp_loss":0.0,"gold_gain":0.0,"event_name":"Scrap Ooze","player_choice":"Success","floor":13.0,"gold_loss":0.0,"damage_taken":18.0,"relics_obtained":["Lizard Tail"]},{"cards_removed":["Strike_S"],"damage_healed":0.0,"max_hp_gain":0.0,"max_hp_loss":0.0,"gold_gain":0.0,"event_name":"Beggar","player_choice":"Gave Gold","floor":20.0,"gold_loss":75.0,"damage_taken":0.0},{"damage_healed":0.0,"max_hp_gain":0.0,"max_hp_loss":0.0,"gold_gain":0.0,"event_name":"The Library","player_choice":"Read","floor":22.0,"gold_loss":0.0,"damage_taken":0.0,"cards_obtained":["Rearm"]},{"damage_healed":0.0,"max_hp_gain":0.0,"max_hp_loss":0.0,"gold_gain":0.0,"event_name":"MindBloom","player_choice":"Upgrade","floor":45.0,"gold_loss":0.0,"damage_taken":0.0,"cards_upgraded":["Defend_S","Defend_S","Defend_S","Defend_S","Exchange","FanOfKnives","BottledTime","Ricochet","DoubleEdge","ShiftingGears","StarChef","Rearm","InstantArmor","FlawlessForm"],"relics_obtained":["Mark of the Bloom"]},{"damage_healed":0,"gold_gain":0,"player_choice":"Memory 1","damage_taken":0,"max_hp_gain":0,"max_hp_loss":0,"event_name":"SensoryStone","floor":47,"gold_loss":0}],"is_beta":false,"boss_relics":[{"not_picked":["Fusion Hammer","SacredBark"],"picked":"Runic Pyramid"},{"not_picked":["Pandora\u0027s Box","Tiny House"],"picked":"Busted Crown"}],"items_purged_floors":[3,21,36],"is_endless":false,"potions_floor_spawned":[1,4,6,7,19,25,29,33,37,38,46],"ascension_level":0}}