{"host":"e2ju6k0wppswbhbd","time":1608847764,"event":{"mods":["BaseMod","Minty Spire (QoL Compilation)","Rare Cards Sparkle","StSLib"],"gold_per_floor":[113,124,137,150,160,185,185,360,411,449,449,465,20,20,20,143,143,168,241,254,319,369,412,462,462,762,762,796,858,904,936,948,1079,1091,1123,1208,1235,162,212,212,253,253,253,253,284,304,322,39,39,39,39,39,39,75,75,75],"floor_reached":55,"playtime":7537,"items_purged":["Doubt","Injury"],"score":895,"play_id":"4412de7d-a3a2-45fe-8c17-c0c808bc26e6","local_time":"20201224230924","is_ascension_mode":false,"campfire_choices":[{"floor":11.0,"key":"REST"},{"floor":15.0,"key":"RECALL"},{"data":"Bullet Time","floor":25.0,"key":"SMITH"},{"data":"Backflip","floor":27.0,"key":"SMITH"},{"data":"Dash","floor":32.0,"key":"SMITH"},{"floor":40,"key":"REST"},{"floor":42,"key":"REST"},{"data":"Leg Sweep","floor":44,"key":"SMITH"},{"data":"Apotheosis","floor":49,"key":"SMITH"},{"data":"Survivor","floor":52,"key":"SMITH"}],"circlet_count":0,"master_deck":["Strike_G","Strike_G","Strike_G","Strike_G","Strike_G","Defend_G","Defend_G","Defend_G","Defend_G","Survivor+1","Neutralize+1","PiercingWail","Tactician","Dagger Throw","Prepared","Bouncing Flask","Caltrops","Bullet Time+1","Deadly Poison","Backflip+1","Poisoned Stab","Envenom","Leg Sweep+1","Dash+1","PiercingWail","Finisher+1","Venomology","Quick Slash+1","Deadly Poison","Die Die Die","Slice","Corpse Explosion","Catalyst+1","Noxious Fumes","Calculated Gamble","Apotheosis+1","Footwork","Trip","Underhanded Strike","Skewer+1","Escape Plan+1","Escape Plan+1"],"relics":["Ring of the Serpent","Darkstone Periapt","Golden Idol","StrikeDummy","Vajra","TwistedFunnel","SsserpentHead","SlaversCollar","Toy Ornithopter","Ninja Scroll","Oddly Smooth Stone","Old Coin","MawBank","Art of War","Singing Bowl","Sling","Anchor","MealTicket","The Courier","Potion Belt","Pear","Strawberry"],"acts_visited":["Exordium","TheCity","TheBeyond","TheEnding"],"potions_floor_usage":[36,36,41,41,41,45,47,50,54,54,54,54,54,54,54,55,55,55,55],"damage_taken":[{"damage":1.0,"enemies":"Cultist","floor":1.0,"turns":5.0},{"damage":0.0,"enemies":"Small Slimes","floor":2.0,"turns":3.0},{"damage":0.0,"enemies":"2 Louse","floor":3.0,"turns":3.0},{"damage":0.0,"enemies":"Red Slaver","floor":4.0,"turns":4.0},{"damage":14.0,"enemies":"Exordium Thugs","floor":5.0,"turns":7.0},{"damage":15.0,"enemies":"Gremlin Nob","floor":6.0,"turns":5.0},{"damage":28.0,"enemies":"3 Sentries","floor":10.0,"turns":13.0},{"damage":0.0,"enemies":"3 Louse","floor":12.0,"turns":3.0},{"damage":6.0,"enemies":"The Guardian","floor":16.0,"turns":12.0},{"damage":7.0,"enemies":"Chosen","floor":18.0,"turns":6.0},{"damage":0.0,"enemies":"3 Byrds","floor":20.0,"turns":4.0},{"damage":6.0,"enemies":"Snake Plant","floor":21.0,"turns":5.0},{"damage":5.0,"enemies":"Book of Stabbing","floor":23.0,"turns":5.0},{"damage":37.0,"enemies":"Gremlin Leader","floor":28.0,"turns":11.0},{"damage":8.0,"enemies":"Book of Stabbing","floor":30.0,"turns":6.0},{"damage":0.0,"enemies":"Chosen and Byrds","floor":31.0,"turns":5.0},{"damage":48.0,"enemies":"Champ","floor":33.0,"turns":12.0},{"damage":0,"enemies":"3 Shapes","floor":35,"turns":3},{"damage":8,"enemies":"3 Darklings","floor":36,"turns":2},{"damage":42,"enemies":"Spire Growth","floor":37,"turns":6},{"damage":21,"enemies":"Giant Head","floor":41,"turns":7},{"damage":0,"enemies":"Nemesis","floor":45,"turns":5},{"damage":3,"enemies":"Maw","floor":46,"turns":6},{"damage":0,"enemies":"3 Darklings","floor":47,"turns":5},{"damage":44,"enemies":"Time Eater","floor":50,"turns":8},{"damage":19,"enemies":"Shield and Spear","floor":54,"turns":7},{"damage":109,"enemies":"The Heart","floor":55,"turns":11}],"seed_played":"-2918557923971776395","potions_obtained":[{"floor":5.0,"key":"SkillPotion"},{"floor":6.0,"key":"Weak Potion"},{"floor":10.0,"key":"SkillPotion"},{"floor":12.0,"key":"SpeedPotion"},{"floor":16.0,"key":"Regen Potion"},{"floor":18.0,"key":"GhostInAJar"},{"floor":21.0,"key":"BlessingOfTheForge"},{"floor":31.0,"key":"EssenceOfSteel"},{"floor":35,"key":"LiquidBronze"},{"floor":37,"key":"CultistPotion"},{"floor":45,"key":"SteroidPotion"},{"floor":46,"key":"SteroidPotion"},{"floor":54,"key":"PowerPotion"}],"is_trial":false,"path_per_floor":["M","M","M","M","M","E","?","?","T","E","R","M","$","?","R","B",null,"M","T","M","M","T","E","?","R","T","R","E","?","E","M","R","B",null,"M","M","M","$","?","R","E","R","T","R","E","M","M","$","R","B",null,"R","$","E","B"],"character_chosen":"THE_SILENT","items_purchased":["Vajra","TwistedFunnel","Backflip","Poisoned Stab","Apotheosis","Singing Bowl","Footwork","Sling","Anchor","Trip","Underhanded Strike","Swift Potion","Energy Potion","EntropicBrew","Pear"],"campfire_rested":3,"item_purchase_floors":[13,13,13,13,38,38,38,38,38,38,38,38,38,48,48],"current_hp_per_floor":[69,69,69,69,55,40,46,52,52,24,48,48,48,48,48,42,82,75,75,80,74,74,74,74,74,74,74,42,42,54,54,54,21,82,82,74,32,32,32,56,50,74,74,74,79,78,85,96,96,57,96,96,96,103,0,0],"gold":75,"neow_bonus":"UPGRADE_CARD","is_daily":false,"chose_seed":false,"campfire_upgraded":6,"win_rate":0.0,"timestamp":1608847764,"path_taken":["M","M","M","M","?","E","?","?","T","E","R","M","$","?","R","BOSS","M","?","M","?","?","E","?","R","T","R","E","?","E","M","R","BOSS","M","?","M","$","?","R","E","R","T","R","E","M","M","$","R","BOSS","R","$","E","BOSS"],"items_purchased_type":["Relic","Relic","Card","Card","Card","Relic","Card","Relic","Relic","Card","Card","Potion","Potion","Potion","Relic"],"build_version":"2020-12-22","purchased_purges":2,"victory":false,"max_hp_per_floor":[70,70,70,70,70,70,76,82,82,82,82,82,82,82,82,82,82,82,82,82,82,82,82,82,82,82,82,82,82,82,82,82,82,82,82,82,82,82,82,82,82,82,82,82,82,84,86,96,96,96,96,96,96,103,103,103],"card_choices":[{"not_picked":["Cloak And Dagger","Skewer"],"picked":"PiercingWail","floor":1.0},{"not_picked":["Dash","Escape Plan"],"picked":"Tactician","floor":2.0},{"not_picked":["Deadly Poison","Bouncing Flask"],"picked":"Dagger Throw","floor":3.0},{"not_picked":["Setup","PiercingWail"],"picked":"Prepared","floor":4.0},{"not_picked":["Slice","Catalyst"],"picked":"Bouncing Flask","floor":5.0},{"not_picked":["Infinite Blades","Deadly Poison"],"picked":"Caltrops","floor":6.0},{"not_picked":["Catalyst","Tools of the Trade"],"picked":"Bullet Time","floor":10.0},{"not_picked":["Blade Dance","Masterful Stab"],"picked":"Deadly Poison","floor":12.0},{"not_picked":["Grand Finale","Corpse Explosion"],"picked":"Envenom","floor":16.0},{"not_picked":["Dodge and Roll","All Out Attack"],"picked":"Leg Sweep","floor":18.0},{"not_picked":["Backflip","Blade Dance"],"picked":"Dash","floor":20.0},{"not_picked":["Bane","Outmaneuver+1"],"picked":"PiercingWail","floor":21.0},{"not_picked":["Dodge and Roll","Bouncing Flask"],"picked":"Finisher+1","floor":23.0},{"not_picked":["Dagger Spray","Outmaneuver"],"picked":"Quick Slash+1","floor":28.0},{"not_picked":["Prepared","Quick Slash"],"picked":"Die Die Die","floor":30.0},{"not_picked":["Quick Slash","Storm of Steel"],"picked":"Slice","floor":31.0},{"not_picked":["Night Terror","Phantasmal Killer"],"picked":"Corpse Explosion","floor":33.0},{"not_picked":["Bane+1","Prepared+1"],"picked":"Catalyst+1","floor":35},{"not_picked":["Deflect+1","Flechettes"],"picked":"Noxious Fumes","floor":36},{"not_picked":["Backstab","Expertise"],"picked":"Calculated Gamble","floor":37},{"not_picked":["Unload","Blade Dance+1"],"picked":"Skewer+1","floor":41},{"not_picked":["Tools of the Trade","Dagger Spray+1"],"picked":"Escape Plan+1","floor":45},{"not_picked":["Quick Slash+1","Blade Dance","Acrobatics"],"picked":"Singing Bowl","floor":46},{"not_picked":["Calculated Gamble+1","Outmaneuver","Concentrate"],"picked":"Singing Bowl","floor":47},{"not_picked":["Dash","Sucker Punch+1"],"picked":"Escape Plan+1","floor":54}],"player_experience":2574672,"relics_obtained":[{"floor":6.0,"key":"Darkstone Periapt"},{"floor":10.0,"key":"StrikeDummy"},{"floor":19.0,"key":"Toy Ornithopter"},{"floor":22.0,"key":"Ninja Scroll"},{"floor":23.0,"key":"Oddly Smooth Stone"},{"floor":26.0,"key":"Old Coin"},{"floor":28.0,"key":"MawBank"},{"floor":30.0,"key":"Art of War"},{"floor":41,"key":"MealTicket"},{"floor":43,"key":"The Courier"},{"floor":45,"key":"Potion Belt"},{"floor":54,"key":"Strawberry"}],"event_choices":[{"damage_healed":0.0,"max_hp_gain":0.0,"max_hp_loss":0.0,"gold_gain":0.0,"event_name":"Golden Idol","player_choice":"Take Wound","floor":7.0,"gold_loss":0.0,"damage_taken":0.0,"relics_obtained":["Golden Idol"],"cards_obtained":["Injury"]},{"damage_healed":0.0,"max_hp_gain":0.0,"max_hp_loss":0.0,"gold_gain":175.0,"event_name":"Liars Game","player_choice":"AGREE","floor":8.0,"gold_loss":0.0,"damage_taken":0.0,"cards_obtained":["Doubt"]},{"damage_healed":0.0,"max_hp_gain":0.0,"max_hp_loss":0.0,"gold_gain":0.0,"event_name":"FaceTrader","player_choice":"Trade","floor":14.0,"gold_loss":0.0,"damage_taken":0.0,"relics_obtained":["SsserpentHead"]},{"damage_healed":0.0,"max_hp_gain":0.0,"max_hp_loss":0.0,"gold_gain":0.0,"event_name":"The Library","player_choice":"Read","floor":24.0,"gold_loss":0.0,"damage_taken":0.0,"cards_obtained":["Venomology"]},{"damage_healed":0.0,"max_hp_gain":0.0,"max_hp_loss":0.0,"gold_gain":0.0,"event_name":"Match and Keep!","player_choice":"1 cards matched","floor":29.0,"gold_loss":0.0,"damage_taken":0.0,"cards_obtained":["Deadly Poison"]},{"cards_removed":["Defend_G"],"damage_healed":0,"gold_gain":0,"player_choice":"Offered Basic","damage_taken":0,"max_hp_gain":0,"max_hp_loss":0,"event_name":"Bonfire Elementals","floor":39,"gold_loss":0}],"is_beta":false,"boss_relics":[{"not_picked":["Ectoplasm","SacredBark"],"picked":"SlaversCollar"},{"not_picked":["Astrolabe","Pandora\u0027s Box"],"picked":"Ring of the Serpent"}],"items_purged_floors":[13,38],"is_endless":false,"potions_floor_spawned":[5,6,10,12,16,18,21,31,35,37,45,46,54],"killed_by":"The Heart","ascension_level":0}}