{"host":"fne7yx97fnz7kq05","time":1608792005,"event":{"mods":["BaseMod","Colored Map","Colored Powertips","Highlight Path","Minty Spire (QoL Compilation)","Relic Stats"],"gold_per_floor":[363,363,375,390,405,405,437,437,437,450,29,43,68,68,68,171,171,184,184,204,204,222,222,257,257,257,291,291,390,109,120,120,218,218,232,232,232,245,263,289,81,107,107,107,122,154,154,154,154,154,154,154,26,51,51,51],"floor_reached":55,"playtime":3074,"items_purged":["Strike_G","Strike_G","Strike_G","Strike_G"],"score":1231,"play_id":"07d44014-341f-4167-8caa-ca9216f6c7bb","local_time":"20201224004005","is_ascension_mode":true,"campfire_choices":[{"data":"Blade Dance","floor":6,"key":"SMITH"},{"data":"Cloak And Dagger","floor":8,"key":"SMITH"},{"data":"Accuracy","floor":15,"key":"SMITH"},{"data":"Cloak And Dagger","floor":23,"key":"SMITH"},{"data":"Adrenaline","floor":25,"key":"SMITH"},{"data":"Dash","floor":28,"key":"SMITH"},{"data":"Acrobatics","floor":32,"key":"SMITH"},{"floor":44,"key":"REST"},{"data":"1","floor":47,"key":"LIFT"},{"floor":49,"key":"RECALL"},{"floor":52,"key":"REST"}],"circlet_count":0,"master_deck":["AscendersBane","Strike_G","Defend_G","Defend_G","Defend_G","Defend_G","Defend_G","Survivor","Neutralize","Dash+1","Blade Dance+1","Cloak And Dagger+1","Crippling Poison","Poisoned Stab","Blade Dance+1","Accuracy+1","Cloak And Dagger+1","Adrenaline+1","Acrobatics+1","Sucker Punch+1","Dramatic Entrance","Calculated Gamble","Venomology","CurseOfTheBell","Blade Dance+1","Cloak And Dagger+1","Footwork","Adrenaline+1","Backflip+1","Phantasmal Killer+1","Leg Sweep+1"],"relics":["Ring of the Snake","Smiling Mask","Centennial Puzzle","PreservedInsect","OrangePellets","Singing Bowl","WristBlade","Potion Belt","Mango","Membership Card","Calling Bell","Bag of Marbles","Blue Candle","Girya","Strawberry","Toxic Egg 2","Snake Skull","Paper Crane","Dream Catcher","Bag of Preparation"],"acts_visited":["Exordium","TheCity","TheBeyond","TheEnding"],"potions_floor_usage":[7,24,27,27,33,33,39,40,42,42,45,50,50,50,50,50,50,55,55,55],"damage_taken":[{"damage":6,"enemies":"Jaw Worm","floor":1,"turns":6},{"damage":4,"enemies":"Cultist","floor":3,"turns":5},{"damage":0,"enemies":"2 Louse","floor":4,"turns":2},{"damage":0,"enemies":"Red Slaver","floor":5,"turns":3},{"damage":9,"enemies":"3 Sentries","floor":7,"turns":10},{"damage":4,"enemies":"Blue Slaver","floor":10,"turns":3},{"damage":0,"enemies":"Large Slime","floor":12,"turns":3},{"damage":14,"enemies":"Lagavulin","floor":13,"turns":4},{"damage":14,"enemies":"Slime Boss","floor":16,"turns":5},{"damage":9,"enemies":"3 Byrds","floor":18,"turns":4},{"damage":0,"enemies":"Chosen","floor":20,"turns":3},{"damage":0,"enemies":"Centurion and Healer","floor":22,"turns":3},{"damage":9,"enemies":"Slavers","floor":24,"turns":3},{"damage":2,"enemies":"Gremlin Leader","floor":27,"turns":2},{"damage":3,"enemies":"Snake Plant","floor":31,"turns":3},{"damage":9,"enemies":"Champ","floor":33,"turns":7},{"damage":0,"enemies":"Orb Walker","floor":35,"turns":1},{"damage":2,"enemies":"3 Shapes","floor":38,"turns":3},{"damage":34,"enemies":"Spire Growth","floor":39,"turns":4},{"damage":10,"enemies":"Reptomancer","floor":40,"turns":5},{"damage":26,"enemies":"Nemesis","floor":42,"turns":5},{"damage":0,"enemies":"Sphere and 2 Shapes","floor":45,"turns":3},{"damage":9,"enemies":"Giant Head","floor":46,"turns":5},{"damage":78,"enemies":"Awakened One","floor":50,"turns":14},{"damage":0,"enemies":"Shield and Spear","floor":54,"turns":2},{"damage":117,"enemies":"The Heart","floor":55,"turns":11}],"seed_played":"3298569280369200766","potions_obtained":[{"floor":3,"key":"SteroidPotion"},{"floor":4,"key":"Poison Potion"},{"floor":5,"key":"EntropicBrew"},{"floor":7,"key":"Swift Potion"},{"floor":35,"key":"PowerPotion"},{"floor":39,"key":"Strength Potion"},{"floor":40,"key":"Block Potion"}],"is_trial":false,"path_per_floor":["M","?","M","M","M","R","E","R","T","M","$","M","E","?","R","B",null,"M","?","M","?","M","R","E","R","T","E","R","?","$","M","R","B",null,"M","?","?","M","M","E","$","E","T","R","M","E","R","?","R","B",null,"R","$","E","B"],"character_chosen":"THE_SILENT","items_purchased":["Accuracy","PreservedInsect","OrangePellets","Membership Card","Dramatic Entrance","Calculated Gamble","Footwork","Toxic Egg 2","Phantasmal Killer+1","Ancient Potion"],"campfire_rested":2,"item_purchase_floors":[11,11,11,30,30,30,41,41,53,53],"current_hp_per_floor":[57,57,53,53,53,53,44,44,44,40,40,40,28,49,49,35,58,51,51,53,53,55,55,46,46,46,58,58,58,58,57,57,48,77,79,79,79,79,45,42,42,16,16,44,46,39,39,86,86,8,67,86,86,86,0,0],"gold":51,"neow_bonus":"TWO_FIFTY_GOLD","is_daily":false,"chose_seed":false,"campfire_upgraded":7,"win_rate":0.0,"timestamp":1608792005,"path_taken":["M","?","M","M","?","R","E","R","T","?","$","M","E","?","R","BOSS","M","?","?","?","M","R","E","R","T","E","R","?","$","M","R","BOSS","M","?","?","M","M","E","$","E","T","R","M","E","R","?","R","BOSS","R","$","E","BOSS"],"items_purchased_type":["Card","Relic","Relic","Relic","Card","Card","Card","Relic","Card","Potion"],"build_version":"2020-12-22","purchased_purges":4,"victory":false,"max_hp_per_floor":[63,63,63,63,63,63,63,63,63,63,63,63,65,65,65,65,65,67,67,69,69,71,71,71,71,71,85,85,85,85,87,87,87,87,89,85,85,87,87,94,94,94,94,94,96,98,98,86,86,86,86,86,86,86,86,86],"relic_stats":{"OrangePellets":[4],"Centennial Puzzle":[45],"Dream Catcher":1,"Singing Bowl":18,"counters":[26,119],"Blue Candle":[0],"PreservedInsect":454,"Snake Skull":[6],"Bag of Preparation":[2],"Smiling Mask":63,"obtain_stats":[{"Potion Belt":24,"Girya":34,"Singing Bowl":13,"Blue Candle":34,"Mango":27,"PreservedInsect":11,"Snake Skull":42,"Bag of Preparation":54,"Paper Crane":43,"Smiling Mask":7,"Calling Bell":34,"OrangePellets":11,"Centennial Puzzle":9,"Dream Catcher":46,"WristBlade":17,"Strawberry":40,"Bag of Marbles":34,"Membership Card":30,"Toxic Egg 2":41,"Ring of the Snake":0},{"Potion Belt":13,"Girya":16,"Singing Bowl":8,"Blue Candle":16,"Mango":14,"PreservedInsect":6,"Snake Skull":21,"Bag of Preparation":25,"Paper Crane":21,"Smiling Mask":5,"Calling Bell":16,"OrangePellets":6,"Centennial Puzzle":5,"Dream Catcher":23,"WristBlade":9,"Strawberry":20,"Bag of Marbles":16,"Membership Card":14,"Toxic Egg 2":20,"Ring of the Snake":0},{"Potion Belt":54,"Girya":66,"Singing Bowl":36,"Blue Candle":66,"Mango":56,"PreservedInsect":29,"Snake Skull":84,"Bag of Preparation":108,"Paper Crane":84,"Smiling Mask":26,"Calling Bell":66,"OrangePellets":29,"Centennial Puzzle":26,"Dream Catcher":92,"WristBlade":41,"Strawberry":79,"Bag of Marbles":66,"Membership Card":56,"Toxic Egg 2":79,"Ring of the Snake":0}],"Ring of the Snake":[52]},"card_choices":[{"not_picked":["Dagger Throw","Deadly Poison"],"picked":"Dash","floor":1},{"not_picked":["Bane","Expertise"],"picked":"Blade Dance","floor":3},{"not_picked":["Acrobatics","Dash"],"picked":"Cloak And Dagger","floor":4},{"not_picked":["Slice","Dodge and Roll"],"picked":"Crippling Poison","floor":5},{"not_picked":["Expertise","Crippling Poison"],"picked":"Poisoned Stab","floor":7},{"not_picked":["Poisoned Stab","Flying Knee"],"picked":"Blade Dance","floor":10},{"not_picked":["Masterful Stab","Catalyst"],"picked":"Cloak And Dagger","floor":12},{"not_picked":["Blur","Doppelganger","Underhanded Strike"],"picked":"Singing Bowl","floor":13},{"not_picked":["Night Terror","Die Die Die"],"picked":"Adrenaline","floor":16},{"not_picked":["Blade Dance","Poisoned Stab+1","Prepared"],"picked":"Singing Bowl","floor":18},{"not_picked":["Distraction","Dagger Throw+1","Sucker Punch"],"picked":"Singing Bowl","floor":20},{"not_picked":["Skewer","Reflex","All Out Attack"],"picked":"Singing Bowl","floor":22},{"not_picked":["All Out Attack","Blade Dance"],"picked":"Acrobatics","floor":24},{"not_picked":["Bouncing Flask","Bane+1"],"picked":"Sucker Punch+1","floor":27},{"not_picked":["Tools of the Trade","Dash","Bane+1"],"picked":"Singing Bowl","floor":31},{"not_picked":["Malaise","Night Terror"],"picked":"Venomology","floor":33},{"not_picked":["Bane+1","Sucker Punch","Concentrate+1"],"picked":"Singing Bowl","floor":35},{"not_picked":["Endless Agony+1","Escape Plan","Dodge and Roll"],"picked":"Singing Bowl","floor":38},{"not_picked":["Accuracy","Dagger Spray+1"],"picked":"Blade Dance+1","floor":39},{"not_picked":["Bullet Time","Dodge and Roll+1"],"picked":"Cloak And Dagger+1","floor":40},{"not_picked":["Burst+1","Bullet Time+1"],"picked":"Adrenaline+1","floor":42},{"not_picked":["Dagger Spray","Endless Agony","Bane"],"picked":"Singing Bowl","floor":45},{"not_picked":["Cloak And Dagger+1","Dodge and Roll+1","Dagger Spray"],"picked":"Singing Bowl","floor":46},{"not_picked":["Envenom","Finisher+1"],"picked":"Backflip+1","floor":52},{"not_picked":["Dash+1","Predator+1"],"picked":"Leg Sweep+1","floor":54}],"player_experience":173049,"relics_obtained":[{"floor":7,"key":"Smiling Mask"},{"floor":9,"key":"Centennial Puzzle"},{"floor":13,"key":"Singing Bowl"},{"floor":24,"key":"Potion Belt"},{"floor":27,"key":"Mango"},{"floor":34,"key":"Bag of Marbles"},{"floor":34,"key":"Blue Candle"},{"floor":34,"key":"Girya"},{"floor":40,"key":"Strawberry"},{"floor":42,"key":"Snake Skull"},{"floor":43,"key":"Paper Crane"},{"floor":46,"key":"Dream Catcher"},{"floor":54,"key":"Bag of Preparation"}],"event_choices":[{"damage_healed":0,"gold_gain":0,"player_choice":"0 cards matched","damage_taken":0,"max_hp_gain":0,"max_hp_loss":0,"event_name":"Match and Keep!","floor":2,"gold_loss":0,"cards_obtained":[]},{"damage_healed":21,"gold_gain":0,"player_choice":"Banana","damage_taken":0,"max_hp_gain":0,"max_hp_loss":0,"event_name":"Big Fish","floor":14,"gold_loss":0},{"damage_healed":0,"gold_gain":0,"player_choice":"Forge","damage_taken":0,"max_hp_gain":0,"max_hp_loss":0,"event_name":"Accursed Blacksmith","floor":19,"gold_loss":0,"cards_upgraded":["Blade Dance"]},{"damage_healed":0,"gold_gain":0,"player_choice":"Ignored","damage_taken":0,"max_hp_gain":0,"max_hp_loss":0,"event_name":"Ghosts","floor":21,"gold_loss":0},{"damage_healed":0,"gold_gain":99,"player_choice":"Stole From Cult","damage_taken":0,"max_hp_gain":0,"max_hp_loss":0,"event_name":"Nest","floor":29,"gold_loss":0},{"damage_healed":0,"gold_gain":0,"player_choice":"Max HP","damage_taken":0,"max_hp_gain":0,"max_hp_loss":4,"event_name":"Winding Halls","floor":36,"gold_loss":0},{"damage_healed":0,"gold_gain":0,"player_choice":"Ignored","damage_taken":0,"max_hp_gain":0,"max_hp_loss":0,"event_name":"Tomb of Lord Red Mask","floor":37,"gold_loss":0},{"damage_healed":86,"gold_gain":0,"player_choice":"Heal","damage_taken":0,"max_hp_gain":0,"max_hp_loss":12,"event_name":"The Moai Head","floor":48,"gold_loss":0}],"is_beta":false,"boss_relics":[{"not_picked":["SlaversCollar","Coffee Dripper"],"picked":"WristBlade"},{"not_picked":["HoveringKite","Velvet Choker"],"picked":"Calling Bell"}],"items_purged_floors":[11,30,41,53],"is_endless":false,"potions_floor_spawned":[3,4,5,7,16,20,22,35,39,40],"killed_by":"The Heart","ascension_level":11}}