{"host":"Charlie","time":1608804758,"event":{"mods":["Aspiration","BaseMod","Better Match","Better Skull","Better Third Choice","BetterRewards","ChefMod","Colored Map","Colored Powertips","Conspire","Curses Come First","Downfall","Ekko","Friendly Minions","Halation","Hermit","Hubris","Infinite Spire","Luminous","Melee Mod","Minty Spire (QoL Compilation)","Quick Restart","Rare Cards Sparkle","Relic Stats","Robot Space Explorer","Shade Mod","Spicy Shops","StSLib","SuperFastMode","Synergy Search","The Animator","The Blue Laboratory","The Cursed","The Dragon Tamer","The Factory","The Gatherer","The Jungle","The Marked","The Necromancer","Unceasing Turn Reminder","vexMod"],"gold_per_floor":[112,112,82,101,116,143,143,177,230,259,259,294,294,323,323,419,419,437,32,32,59,9,9,60,75,75,86,86],"floor_reached":27,"playtime":1127,"items_purged":[],"score":278,"play_id":"17a43672-afee-4aee-b12c-0148c3dd3914","local_time":"20201224021238","is_ascension_mode":true,"campfire_choices":[{"data":"hubris:DuctTapeCard","floor":7,"key":"SMITH"},{"data":"hermit:Showdown","floor":11,"key":"SMITH"},{"floor":13,"key":"REST"},{"data":"hermit:Snapshot","floor":15,"key":"SMITH"},{"data":"aspiration:Lunge","floor":23,"key":"SMITH"}],"circlet_count":0,"master_deck":["hermit:Defend_Hermit","hermit:Defend_Hermit","hermit:Snapshot+1","hermit:Enervate","hermit:PistolWhip","hubris:DuctTapeCard+2","hermit:Grudge","hermit:BigShot+1","hermit:Reprieve","hermit:FlashPowder+1","hermit:Combo+1","aspiration:Lunge+1","Dash","Underhanded Strike","conspire:SpireCoStock","hermit:Brawl+1"],"relics":["hermit:Momento","hubris:ToyBattleship","hubris:DuctTape","Frozen Egg 2","aspiration:TomeofQuesting","aspiration:StickyExplosives_weak","hermit:Horseshoe","halation:VictoryRuler","Astrolabe","aspiration:FetidBarrel","PreservedInsect","Red Mask","Kunai"],"acts_visited":["Exordium","TheCity"],"potions_floor_usage":[6,14,16,16,27],"damage_taken":[{"damage":0,"enemies":"2 Louse","floor":1,"turns":2},{"damage":1,"enemies":"Jaw Worm","floor":4,"turns":3},{"damage":0,"enemies":"Cultist","floor":5,"turns":3},{"damage":8,"enemies":"3 Sentries","floor":6,"turns":8},{"damage":8,"enemies":"Lagavulin","floor":8,"turns":5},{"damage":28,"enemies":"Gremlin Nob","floor":10,"turns":4},{"damage":5,"enemies":"3 Sentries","floor":12,"turns":5},{"damage":1,"enemies":"Gremlin Nob","floor":14,"turns":3},{"damage":14,"enemies":"Hexaghost","floor":16,"turns":7},{"damage":27,"enemies":"2 Thieves","floor":18,"turns":4},{"damage":0,"enemies":"Masked Bandits","floor":21,"turns":2},{"damage":16,"enemies":"Book of Stabbing","floor":24,"turns":4},{"damage":24,"enemies":"Spheric Guardian","floor":25,"turns":4},{"damage":12,"enemies":"Slavers","floor":27,"turns":4}],"seed_played":"5506616897308370534","potions_obtained":[{"floor":1,"key":"blueLaboratory:BottleOfVodka"},{"floor":3,"key":"blueLaboratory:PolymorphPotion"},{"floor":3,"key":"hexamod:EctoCoolerPotion"},{"floor":12,"key":"blueLaboratory:TrueEctoplasm"},{"floor":14,"key":"blueLaboratory:LouseDecoction"},{"floor":25,"key":"GamblersBrew"}],"is_trial":false,"path_per_floor":["M","?","?","M","M","E","R","E","T","E","R","E","R","E","R","B",null,"M","$","?","?","?","R","E","M","T","E"],"character_chosen":"HERMIT","items_purchased":["aspiration:FetidBarrel","PreservedInsect"],"campfire_rested":1,"item_purchase_floors":[19,19],"current_hp_per_floor":[75,68,68,67,67,59,59,51,51,23,23,18,40,43,43,29,75,48,48,48,52,52,52,36,12,12,0,0],"gold":86,"neow_bonus":"RANDOM_COMMON_RELIC","is_daily":false,"chose_seed":false,"campfire_upgraded":4,"win_rate":0.0,"timestamp":1608804758,"path_taken":["M","?","?","?","M","E","R","E","T","E","R","E","R","E","R","BOSS","M","$","?","?","?","R","E","M","T","E"],"items_purchased_type":["Relic","Relic"],"build_version":"2020-12-18","purchased_purges":0,"victory":false,"max_hp_per_floor":[75,75,75,75,75,75,75,75,75,75,75,75,75,75,75,75,75,75,75,75,75,75,75,75,75,75,75,75],"relic_stats":{"counters":[14,58],"Astrolabe":["hermit:FlashPowder","hermit:Combo","hermit:Showdown"],"PreservedInsect":82,"Kunai":[0],"obtain_stats":[{"hubris:DuctTape":6,"aspiration:FetidBarrel":19,"Astrolabe":17,"aspiration:TomeofQuesting":9,"PreservedInsect":19,"Frozen Egg 2":8,"aspiration:StickyExplosives_weak":10,"halation:VictoryRuler":14,"hubris:ToyBattleship":0,"Red Mask":21,"Kunai":24,"hermit:Horseshoe":12,"hermit:Momento":0},{"hubris:DuctTape":4,"aspiration:FetidBarrel":10,"Astrolabe":9,"aspiration:TomeofQuesting":5,"PreservedInsect":10,"Frozen Egg 2":5,"aspiration:StickyExplosives_weak":6,"halation:VictoryRuler":8,"hubris:ToyBattleship":0,"Red Mask":11,"Kunai":12,"hermit:Horseshoe":7,"hermit:Momento":0},{"hubris:DuctTape":16,"aspiration:FetidBarrel":44,"Astrolabe":40,"aspiration:TomeofQuesting":21,"PreservedInsect":44,"Frozen Egg 2":21,"aspiration:StickyExplosives_weak":25,"halation:VictoryRuler":33,"hubris:ToyBattleship":0,"Red Mask":46,"Kunai":50,"hermit:Horseshoe":30,"hermit:Momento":0}]},"card_choices":[{"not_picked":["hermit:Manifest","hermit:Snipe"],"picked":"hermit:Enervate","floor":1},{"not_picked":["hermit:Vantage","hermit:Desperado","hermit:LowProfile"],"picked":"SKIP","floor":4},{"not_picked":["hermit:Ricochet","hermit:Misfire"],"picked":"hermit:PistolWhip","floor":5},{"not_picked":["hermit:Spite","hermit:Maintenance"],"picked":"hermit:Grudge","floor":6},{"not_picked":["hermit:TrackingShot","hermit:SprayPray","hermit:Vantage"],"picked":"SKIP","floor":8},{"not_picked":["hermit:Vantage","hermit:TakeCover"],"picked":"hermit:Showdown","floor":10},{"not_picked":["hermit:HighCaliber","hermit:CalledShot"],"picked":"hermit:BigShot+1","floor":12},{"not_picked":["hermit:NoHoldsBarred","hermit:Cheat","hermit:Misfire"],"picked":"SKIP","floor":14},{"not_picked":["hermit:Dissolve","hermit:DeadOrAlive"],"picked":"hermit:Reprieve","floor":16},{"not_picked":["hermit:LowProfile","hermit:Glare+1","hermit:WideOpen"],"picked":"SKIP","floor":18},{"not_picked":["hermit:Misfire","hermit:Reprieve"],"picked":"hermit:Brawl+1","floor":24},{"not_picked":["hermit:ItchyTrigger","hermit:Vantage","hermit:HighCaliber"],"picked":"SKIP","floor":25}],"player_experience":445237,"relics_obtained":[{"floor":6,"key":"hubris:DuctTape"},{"floor":8,"key":"Frozen Egg 2"},{"floor":9,"key":"aspiration:TomeofQuesting"},{"floor":10,"key":"aspiration:StickyExplosives_weak"},{"floor":12,"key":"hermit:Horseshoe"},{"floor":14,"key":"halation:VictoryRuler"},{"floor":21,"key":"Red Mask"},{"floor":24,"key":"Kunai"}],"event_choices":[{"cards_removed":["hermit:Strike_Hermit"],"damage_healed":0,"gold_gain":0,"player_choice":"Card Removal","damage_taken":7,"max_hp_gain":0,"max_hp_loss":0,"event_name":"Golden Wing","floor":2,"gold_loss":0},{"damage_healed":0,"gold_gain":0,"player_choice":"Bought 2 Potions","damage_taken":0,"max_hp_gain":0,"max_hp_loss":0,"event_name":"The Woman in Blue","floor":3,"gold_loss":0},{"damage_healed":0,"gold_gain":0,"player_choice":"Fought Bandits","damage_taken":0,"max_hp_gain":0,"max_hp_loss":0,"event_name":"Masked Bandits","floor":21,"gold_loss":0},{"damage_healed":0,"gold_gain":0,"player_choice":"Invest 1","damage_taken":0,"max_hp_gain":0,"max_hp_loss":0,"event_name":"conspire:Investor","floor":22,"gold_loss":0}],"is_beta":true,"boss_relics":[{"not_picked":["Empty Cage","hubris:Stopwatch"],"picked":"Astrolabe"}],"items_purged_floors":[],"is_endless":false,"potions_floor_spawned":[1,5,12,14,25],"killed_by":"Slavers","ascension_level":1}}