{"host":"2i0myh7fqij2ti1z","time":1608792553,"event":{"mods":["Aspiration","BaseMod","Better Third Choice","Colored Powertips","FoggyMod","Highlight Path","Minty Spire (QoL Compilation)","Permanent Neow","Quick Restart","Random Character Button","Random Character Mod","Relic Sorter","Replay The Spire","Shop Mod","Spicy Shops","StSLib","Transform Curses","Wandering Minibosses","vexMod"],"gold_per_floor":[20109,19043,19043,19043,17464,17497,17497,17525,17525,17549,17604,16327,16327,15567,15567,15669,15669,15689,15025,14320,14320,14320,14320,14357,14373,14373,14473,14473,13718,13159,13205,13205,13320,13320,13346,13346,13361,12889,12922,12956,12980,13010,13010,13010,13030,12004,12052,12088,12088,12098],"floor_reached":51,"playtime":2156,"items_purged":["Defend_R","Heel Hook","Distraction","Strike_R","Strike_R","Strike_R","Strike_R","Defend_R","Searing Blow+2","ReplayTheSpireMod:Speed Training+1","Bash+1","LessonLearned+1","Impervious"],"score":932,"play_id":"8a31cf3c-6821-4eda-a6e7-285a4b06e030","local_time":"20201224144913","daily_mods":["Specialized","Purple Cards","Lethality"],"is_ascension_mode":true,"campfire_choices":[{"data":"Reaper","floor":7,"key":"SMITH"},{"data":"Chrysalis","floor":15,"key":"SMITH"},{"data":"Reaper","floor":23,"key":"SMITH"},{"data":"Offering","floor":32,"key":"SMITH"},{"data":"ReachHeaven","floor":44,"key":"SMITH"},{"data":"Limit Break","floor":49,"key":"SMITH"}],"circlet_count":0,"master_deck":["Impervious+1","Impervious+1","Impervious+1","ReachHeaven+1","Reaper+1","Reaper+1","Chrysalis+1","Offering+1","Crow Ritual+1","Indignation","Limit Break+1","Crow Ritual+1"],"relics":["Burning Blood","Ring of Chaos","Garlic","Brimstone","Toolbox","Bag of Preparation","Oddly Smooth Stone","Replay:Baseball","InkBottle","Mirror","Onion Ring","Replay:Bottled Snecko","DollysMirror","MealTicket","Quantum Egg","Gremlin Food","Replay:Bottled Flurry","Frozen Egg 2","Tiny Chest","King of Hearts","vexMod:Spyglass","OrangePellets","vexMod:PlasmaPancake","Membership Card","Medical Kit","Replay:Bandana","Bag of Marbles","Akabeko","Omamori","aspiration:RitualDagger","Question Card","vexMod:Cooldron","Chameleon Ring","ClockworkSouvenir","Whetstone","Replay:Towering Pillar of Hats","Anchor","aspiration:Lifesprig","vexMod:PaidLearning","WarpedTongs","Potion Belt","Mummified Hand","TungstenRod","ReplayTheSpireMod:Ninjato","TheAbacus","Orichalcum","aspiration:Nostalgia","PureWater","ReplayFunnel","vexMod:Dragonfruit","PreservedInsect","Bronze Scales","Sundial","SlaversCollar","Pondfish Scales","Lantern","StrikeDummy","BargainBundle","Guide Book","wanderingMiniBosses:AbyssPearl","Juzu Bracelet","vexMod:BarristanHead","Sling","aspiration:StickyExplosives_weak","vexMod:RetaliationKit","Pet Ghost","CaptainsWheel","Blood Vial","Replay:Ringing Soul"],"acts_visited":["Exordium","TheCity","TheBeyond"],"potions_floor_usage":[],"damage_taken":[{"damage":0,"enemies":"Small Slimes","floor":1,"turns":4},{"damage":0,"enemies":"Lagavulin","floor":6,"turns":4},{"damage":9,"enemies":"Gremlin Nob","floor":8,"turns":3},{"damage":18,"enemies":"3 Sentries","floor":11,"turns":4},{"damage":59,"enemies":"Hexaghost","floor":16,"turns":5},{"damage":3,"enemies":"3 Byrds","floor":18,"turns":1},{"damage":3,"enemies":"Slavers","floor":24,"turns":1},{"damage":12,"enemies":"Shell Parasite","floor":25,"turns":2},{"damage":11,"enemies":"Collector","floor":33,"turns":3},{"damage":2,"enemies":"3 Shapes","floor":35,"turns":1},{"damage":2,"enemies":"3 Darklings","floor":37,"turns":1},{"damage":39,"enemies":"Transient","floor":39,"turns":8},{"damage":9,"enemies":"Giant Head","floor":40,"turns":2},{"damage":2,"enemies":"Jaw Worm Horde","floor":41,"turns":1},{"damage":2,"enemies":"3 Darklings","floor":42,"turns":1},{"damage":4,"enemies":"Spire Growth","floor":45,"turns":2},{"damage":38,"enemies":"Nemesis","floor":48,"turns":3},{"damage":9,"enemies":"Replay:Hell Engine","floor":50,"turns":2}],"seed_played":"-1457055067314245077","potions_obtained":[{"floor":6,"key":"Doom Potion"},{"floor":8,"key":"BlessingOfTheForge"},{"floor":16,"key":"ColorlessPotion"},{"floor":25,"key":"EntropicBrew"},{"floor":31,"key":"EssenceOfSteel"},{"floor":48,"key":"EntropicBrew"}],"is_trial":true,"path_per_floor":["M","$","?","?","$","E","R","E","T","T","?","$","?","$","R","B",null,"M","$","$","?","?","R","E","M","T","?","?","$","$","?","R","B",null,"M","?","M","$","M","E","M","M","T","R","M","$","T","E","R","B",null],"character_chosen":"IRONCLAD","items_purchased":["Garlic","Brimstone","Toolbox","Bag of Preparation","Oddly Smooth Stone","Replay:Baseball","InkBottle","Mirror","Onion Ring","Reaper","Replay:Bottled Snecko","DollysMirror","Frozen Egg 2","Tiny Chest","King of Hearts","vexMod:Spyglass","OrangePellets","vexMod:PlasmaPancake","Membership Card","Medical Kit","Replay:Bandana","Bag of Marbles","Akabeko","Omamori","Chrysalis","Question Card","vexMod:Cooldron","Chameleon Ring","ClockworkSouvenir","Whetstone","Replay:Towering Pillar of Hats","EntropicBrew","Anchor","aspiration:Lifesprig","vexMod:PaidLearning","TungstenRod","ReplayTheSpireMod:Ninjato","TheAbacus","Orichalcum","Crow Ritual+1","Indignation","aspiration:Nostalgia","ReplayFunnel","vexMod:Dragonfruit","PreservedInsect","Bronze Scales","Pondfish Scales","Lantern","StrikeDummy","BargainBundle","Guide Book","Sling","aspiration:StickyExplosives_weak","vexMod:RetaliationKit","Pet Ghost","CaptainsWheel","Crow Ritual+1"],"campfire_rested":0,"item_purchase_floors":[2,2,2,2,2,2,5,5,5,5,5,5,12,12,12,12,12,12,14,14,14,14,14,14,14,19,19,19,19,19,20,20,20,20,20,29,29,29,29,29,29,30,30,30,30,30,38,38,38,38,38,46,46,46,46,46,46],"current_hp_per_floor":[80,80,80,80,80,80,80,83,83,83,80,92,92,92,92,39,92,92,92,92,92,86,86,92,86,86,86,86,92,97,74,74,97,97,97,88,92,97,75,97,97,97,97,97,97,97,97,65,65,64],"gold":12098,"neow_bonus":"","is_daily":false,"chose_seed":false,"campfire_upgraded":6,"win_rate":0.0,"timestamp":1608792553,"path_taken":["M","$","?","?","?","E","R","E","T","?","?","$","?","$","R","BOSS","M","$","?","?","?","R","E","?","T","?","?","$","?","?","R","BOSS","M","?","?","$","?","E","?","?","T","R","?","$","?","E","R","BOSS"],"items_purchased_type":["Relic","Relic","Relic","Relic","Relic","Relic","Relic","Relic","Relic","Card","Relic","Relic","Relic","Relic","Relic","Relic","Relic","Relic","Relic","Relic","Relic","Relic","Relic","Relic","Card","Relic","Relic","Relic","Relic","Relic","Relic","Potion","Relic","Relic","Relic","Relic","Relic","Relic","Relic","Card","Card","Relic","Relic","Relic","Relic","Relic","Relic","Relic","Relic","Relic","Relic","Relic","Relic","Relic","Relic","Relic","Card"],"build_version":"2020-12-22","purchased_purges":13,"victory":true,"max_hp_per_floor":[80,80,80,80,80,80,80,86,86,86,86,92,92,92,92,92,92,92,92,92,92,92,92,92,92,92,92,92,92,97,97,97,97,97,97,97,97,97,97,97,97,97,97,97,97,97,97,97,97,97],"card_choices":[{"not_picked":["BowlingBash","ReplayTheSpireMod:Strike From Hell"],"picked":"ReachHeaven","floor":1},{"not_picked":["MentalFortress","Worship"],"picked":"Searing Blow","floor":6},{"not_picked":["Flex","Replay:AtTheReady","Evaluate"],"picked":"SKIP","floor":8},{"not_picked":["Vault","Wish"],"picked":"LessonLearned","floor":16},{"not_picked":["Pummel","Clothesline+1","Life Link+1"],"picked":"SKIP","floor":18},{"not_picked":["Heavy Blade","Spot Weakness","Sever Soul"],"picked":"Offering","floor":24},{"not_picked":["SandsOfTime+1","Twin Strike+1","Study+1","Replay:Vibes"],"picked":"SKIP","floor":25},{"not_picked":["Brutality+1","LessonLearned","Reaper"],"picked":"Limit Break","floor":33},{"not_picked":["Thunderclap+1","Blood for Blood","MentalFortress+1","SignatureMove"],"picked":"SKIP","floor":35},{"not_picked":["FearNoEvil+1","Evolve+1","Body Slam+1","Inflame+1"],"picked":"SKIP","floor":37},{"not_picked":["ReachHeaven+1","Indignation+1","FlurryOfBlows+1","Flex+1"],"picked":"SKIP","floor":39},{"not_picked":["Replay:Hum+1","Havoc+1","Twin Strike+1","Uppercut+1"],"picked":"SKIP","floor":40},{"not_picked":["Crescendo+1","Twin Strike","FlurryOfBlows+1","Wild Strike+1"],"picked":"SKIP","floor":41},{"not_picked":["Replay:Undeath\u0027s Touch+1","Evaluate","Replay:ManipulateFuture","Ragnarok"],"picked":"SKIP","floor":42},{"not_picked":["Pray","Life Link+1","Havoc","WaveOfTheHand"],"picked":"SKIP","floor":45},{"not_picked":["BowlingBash","Searing Blow+1","EmptyBody","Bloodletting+1"],"picked":"SKIP","floor":48}],"player_experience":185906,"relics_obtained":[{"floor":6,"key":"MealTicket"},{"floor":8,"key":"vexMod:BerryBomb"},{"floor":9,"key":"Quantum Egg"},{"floor":10,"key":"Gremlin Food"},{"floor":11,"key":"Replay:Bottled Flurry"},{"floor":24,"key":"Potion Belt"},{"floor":26,"key":"Mummified Hand"},{"floor":31,"key":"Sundial"},{"floor":39,"key":"wanderingMiniBosses:AbyssPearl"},{"floor":40,"key":"Juzu Bracelet"},{"floor":43,"key":"vexMod:BarristanHead"},{"floor":47,"key":"Blood Vial"},{"floor":48,"key":"Replay:Ringing Soul"}],"event_choices":[{"damage_healed":0,"gold_gain":0,"player_choice":"Ignored","damage_taken":19043,"max_hp_gain":0,"max_hp_loss":0,"event_name":"betterThird:BetterSerpent","floor":3,"gold_loss":0},{"damage_healed":0,"gold_gain":30,"player_choice":"Searched \u00273\u0027 times","damage_taken":0,"max_hp_gain":0,"max_hp_loss":0,"event_name":"Dead Adventurer","floor":11,"gold_loss":0},{"damage_healed":0,"gold_gain":0,"player_choice":"Left","damage_taken":0,"max_hp_gain":1,"max_hp_loss":0,"event_name":"betterThird:BetterGoop","floor":13,"gold_loss":0},{"damage_healed":0,"gold_gain":0,"player_choice":"Rummage","damage_taken":0,"relics_obtained":["WarpedTongs"],"max_hp_gain":0,"max_hp_loss":0,"event_name":"Accursed Blacksmith","floor":21,"gold_loss":0,"cards_obtained":["Pain"]},{"damage_healed":0,"gold_gain":0,"player_choice":"","damage_taken":6,"max_hp_gain":0,"max_hp_loss":0,"event_name":"Knowing Skull","floor":22,"potions_obtained":[],"gold_loss":0,"cards_obtained":[]},{"damage_healed":0,"gold_gain":100,"player_choice":"Pray","damage_taken":0,"max_hp_gain":0,"max_hp_loss":0,"event_name":"Golden Shrine","floor":27,"gold_loss":0},{"cards_removed":["Impervious"],"damage_healed":0,"gold_gain":0,"player_choice":"Purged","damage_taken":0,"max_hp_gain":0,"max_hp_loss":0,"event_name":"Purifier","floor":28,"gold_loss":0},{"damage_healed":0,"gold_gain":0,"player_choice":"Memory 3","damage_taken":10,"max_hp_gain":0,"max_hp_loss":0,"event_name":"SensoryStone","floor":36,"gold_loss":0}],"is_beta":false,"boss_relics":[{"not_picked":["vexMod:MysteryBossChallenge","vexMod:DeviousBotling"],"picked":"aspiration:RitualDagger"},{"not_picked":["vexMod:CursedCompass","vexMod:ImprovementManual"],"picked":"SlaversCollar"}],"items_purged_floors":[2,5,5,12,14,19,19,20,20,29,30,46,46],"is_endless":false,"potions_floor_spawned":[6,8,16,18,25,33,37,41,45,48],"ascension_level":1}}