{"host":"dh4nu8nelr2izibb","time":1608784406,"event":{"mods":["Act Like it!","BaseMod","Better Third Choice","Card Forge","Displayed Cursed Tome","HololiveMod","Marisa????????","Minty Spire (QoL Compilation)","Puzzle Mod","Quick Restart","Relic Filter","StSLib","The Marked","The Poker Player","The Servant 0.9.4","WarShipGirlsR/????R mod","???????????mod"],"gold_per_floor":[113,113,124,135,148,148,163,163,189,189,1,1,17,40,40,138,138,156,176,176,137,155,155,182,182,182,182,192,192,208,81,81,184,184,199,199,249,263,66,66,94,104,130,162,162,162],"floor_reached":45,"playtime":1873,"items_purged":["Strike_MRS","Strike_MRS"],"score":686,"play_id":"cbcc5f01-3f6c-49e3-bcf6-6f27baf1c470","local_time":"20201223233326","is_ascension_mode":true,"campfire_choices":[{"data":"MasterSpark","floor":6.0,"key":"SMITH"},{"floor":8.0,"key":"REST"},{"data":"SporeBomb","floor":10.0,"key":"SMITH"},{"floor":15.0,"key":"REST"},{"floor":23.0,"key":"REST"},{"data":"GalacticHalo","floor":25.0,"key":"SMITH"},{"data":"LuminesStrike","floor":27.0,"key":"SMITH"},{"floor":32.0,"key":"REST"},{"data":"UltimateShortwave","floor":40.0,"key":"SMITH"}],"circlet_count":0,"master_deck":["Strike_MRS","Strike_MRS","Defend_MRS","Defend_MRS","Defend_MRS","MasterSpark+1","UpSweep","GalacticHalo+1","SporeBomb+1","Acceleration","AsteroidBelt","LuminesStrike+1","AsteroidBelt","AbsoluteMagnitude","GalacticHalo+1","ShootTheMoon+1","MagicAbsorber","UltimateShortwave+1","AsteroidBelt+1","GalacticHalo","PulseMagic+1"],"relics":["MiniHakkero","Hammer of Thor","Seething Fire","Anvil of the Gods","Ice Cream","Nunchaku","Membership Card","Oddly Smooth Stone","RampagingMagicTools","PreservedInsect","Unceasing Top","MutagenicStrength","Kunai","Velvet Choker","Mango","Incense Burner","AmplifyWand","Potion Belt","Shuriken"],"acts_visited":["Exordium","TheCity","TheBeyond"],"potions_floor_usage":[42],"damage_taken":[{"damage":1.0,"enemies":"Cultist","floor":1.0,"turns":3.0},{"damage":0.0,"enemies":"Small Slimes","floor":3.0,"turns":3.0},{"damage":9.0,"enemies":"Jaw Worm","floor":4.0,"turns":3.0},{"damage":20.0,"enemies":"Exordium Thugs","floor":5.0,"turns":5.0},{"damage":25.0,"enemies":"Exordium Wildlife","floor":7.0,"turns":6.0},{"damage":6.0,"enemies":"Looter","floor":13.0,"turns":3.0},{"damage":23.0,"enemies":"Slime Boss","floor":16.0,"turns":5.0},{"damage":1.0,"enemies":"Chosen","floor":18.0,"turns":3.0},{"damage":8.0,"enemies":"2 Thieves","floor":19.0,"turns":3.0},{"damage":13.0,"enemies":"Cultist and Chosen","floor":22.0,"turns":6.0},{"damage":28.0,"enemies":"Book of Stabbing","floor":24.0,"turns":5.0},{"damage":3.0,"enemies":"Chosen and Byrds","floor":28.0,"turns":4.0},{"damage":22.0,"enemies":"Centurion and Healer","floor":30.0,"turns":6.0},{"damage":27.0,"enemies":"Champ","floor":33.0,"turns":9.0},{"damage":13.0,"enemies":"3 Darklings","floor":35.0,"turns":11.0},{"damage":0.0,"enemies":"Mind Bloom Boss Battle","floor":37.0,"turns":6.0},{"damage":0.0,"enemies":"Orb Walker","floor":38.0,"turns":6.0},{"damage":14.0,"enemies":"Reptomancer","floor":41.0,"turns":6.0},{"damage":2,"enemies":"Sphere and 2 Shapes","floor":42,"turns":9},{"damage":26,"enemies":"Giant Head","floor":44,"turns":6},{"damage":27,"enemies":"Transient","floor":45,"turns":4}],"seed_played":"-3829654037462148668","potions_obtained":[{"floor":7.0,"key":"Swift Potion"},{"floor":13.0,"key":"ColorlessPotion"},{"floor":16.0,"key":"FearPotion"},{"floor":19.0,"key":"Dexterity Potion"},{"floor":30.0,"key":"PowerPotion"},{"floor":33.0,"key":"Swift Potion"},{"floor":37.0,"key":"BottledSpark"}],"is_trial":false,"path_per_floor":["M","?","M","M","M","R","M","R","T","R","$","?","M","T","R","B",null,"M","M","?","$","M","R","E","R","T","R","M","?","M","$","R","B",null,"M","?","?","M","$","R","E","M","T","E","M"],"character_chosen":"MARISA","items_purchased":["Membership Card","Regen Potion","Kunai","Incense Burner"],"campfire_rested":4,"item_purchase_floors":[11,21,31,39],"current_hp_per_floor":[67,67,67,58,38,38,13,33,33,33,33,33,27,27,47,24,57,56,48,48,48,35,55,41,41,41,41,38,38,16,16,36,9,53,40,40,54,54,54,54,40,38,38,12,0,0],"gold":162,"neow_bonus":"ONE_RARE_RELIC","is_daily":false,"chose_seed":false,"campfire_upgraded":5,"win_rate":0.0,"timestamp":1608784406,"path_taken":["M","?","M","M","M","R","M","R","T","R","$","?","?","?","R","BOSS","M","M","?","$","M","R","E","R","T","R","M","?","M","$","R","BOSS","M","?","?","M","$","R","E","M","T","E","M"],"items_purchased_type":["Relic","Potion","Relic","Relic"],"build_version":"2020-12-22","purchased_purges":2,"victory":false,"max_hp_per_floor":[68,68,68,68,68,68,68,68,68,68,68,68,68,68,68,68,68,68,68,68,68,68,68,68,68,68,68,68,68,68,68,68,68,68,68,68,82,82,82,82,82,82,82,82,82,82],"card_choices":[{"not_picked":["DoubleSpark","Robbery"],"picked":"GalacticHalo","floor":1.0},{"not_picked":["OpenUniverse","AlicesGift"],"picked":"SporeBomb","floor":3.0},{"not_picked":["DarkMatter","OrrerysSun"],"picked":"Acceleration","floor":4.0},{"not_picked":["BlazeAway","MilkyWay"],"picked":"AsteroidBelt","floor":5.0},{"not_picked":["DC","DoubleSpark"],"picked":"LuminesStrike","floor":7.0},{"not_picked":["DoubleSpark","UnstableBomb"],"picked":"AsteroidBelt","floor":13.0},{"not_picked":["ManaRampage","EscapeVelocity"],"picked":"AbsoluteMagnitude","floor":16.0},{"not_picked":["DoubleSpark","EnergyRecoil"],"picked":"GalacticHalo","floor":18.0},{"not_picked":["MilkyWay","OrrerysSun+1","6A"],"picked":"SKIP","floor":19.0},{"not_picked":["ManaRampage","PowerUp"],"picked":"ShootTheMoon+1","floor":22.0},{"not_picked":["GravityBeat","PowerUp","OneTimeOff"],"picked":"SKIP","floor":24.0},{"not_picked":["NonDirectionalLaser+1","OneTimeOff+1"],"picked":"MagicAbsorber","floor":28.0},{"not_picked":["Robbery","SporeBomb","UnstableBomb"],"picked":"SKIP","floor":30.0},{"not_picked":["JA","MillisecondPulsars"],"picked":"UltimateShortwave","floor":33.0},{"not_picked":["WitchOfGreed+1","StarBarrage+1"],"picked":"AsteroidBelt+1","floor":35.0},{"not_picked":["6A+1","AlicesGift+1","OpenUniverse+1"],"picked":"SKIP","floor":38.0},{"not_picked":["DoubleSpark","ChargeUpSpray"],"picked":"GalacticHalo","floor":41.0},{"not_picked":["LuminesStrike","PowerUp+1"],"picked":"PulseMagic+1","floor":42},{"not_picked":["Orbital+1","ShootingEcho","DC+1"],"picked":"SKIP","floor":44}],"player_experience":1113857,"relics_obtained":[{"floor":9.0,"key":"Nunchaku"},{"floor":14.0,"key":"Oddly Smooth Stone"},{"floor":24.0,"key":"PreservedInsect"},{"floor":26.0,"key":"Unceasing Top"},{"floor":37.0,"key":"Mango"},{"floor":41.0,"key":"AmplifyWand"},{"floor":43,"key":"Potion Belt"},{"floor":44,"key":"Shuriken"}],"event_choices":[{"damage_healed":0.0,"max_hp_gain":0.0,"max_hp_loss":0.0,"gold_gain":0.0,"event_name":"The Cleric","player_choice":"Leave","floor":2.0,"gold_loss":0.0,"damage_taken":0.0},{"cards_removed":["Defend_MRS"],"damage_healed":0.0,"max_hp_gain":0.0,"max_hp_loss":0.0,"gold_gain":0.0,"event_name":"Purifier","player_choice":"Purged","floor":12.0,"gold_loss":0.0,"damage_taken":0.0},{"damage_healed":0.0,"max_hp_gain":0.0,"max_hp_loss":0.0,"gold_gain":0.0,"event_name":"Ghosts","player_choice":"Ignored","floor":20.0,"gold_loss":0.0,"damage_taken":0.0},{"damage_healed":0.0,"max_hp_gain":0.0,"max_hp_loss":0.0,"gold_gain":0.0,"event_name":"Drug Dealer","player_choice":"Inject Mutagens","floor":29.0,"gold_loss":0.0,"damage_taken":0.0,"relics_obtained":["MutagenicStrength"]},{"damage_healed":0.0,"max_hp_gain":0.0,"max_hp_loss":0.0,"gold_gain":0.0,"event_name":"OrinTheCat","player_choice":"Ignored","floor":36.0,"gold_loss":0.0,"damage_taken":0.0},{"damage_healed":0.0,"max_hp_gain":0.0,"max_hp_loss":0.0,"gold_gain":0.0,"event_name":"MindBloom","player_choice":"Fight","floor":37.0,"gold_loss":0.0,"damage_taken":0.0}],"is_beta":false,"boss_relics":[{"not_picked":["Black Star","SacredBark"],"picked":"RampagingMagicTools"},{"not_picked":["BewitchedHakkero","Runic Dome"],"picked":"Velvet Choker"}],"items_purged_floors":[11,39],"is_endless":false,"potions_floor_spawned":[7,13,16,19,30,33,37,41],"killed_by":"Transient","ascension_level":7}}