{"host":"krw8blyxua7at9ak","time":1608787993,"event":{"mods":["BaseMod","Highlight Path","Minty Spire (QoL Compilation)","ojb\u0027s Info Mod"],"gold_per_floor":[359,38,38,3,15,346,346,377,377,377,377,377,396,411,411,411,411],"floor_reached":16,"playtime":563,"items_purged":["Decay"],"score":216,"play_id":"dfec75d0-0fee-40b8-be5a-a3c140b40859","local_time":"20201224063313","is_ascension_mode":true,"campfire_choices":[{"data":"Predator","floor":7,"key":"SMITH"},{"data":"Poisoned Stab","floor":10,"key":"SMITH"},{"data":"Neutralize","floor":12,"key":"SMITH"},{"data":"Dagger Throw","floor":15,"key":"SMITH"}],"circlet_count":0,"master_deck":["AscendersBane","Strike_G","Strike_G","Strike_G","Strike_G","Defend_G","Defend_G","Defend_G","Defend_G","Defend_G","Survivor","Neutralize+1","Poisoned Stab+1","Dagger Throw+1","Endless Agony","Predator+1","Cloak And Dagger+1","Deflect+1","Dodge and Roll+1"],"relics":["Ring of the Snake","Membership Card","Happy Flower","Old Coin","Toxic Egg 2","Kunai"],"acts_visited":["Exordium"],"potions_floor_usage":[6],"damage_taken":[{"damage":2,"enemies":"Cultist","floor":1,"turns":4},{"damage":2,"enemies":"Small Slimes","floor":5,"turns":7},{"damage":31,"enemies":"Gremlin Nob","floor":6,"turns":4},{"damage":22,"enemies":"3 Sentries","floor":8,"turns":10},{"damage":0,"enemies":"2 Louse","floor":13,"turns":2},{"damage":0,"enemies":"Blue Slaver","floor":14,"turns":2},{"damage":35,"enemies":"Hexaghost","floor":16,"turns":14}],"seed_played":"3207797669123223490","potions_obtained":[{"floor":1,"key":"Explosive Potion"},{"floor":5,"key":"BlessingOfTheForge"}],"is_trial":false,"path_per_floor":["M","$","?","?","M","E","R","E","T","R","?","R","M","M","R","B"],"character_chosen":"THE_SILENT","items_purchased":["Membership Card","Happy Flower","Dagger Throw"],"campfire_rested":0,"item_purchase_floors":[2,2,2],"current_hp_per_floor":[57,57,50,66,64,33,33,11,11,11,33,33,33,33,33,0,0],"gold":411,"neow_bonus":"TWO_FIFTY_GOLD","is_daily":false,"chose_seed":false,"campfire_upgraded":4,"win_rate":0.0,"timestamp":1608787993,"path_taken":["M","$","?","?","M","E","R","E","T","R","?","R","M","M","R","BOSS"],"items_purchased_type":["Relic","Relic","Card"],"build_version":"2020-12-22","purchased_purges":1,"victory":false,"max_hp_per_floor":[66,66,66,66,66,66,66,66,66,66,66,66,66,66,66,66,66],"card_choices":[{"not_picked":["Caltrops","Quick Slash"],"picked":"Poisoned Stab","floor":1},{"not_picked":["Well Laid Plans","Outmaneuver"],"picked":"Endless Agony","floor":5},{"not_picked":["A Thousand Cuts","Backflip"],"picked":"Predator","floor":6},{"not_picked":["Backflip+1","Dash"],"picked":"Cloak And Dagger+1","floor":8},{"not_picked":["Sucker Punch","Outmaneuver+1"],"picked":"Deflect+1","floor":13},{"not_picked":["Predator","Flying Knee"],"picked":"Dodge and Roll+1","floor":14}],"player_experience":349443,"relics_obtained":[{"floor":6,"key":"Old Coin"},{"floor":8,"key":"Toxic Egg 2"},{"floor":9,"key":"Kunai"}],"event_choices":[{"cards_removed":["Strike_G"],"damage_healed":0,"gold_gain":0,"player_choice":"Card Removal","damage_taken":7,"max_hp_gain":0,"max_hp_loss":0,"event_name":"Golden Wing","floor":3,"gold_loss":0},{"damage_healed":16,"gold_gain":0,"player_choice":"Healed","damage_taken":0,"max_hp_gain":0,"max_hp_loss":0,"event_name":"The Cleric","floor":4,"gold_loss":35},{"damage_healed":22,"gold_gain":0,"player_choice":"Banana","damage_taken":0,"max_hp_gain":0,"max_hp_loss":0,"event_name":"Big Fish","floor":11,"gold_loss":0}],"is_beta":false,"boss_relics":[],"items_purged_floors":[2],"is_endless":false,"potions_floor_spawned":[1,5],"killed_by":"Hexaghost","ascension_level":20}}