{"host":"2461dio7vetlq1z3","time":1608793553,"event":{"mods":["2.2 Compatiblity","AchievementEnabler","Aspiration","BaseMod","Better Third Choice","Hermit","Marisa????????","Minty Spire (QoL Compilation)","Relic Stats","Spicy Shops","StSLib","The Runesmith","Waifu the Spire"],"gold_per_floor":[115,115,390,400,417,417,436,436,436,59,59,84,84,115,115,219,219,159,159,159,159,9,9,9,9,9,9,9,9,9,9,9,9,9,9,9,0,0,0,0,0,0,0,0,0,0,0,0,0,0,0,0,0,0,0],"floor_reached":56,"playtime":3477,"items_purged":["Runesmith:Strike_RS"],"score":1749,"play_id":"5090cb76-ab28-43bb-86c9-cefb170fd403","local_time":"20201224080553","is_ascension_mode":true,"campfire_choices":[{"data":"Runesmith:Fortify","floor":6,"key":"SMITH"},{"data":"Runesmith:ArcReactor","floor":11,"key":"SMITH"},{"data":"Runesmith:HammerAndChisel","floor":13,"key":"SMITH"},{"data":"Runesmith:DoubleUp","floor":15,"key":"SMITH"},{"data":"Runesmith:LithiumIon","floor":23,"key":"SMITH"},{"data":"Runesmith:MetallurgicalResearch","floor":32,"key":"SMITH"},{"floor":41,"key":"RECALL"},{"data":"Runesmith:CraftIncendium","floor":46,"key":"SMITH"},{"data":"Panacea","floor":49,"key":"SMITH"},{"data":"Runesmith:CraftVitae","floor":52,"key":"SMITH"}],"circlet_count":0,"master_deck":["Runesmith:Strike_RS","Runesmith:Strike_RS","Runesmith:Defend_RS","Runesmith:Defend_RS","Runesmith:Defend_RS","Runesmith:Defend_RS","Runesmith:CraftFirestone","Runesmith:Fortify+1","Runesmith:ChiselStab","Amplify+1","Runesmith:Firestorm","Runesmith:CraftVitae+1","Runesmith:Refine+1","Runesmith:ArcReactor+1","Runesmith:HammerAndChisel+1","Runesmith:DoubleUp+1","Runesmith:MetallurgicalResearch+1","Runesmith:ShiftingStrike","Runesmith:DoubleUp+1","MysteriousBeam+1","Skewer","Runesmith:LithiumIon+1","ManaConvection+1","hermit:Scavenge","Runesmith:CraftIncendium+1","CrushJoints+1","Body Slam","Panacea+1","Runesmith:BackupBattery"],"relics":["Runesmith:BrokenRuby","aspiration:HiddenCompartment","Omamori","aspiration:HummingbirdHeart","aspiration:SeaSaltIceCream","SlaversCollar","ClockworkSouvenir","aspiration:FrozenJewel","Calipers","Ectoplasm","PrismaticShard","aspiration:FetidBarrel","Shuriken","CeramicFish","Sundial","Calling Bell","Juzu Bracelet","Runesmith:Nanobots","aspiration:HatOfInfinitePower","Red Mask","CatCart","PreservedInsect","Meat on the Bone","War Paint","Gambling Chip","Pear"],"acts_visited":["Exordium","TheCity","TheBeyond","TheEnding"],"potions_floor_usage":[25,33,33,40,55,55,55],"damage_taken":[{"damage":0,"enemies":"Small Slimes","floor":1,"turns":3},{"damage":0,"enemies":"Cultist","floor":4,"turns":4},{"damage":11,"enemies":"Jaw Worm","floor":5,"turns":5},{"damage":3,"enemies":"Exordium Wildlife","floor":7,"turns":4},{"damage":3,"enemies":"3 Sentries","floor":12,"turns":8},{"damage":9,"enemies":"Gremlin Nob","floor":14,"turns":4},{"damage":0,"enemies":"Hexaghost","floor":16,"turns":9},{"damage":0,"enemies":"2 Thieves","floor":18,"turns":4},{"damage":4,"enemies":"Chosen","floor":20,"turns":7},{"damage":0,"enemies":"Shelled Parasite and Fungi","floor":21,"turns":6},{"damage":16,"enemies":"Slavers","floor":24,"turns":6},{"damage":0,"enemies":"Cultist and Chosen","floor":25,"turns":4},{"damage":1,"enemies":"Book of Stabbing","floor":28,"turns":5},{"damage":2,"enemies":"Chosen and Byrds","floor":29,"turns":5},{"damage":0,"enemies":"Gremlin Leader","floor":30,"turns":7},{"damage":0,"enemies":"Collector","floor":33,"turns":8},{"damage":0,"enemies":"3 Darklings","floor":35,"turns":6},{"damage":0,"enemies":"Orb Walker","floor":36,"turns":4},{"damage":0,"enemies":"Orin","floor":39,"turns":8},{"damage":0,"enemies":"Reptomancer","floor":40,"turns":4},{"damage":0,"enemies":"Giant Head","floor":42,"turns":7},{"damage":1,"enemies":"Reptomancer","floor":44,"turns":5},{"damage":0,"enemies":"2 Orb Walkers","floor":47,"turns":4},{"damage":0,"enemies":"Time Eater","floor":50,"turns":8},{"damage":20,"enemies":"Shield and Spear","floor":54,"turns":6},{"damage":47,"enemies":"The Heart","floor":55,"turns":9}],"seed_played":"3396794148885237758","potions_obtained":[{"floor":4,"key":"DistilledChaos"},{"floor":16,"key":"Fruit Juice"},{"floor":18,"key":"Energy Potion"},{"floor":25,"key":"Weak Potion"},{"floor":29,"key":"PowerPotion"},{"floor":35,"key":"SneckoOil"},{"floor":40,"key":"SteroidPotion"},{"floor":44,"key":"ColorlessPotion"},{"floor":47,"key":"SpeedPotion"}],"is_trial":false,"path_per_floor":["M","?","?","M","M","R","M","?","T","$","R","E","R","E","R","B",null,"M","?","M","M","$","R","E","M","T","$","E","M","E","?","R","B",null,"M","M","?","?","?","E","R","E","T","E","?","R","?","?","R","B",null,"R","$","E","B",null],"character_chosen":"RUNESMITH_CLASS","items_purchased":["Runesmith:ArcReactor","ClockworkSouvenir","Runesmith:LithiumIon"],"campfire_rested":0,"item_purchase_floors":[10,10,22],"current_hp_per_floor":[70,53,53,53,42,42,39,39,39,39,39,36,36,27,27,27,70,70,62,58,58,58,58,42,47,47,47,46,44,44,44,44,44,75,75,75,75,75,75,75,75,75,75,74,75,75,75,65,65,65,75,75,75,65,30],"gold":0,"neow_bonus":"RANDOM_COMMON_RELIC","is_daily":false,"chose_seed":false,"campfire_upgraded":9,"win_rate":0.0,"timestamp":1608793553,"path_taken":["M","?","?","M","M","R","?","?","T","$","R","E","R","E","R","BOSS","M","?","M","M","$","R","E","M","T","$","E","M","E","?","R","BOSS","M","M","?","?","?","E","R","E","T","E","?","R","?","?","R","BOSS","R","$","E","BOSS"],"items_purchased_type":["Card","Relic","Card"],"build_version":"2020-12-22","purchased_purges":1,"victory":true,"max_hp_per_floor":[70,70,70,70,70,70,70,70,70,70,70,70,70,70,70,70,70,70,70,70,70,70,70,70,75,75,75,75,75,75,75,75,75,75,75,75,75,75,75,75,75,75,75,75,75,75,75,75,75,75,75,75,75,85,85],"relic_stats":{"counters":[26,150],"Shuriken":[10],"Sundial":[4],"CeramicFish":0,"Gambling Chip":[6],"Ectoplasm":636,"PreservedInsect":251,"Juzu Bracelet":1,"War Paint":["Runesmith:DoubleUp","Runesmith:Refine"],"obtain_stats":[{"Calipers":14,"CeramicFish":28,"Juzu Bracelet":34,"PrismaticShard":19,"ClockworkSouvenir":10,"Sundial":30,"Gambling Chip":47,"Red Mask":37,"Runesmith:BrokenRuby":0,"Runesmith:Nanobots":34,"Pear":54,"aspiration:FetidBarrel":24,"PreservedInsect":40,"Omamori":2,"aspiration:HummingbirdHeart":8,"aspiration:SeaSaltIceCream":9,"War Paint":44,"aspiration:HiddenCompartment":0,"aspiration:FrozenJewel":12,"Calling Bell":34,"SlaversCollar":9,"Shuriken":26,"Ectoplasm":17,"CatCart":39,"aspiration:HatOfInfinitePower":34,"Meat on the Bone":42},{"Calipers":6,"CeramicFish":13,"Juzu Bracelet":16,"PrismaticShard":8,"ClockworkSouvenir":4,"Sundial":15,"Gambling Chip":23,"Red Mask":18,"Runesmith:BrokenRuby":0,"Runesmith:Nanobots":16,"Pear":25,"aspiration:FetidBarrel":11,"PreservedInsect":20,"Omamori":1,"aspiration:HummingbirdHeart":4,"aspiration:SeaSaltIceCream":4,"War Paint":22,"aspiration:HiddenCompartment":0,"aspiration:FrozenJewel":5,"Calling Bell":16,"SlaversCollar":4,"Shuriken":12,"Ectoplasm":7,"CatCart":19,"aspiration:HatOfInfinitePower":16,"Meat on the Bone":21},{"Calipers":28,"CeramicFish":69,"Juzu Bracelet":89,"PrismaticShard":41,"ClockworkSouvenir":16,"Sundial":81,"Gambling Chip":127,"Red Mask":99,"Runesmith:BrokenRuby":0,"Runesmith:Nanobots":89,"Pear":141,"aspiration:FetidBarrel":60,"PreservedInsect":111,"Omamori":3,"aspiration:HummingbirdHeart":16,"aspiration:SeaSaltIceCream":16,"War Paint":123,"aspiration:HiddenCompartment":0,"aspiration:FrozenJewel":24,"Calling Bell":89,"SlaversCollar":16,"Shuriken":64,"Ectoplasm":37,"CatCart":107,"aspiration:HatOfInfinitePower":89,"Meat on the Bone":118}],"Meat on the Bone":12},"card_choices":[{"not_picked":["Runesmith:StaticCage","Runesmith:EarthShield"],"picked":"Runesmith:ChiselStab","floor":1},{"not_picked":["Runesmith:CraftProtectio","Runesmith:BackupBattery"],"picked":"Runesmith:Firestorm","floor":4},{"not_picked":["Runesmith:HeatedChisel","Runesmith:ShiftingStrike"],"picked":"Runesmith:CraftVitae","floor":5},{"not_picked":["Runesmith:CraftProtectio","Runesmith:CraftSpiculum"],"picked":"Runesmith:Refine","floor":7},{"not_picked":["Runesmith:Attraction","Runesmith:CraftSpiculum"],"picked":"Runesmith:HammerAndChisel","floor":12},{"not_picked":["Runesmith:Augment","Runesmith:ChiselStab"],"picked":"Runesmith:DoubleUp","floor":14},{"not_picked":["Runesmith:ReplicatingBarrier","Runesmith:LightningRod"],"picked":"Runesmith:MetallurgicalResearch","floor":16},{"not_picked":["Runesmith:CraftMagma+1","Runesmith:HammerAndChisel"],"picked":"Runesmith:ShiftingStrike","floor":18},{"not_picked":["Runesmith:HeatExchange","Runesmith:Overpower"],"picked":"Runesmith:DoubleUp","floor":19},{"not_picked":["hermit:Ricochet","Perfected Strike"],"picked":"MysteriousBeam+1","floor":20},{"not_picked":["Seeing Red","Eviscerate"],"picked":"Skewer","floor":21},{"not_picked":["hermit:Malice","Thinking Ahead"],"picked":"ManaConvection+1","floor":24},{"not_picked":["Runesmith:WhiteBalance","hermit:Manifest"],"picked":"hermit:Scavenge","floor":25},{"not_picked":["Dodge and Roll+1","BigCrunch"],"picked":"Runesmith:CraftIncendium","floor":28},{"not_picked":["Cleave","BowlingBash","Runesmith:Firewall+1"],"picked":"SKIP","floor":29},{"not_picked":["EarthLightRay","Perfected Strike"],"picked":"CrushJoints+1","floor":30},{"not_picked":["Runesmith:ReplicatingBarrier","The Bomb"],"picked":"Demon Form","floor":33},{"not_picked":["hermit:FullyLoaded","Redo","DC+1"],"picked":"SKIP","floor":35},{"not_picked":["Runesmith:StaticCage","hermit:Desperado+1","Runesmith:Grindstone"],"picked":"SKIP","floor":36},{"not_picked":["6A","Crescendo","Underhanded Strike+1"],"picked":"SKIP","floor":40},{"not_picked":["hermit:LowProfile+1","hermit:Scavenge"],"picked":"Body Slam","floor":42},{"not_picked":["Stack","Crescendo+1","Blade Dance+1"],"picked":"SKIP","floor":44},{"not_picked":["Jack Of All Trades","Panache"],"picked":"Panacea","floor":48},{"not_picked":["Runesmith:StaticCage+1","MillisecondPulsars"],"picked":"Runesmith:BackupBattery","floor":54}],"player_experience":998317,"relics_obtained":[{"floor":9,"key":"aspiration:SeaSaltIceCream"},{"floor":12,"key":"aspiration:FrozenJewel"},{"floor":14,"key":"Calipers"},{"floor":19,"key":"PrismaticShard"},{"floor":24,"key":"aspiration:FetidBarrel"},{"floor":26,"key":"Shuriken"},{"floor":28,"key":"CeramicFish"},{"floor":30,"key":"Sundial"},{"floor":34,"key":"Juzu Bracelet"},{"floor":34,"key":"Runesmith:Nanobots"},{"floor":34,"key":"aspiration:HatOfInfinitePower"},{"floor":39,"key":"CatCart"},{"floor":40,"key":"PreservedInsect"},{"floor":42,"key":"Meat on the Bone"},{"floor":44,"key":"War Paint"},{"floor":47,"key":"Gambling Chip"},{"floor":54,"key":"Pear"}],"event_choices":[{"damage_healed":0,"gold_gain":275,"player_choice":"Desecrate","damage_taken":0,"max_hp_gain":0,"max_hp_loss":0,"event_name":"Golden Shrine","floor":3,"gold_loss":0,"cards_obtained":["Regret"]},{"damage_healed":0,"gold_gain":0,"player_choice":"Searched \u00272\u0027 times","damage_taken":0,"relics_obtained":["aspiration:HummingbirdHeart"],"max_hp_gain":0,"max_hp_loss":0,"event_name":"Dead Adventurer","floor":8,"gold_loss":0},{"cards_removed":["Runesmith:Strike_RS"],"damage_healed":0,"gold_gain":0,"player_choice":"Purged","damage_taken":0,"max_hp_gain":0,"max_hp_loss":0,"event_name":"Purifier","floor":31,"gold_loss":0},{"damage_healed":0,"gold_gain":0,"player_choice":"Paid","damage_taken":0,"relics_obtained":["Red Mask"],"max_hp_gain":0,"max_hp_loss":0,"event_name":"Tomb of Lord Red Mask","floor":37,"gold_loss":9},{"cards_removed":["Demon Form"],"damage_healed":0,"gold_gain":0,"player_choice":"Removed Power","damage_taken":0,"max_hp_gain":0,"max_hp_loss":0,"event_name":"Falling","floor":38,"gold_loss":0},{"damage_healed":0,"gold_gain":0,"player_choice":"Fight","damage_taken":0,"max_hp_gain":0,"max_hp_loss":0,"event_name":"OrinTheCat","floor":39,"gold_loss":0},{"damage_healed":0,"gold_gain":0,"player_choice":"Fight","damage_taken":0,"max_hp_gain":0,"max_hp_loss":0,"event_name":"Mysterious Sphere","floor":47,"gold_loss":0},{"damage_healed":0,"gold_gain":0,"player_choice":"Memory 3","damage_taken":10,"max_hp_gain":0,"max_hp_loss":0,"event_name":"SensoryStone","floor":48,"gold_loss":0}],"is_beta":false,"boss_relics":[{"not_picked":["Busted Crown","SacredBark"],"picked":"Ectoplasm"},{"not_picked":["Sozu","aspiration:SecretTechniqueScroll"],"picked":"Calling Bell"}],"items_purged_floors":[22],"is_endless":false,"potions_floor_spawned":[4,16,18,25,28,29,35,40,44,47],"ascension_level":2}}