{"host":"30jsp143e4v19aze","time":1608825933,"event":{"mods":["BaseMod","Colored Map","Colored Powertips","Curses Come First","DeckTracker","Highlight Path","Minty Spire (QoL Compilation)","Quick Restart","Relic Stats","StSLib","everything is the same but u backflip on backflip","slay the spire mod where everything is the same but ironclad has a cowboy hat"],"gold_per_floor":[110,110,35,49,66,97,97,122,122,138,138,152,178,34,34,108,108,127,127,127,139,64,64,90,102,127,127,0,11,29,64,64,64,64],"floor_reached":33,"playtime":1898,"items_purged":["Bash","Strike_R"],"score":635,"play_id":"4532e15b-c0bf-4a94-891a-64733043f32c","local_time":"20201224170533","is_ascension_mode":true,"campfire_choices":[{"data":"Cleave","floor":7,"key":"SMITH"},{"data":"True Grit","floor":11,"key":"SMITH"},{"data":"Inflame","floor":15,"key":"SMITH"},{"data":"Shockwave","floor":23,"key":"SMITH"},{"floor":27,"key":"REST"},{"data":"Bash","floor":32,"key":"SMITH"}],"circlet_count":0,"master_deck":["AscendersBane","Defend_R","Defend_R","Defend_R","Defend_R","Bash+1","Cleave+1","Impervious","Thunderclap","True Grit+1","Impervious","Sword Boomerang","Inflame+1","Shockwave+1","Feed","Bite","Bite","Bite","Bite","Bite","Heavy Blade+1","Exhume","Seeing Red","Battle Trance","Havoc"],"relics":["Burning Blood","Art of War","StoneCalendar","Mercury Hourglass","Pear","Pantograph","Runic Pyramid","Nunchaku","Lantern","MealTicket","Strawberry"],"acts_visited":["Exordium","TheCity"],"potions_floor_usage":[8,13,25,33],"damage_taken":[{"damage":14,"enemies":"Jaw Worm","floor":1,"turns":4},{"damage":7,"enemies":"Cultist","floor":4,"turns":5},{"damage":3,"enemies":"Small Slimes","floor":5,"turns":3},{"damage":43,"enemies":"Gremlin Nob","floor":6,"turns":6},{"damage":11,"enemies":"Lagavulin","floor":8,"turns":7},{"damage":2,"enemies":"Exordium Wildlife","floor":10,"turns":4},{"damage":0,"enemies":"2 Fungi Beasts","floor":12,"turns":2},{"damage":33,"enemies":"Gremlin Nob","floor":13,"turns":4},{"damage":24,"enemies":"Hexaghost","floor":16,"turns":8},{"damage":6,"enemies":"Chosen","floor":18,"turns":6},{"damage":32,"enemies":"2 Thieves","floor":21,"turns":4},{"damage":43,"enemies":"Slavers","floor":24,"turns":6},{"damage":13,"enemies":"Snake Plant","floor":25,"turns":5},{"damage":6,"enemies":"Snecko","floor":29,"turns":6},{"damage":12,"enemies":"Chosen and Byrds","floor":30,"turns":4},{"damage":7,"enemies":"Gremlin Leader","floor":31,"turns":5},{"damage":133,"enemies":"Champ","floor":33,"turns":16}],"seed_played":"2684886980714494950","potions_obtained":[{"floor":4,"key":"SkillPotion"},{"floor":8,"key":"Weak Potion"},{"floor":10,"key":"ColorlessPotion"},{"floor":30,"key":"DistilledChaos"}],"is_trial":false,"path_per_floor":["M","?","$","M","M","E","R","E","T","M","R","M","E","$","R","B",null,"M","?","?","M","?","R","E","M","T","R","$","M","M","E","R","B"],"character_chosen":"IRONCLAD","items_purchased":["Shockwave","Exhume","Swift Potion"],"campfire_rested":1,"item_purchase_floors":[14,28,28],"current_hp_per_floor":[60,60,60,59,62,25,25,20,30,34,34,40,13,13,13,20,69,72,61,61,44,44,44,18,24,24,45,60,71,76,86,86,0,0],"gold":64,"neow_bonus":"RANDOM_COMMON_RELIC","is_daily":false,"chose_seed":false,"campfire_upgraded":5,"win_rate":0.0,"timestamp":1608825933,"path_taken":["M","?","?","M","M","E","R","E","T","M","R","M","E","$","R","BOSS","M","?","?","M","?","R","E","M","T","R","$","M","M","E","R","BOSS"],"items_purchased_type":["Card","Card","Potion"],"build_version":"2020-12-22","purchased_purges":2,"victory":false,"max_hp_per_floor":[75,75,75,75,75,75,75,75,85,85,85,85,85,85,85,85,85,88,61,61,64,64,64,67,70,70,70,70,73,76,86,86,86,86],"relic_stats":{"Nunchaku":[7],"counters":[17,95],"Pantograph":25,"StoneCalendar":[152],"MealTicket":15,"Art of War":[14],"obtain_stats":[{"Nunchaku":20,"Lantern":24,"Pear":9,"Pantograph":13,"Strawberry":31,"StoneCalendar":6,"MealTicket":26,"Art of War":0,"Burning Blood":0,"Mercury Hourglass":8,"Runic Pyramid":17},{"Nunchaku":10,"Lantern":12,"Pear":5,"Pantograph":8,"Strawberry":16,"StoneCalendar":4,"MealTicket":13,"Art of War":0,"Burning Blood":0,"Mercury Hourglass":5,"Runic Pyramid":9},{"Nunchaku":49,"Lantern":59,"Pear":25,"Pantograph":35,"Strawberry":79,"StoneCalendar":18,"MealTicket":64,"Art of War":0,"Burning Blood":0,"Mercury Hourglass":25,"Runic Pyramid":43}],"Burning Blood":91,"Mercury Hourglass":[234]},"card_choices":[{"not_picked":["Seeing Red","Power Through"],"picked":"Cleave","floor":1},{"not_picked":["Headbutt","Cleave"],"picked":"Thunderclap","floor":4},{"not_picked":["Entrench","Headbutt"],"picked":"True Grit","floor":5},{"not_picked":["Armaments","Infernal Blade","Twin Strike"],"picked":"SKIP","floor":6},{"not_picked":["True Grit","Wild Strike","Heavy Blade"],"picked":"SKIP","floor":8},{"not_picked":["Infernal Blade","Cleave"],"picked":"Impervious","floor":10},{"not_picked":["Infernal Blade","Thunderclap"],"picked":"Sword Boomerang","floor":12},{"not_picked":["Reckless Charge","Cleave"],"picked":"Inflame","floor":13},{"not_picked":["Berserk","Exhume"],"picked":"Feed","floor":16},{"not_picked":["Ghostly Armor","Infernal Blade","Warcry"],"picked":"SKIP","floor":18},{"not_picked":["Thunderclap","Pommel Strike","Perfected Strike"],"picked":"SKIP","floor":21},{"not_picked":["Cleave","Iron Wave","Twin Strike+1"],"picked":"SKIP","floor":24},{"not_picked":["Metallicize+1","Pommel Strike+1"],"picked":"Heavy Blade+1","floor":25},{"not_picked":["Seeing Red","Infernal Blade","Twin Strike"],"picked":"SKIP","floor":29},{"not_picked":["Infernal Blade","Twin Strike"],"picked":"Seeing Red","floor":29},{"not_picked":["Wild Strike","Berserk"],"picked":"Battle Trance","floor":30},{"not_picked":["Havoc","Inflame","Battle Trance+1"],"picked":"SKIP","floor":31},{"not_picked":["Inflame","Battle Trance+1"],"picked":"Havoc","floor":31}],"player_experience":3147550,"relics_obtained":[{"floor":6,"key":"StoneCalendar"},{"floor":8,"key":"Mercury Hourglass"},{"floor":9,"key":"Pear"},{"floor":13,"key":"Pantograph"},{"floor":24,"key":"Lantern"},{"floor":26,"key":"MealTicket"},{"floor":31,"key":"Strawberry"}],"event_choices":[{"damage_healed":0,"gold_gain":0,"player_choice":"2 cards matched","damage_taken":0,"max_hp_gain":0,"max_hp_loss":0,"event_name":"Match and Keep!","floor":2,"gold_loss":0,"cards_obtained":["Impervious","Bash"]},{"damage_healed":0,"gold_gain":0,"player_choice":"Became a vampire","damage_taken":0,"max_hp_gain":0,"max_hp_loss":27,"event_name":"Vampires","floor":19,"gold_loss":0,"cards_obtained":["Bite","Bite","Bite","Bite","Bite"]},{"damage_healed":0,"gold_gain":0,"player_choice":"Opened","damage_taken":0,"relics_obtained":["Nunchaku"],"max_hp_gain":0,"max_hp_loss":0,"event_name":"The Mausoleum","floor":20,"gold_loss":0,"cards_obtained":["Writhe"]},{"cards_removed":["Writhe"],"damage_healed":0,"gold_gain":0,"player_choice":"Gave Gold","damage_taken":0,"max_hp_gain":0,"max_hp_loss":0,"event_name":"Beggar","floor":22,"gold_loss":75}],"is_beta":false,"boss_relics":[{"not_picked":["Astrolabe","SacredBark"],"picked":"Runic Pyramid"}],"items_purged_floors":[3,14],"is_endless":false,"potions_floor_spawned":[4,8,10,30],"killed_by":"Champ","ascension_level":20}}