{"host":"wwmqne3dwir10erh","time":1608851896,"event":{"mods":["BaseMod","Better Note","Hubris","Mimic Mod","Minty Spire (QoL Compilation)","Replay The Spire","StSLib","The Bladedancer"],"gold_per_floor":[115,127,52,72,91,118,138,138,170,181,194,227,227,244,244,348,398,408,408,3,3,13,13,45,45,114,114,114,155,30,64,64,74,74],"floor_reached":33,"playtime":1636,"items_purged":["Strike_G","Strike_G","Strike_G"],"score":337,"play_id":"222f7e3a-93b2-47ab-a06b-aa86f8bfe7c0","local_time":"20201224181816","is_ascension_mode":true,"campfire_choices":[{"floor":13.0,"key":"REST"},{"floor":15,"key":"DIG"},{"data":"Draining Mist","floor":23,"key":"SMITH"},{"data":"Malaise","floor":23,"key":"SMITH"},{"data":"Neutralize","floor":25,"key":"SMITH"},{"data":"Malaise","floor":25,"key":"SMITH"},{"data":"Poison Darts","floor":28,"key":"SMITH"},{"data":"Bane","floor":28,"key":"SMITH"},{"floor":32,"key":"REST"}],"circlet_count":0,"master_deck":["Strike_G","Defend_G","Defend_G","Defend_G","Defend_G","Defend_G","Survivor","Neutralize+1","Masterful Stab+1","Quick Slash","Leg Sweep","Terror","Prepared","Dodge and Roll","Malaise+1","Bane+1","All Out Attack","Draining Mist+1","Poison Darts+1","Cloak And Dagger","Slice+1","Apotheosis+1","Distraction+1","Malaise+1"],"relics":["Ring of the Snake","Nunchaku","ReplayTheSpireMod:TigerMarble","Boot","Replay:Arrowhead","Juzu Bracelet","Tiny House","Mango","Replay:Bandana","InkBottle","hubris:Teleporter","Blood Vial"],"acts_visited":["Exordium","TheCity"],"potions_floor_usage":[18,18,24,24],"damage_taken":[{"damage":0.0,"enemies":"2 Louse","floor":1.0,"turns":2.0},{"damage":0.0,"enemies":"Small Slimes","floor":2.0,"turns":3.0},{"damage":0.0,"enemies":"Jaw Worm","floor":4.0,"turns":3.0},{"damage":8.0,"enemies":"Gremlin Gang","floor":5.0,"turns":7.0},{"damage":7.0,"enemies":"Gremlin Nob","floor":6.0,"turns":4.0},{"damage":0.0,"enemies":"Exordium Wildlife","floor":7.0,"turns":4.0},{"damage":0.0,"enemies":"Blue Slaver","floor":9.0,"turns":5.0},{"damage":3.0,"enemies":"Blue Slaver","floor":10.0,"turns":5.0},{"damage":0.0,"enemies":"Red Slaver","floor":11.0,"turns":4.0},{"damage":1.0,"enemies":"Lagavulin","floor":12.0,"turns":5.0},{"damage":4.0,"enemies":"Exordium Thugs","floor":14.0,"turns":3.0},{"damage":25,"enemies":"The Guardian","floor":16,"turns":14},{"damage":0,"enemies":"Spheric Guardian","floor":18,"turns":1},{"damage":6,"enemies":"2 Thieves","floor":22,"turns":3},{"damage":12,"enemies":"Gremlin Leader","floor":24,"turns":9},{"damage":16,"enemies":"Slavers","floor":29,"turns":8},{"damage":4,"enemies":"Centurion and Healer","floor":31,"turns":5},{"damage":81,"enemies":"Champ","floor":33,"turns":16}],"seed_played":"-6865268960731459168","potions_obtained":[{"floor":1.0,"key":"SmokeBomb"},{"floor":5.0,"key":"Elixir"},{"floor":6.0,"key":"Explosive Potion"},{"floor":12.0,"key":"Milkshake"},{"floor":14.0,"key":"Fire Potion"},{"floor":16,"key":"AttackPotion"},{"floor":18,"key":"Languid Potion"},{"floor":22,"key":"Poison Potion"}],"is_trial":false,"path_per_floor":["M","M","$","M","M","E","M","?","MIM","M","M","E","R","M","R","B",null,"M","?","$","?","M","R","E","R","T","?","R","E","$","M","R","B"],"character_chosen":"THE_SILENT","items_purchased":["Mango"],"campfire_rested":2,"item_purchase_floors":[20],"current_hp_per_floor":[70,70,70,70,62,55,55,52,52,49,49,48,69,65,65,40,75,75,75,89,89,83,83,71,71,71,71,71,55,55,53,79,0,0],"gold":74,"neow_bonus":"REMOVE_CARD","is_daily":false,"chose_seed":false,"campfire_upgraded":6,"win_rate":0.0,"timestamp":1608851896,"path_taken":["M","M","$","M","M","E","M","?","MIM","M","M","E","R","M","R","BOSS","M","?","$","?","M","R","E","R","T","?","R","E","$","M","R","BOSS"],"items_purchased_type":["Relic"],"build_version":"2020-12-22","purchased_purges":3,"victory":false,"max_hp_per_floor":[70,70,70,70,70,70,70,70,70,70,70,70,70,70,70,70,75,75,75,89,89,89,89,89,89,89,89,89,89,89,89,89,89,89],"card_choices":[{"not_picked":["Leg Sweep","Prepared"],"picked":"Masterful Stab","floor":1.0},{"not_picked":["PiercingWail","ReplayTheSpireMod:Shiv Toss"],"picked":"Quick Slash","floor":2.0},{"not_picked":["Outmaneuver","Well Laid Plans"],"picked":"Leg Sweep","floor":4.0},{"not_picked":["Poisoned Stab","Deadly Poison"],"picked":"Terror","floor":5.0},{"not_picked":["Outmaneuver","Underhanded Strike"],"picked":"Prepared","floor":6.0},{"not_picked":["Finisher","Outmaneuver"],"picked":"Dodge and Roll","floor":7.0},{"not_picked":["Prepared","Bane"],"picked":"Malaise","floor":9.0},{"not_picked":["Outmaneuver","Flechettes"],"picked":"Bane","floor":10.0},{"not_picked":["Acrobatics","Terror"],"picked":"All Out Attack","floor":11.0},{"not_picked":["Deflect","Hidden Blade"],"picked":"Draining Mist","floor":12.0},{"not_picked":["Sucker Punch","hubris:SlightOfHand","Quick Slash"],"picked":"SKIP","floor":14.0},{"not_picked":["Doppelganger","Grand Finale"],"picked":"Poison Darts","floor":16},{"not_picked":["Underhanded Strike","Draining Mist"],"picked":"Cloak And Dagger","floor":17},{"not_picked":["Sneak Up+1","Acrobatics"],"picked":"Slice+1","floor":18},{"not_picked":["Underhanded Strike","PiercingWail"],"picked":"Distraction+1","floor":22},{"not_picked":["Terror+1","Flying Knee"],"picked":"Malaise","floor":24},{"not_picked":["Bouncing Flask+1","Prepared+1","Dagger Throw+1"],"picked":"SKIP","floor":29},{"not_picked":["Terror","Bane+1","Dagger Spray"],"picked":"SKIP","floor":31}],"player_experience":2236404,"relics_obtained":[{"floor":6.0,"key":"Nunchaku"},{"floor":9.0,"key":"Boot"},{"floor":12.0,"key":"Replay:Arrowhead"},{"floor":15,"key":"Juzu Bracelet"},{"floor":24,"key":"Replay:Bandana"},{"floor":26,"key":"InkBottle"},{"floor":29,"key":"Blood Vial"}],"event_choices":[{"damage_healed":0.0,"max_hp_gain":0.0,"max_hp_loss":0.0,"gold_gain":0.0,"event_name":"Scrap Ooze","player_choice":"Success","floor":8.0,"gold_loss":0.0,"damage_taken":3.0,"relics_obtained":["ReplayTheSpireMod:TigerMarble"]},{"cards_removed":["Apotheosis"],"damage_healed":0,"gold_gain":0,"player_choice":"Take \u0026 Give","damage_taken":0,"max_hp_gain":0,"max_hp_loss":0,"event_name":"betterNote:BetterNote","floor":19,"gold_loss":0,"cards_obtained":["Apotheosis"]},{"damage_healed":0,"gold_gain":0,"player_choice":"Ignored","damage_taken":0,"max_hp_gain":0,"max_hp_loss":0,"event_name":"Ghosts","floor":21,"gold_loss":0}],"is_beta":false,"boss_relics":[{"not_picked":["hubris:HollowSoul","hubris:TerracottaHorce"],"picked":"Tiny House"}],"items_purged_floors":[3,20,30],"is_endless":false,"potions_floor_spawned":[1,5,6,12,14,16,18,22],"killed_by":"Champ","ascension_level":1}}