{"host":"k0kjm4m87pwj4phr","time":1608812507,"event":{"mods":["ATMod(°¢èªMod)","BaseMod","Colored Map","Colored Powertips","Minty Spire (QoL Compilation)","Permanent Neow","Quick Restart","Relic Stats","Replay The Spire","StSLib","The Dragon Tamer"],"gold_per_floor":[133,133,47,47,47,47,78,101,124,143,166,182,182,206,206,295,295,310,235,260,275,82,82,127,127,127,143,143,86,101,101,101,194,194,217,217,233,133,133,172,172,47,74,74,74,97,117,140,140,140,140,140,140,140,183,183],"floor_reached":57,"playtime":2608,"items_purged":["Strike_R","Bludgeon","Wild Strike"],"score":3368,"play_id":"2dc1b4ee-c8ad-4984-a499-1e5032307139","local_time":"20201224202147","is_ascension_mode":true,"campfire_choices":[{"data":"AT_FamilyPortrait","floor":6.0,"key":"SMITH"},{"data":"Second Wind","floor":15.0,"key":"SMITH"},{"floor":23.0,"key":"REST"},{"floor":25.0,"key":"REST"},{"data":"AT_BodySlamDance","floor":28.0,"key":"SMITH"},{"data":"Dark Embrace","floor":32.0,"key":"SMITH"},{"data":"AT_BodySlamDance","floor":41.0,"key":"SMITH"},{"data":"Offering","floor":44.0,"key":"SMITH"},{"floor":49.0,"key":"RECALL"},{"floor":53.0,"key":"REST"}],"circlet_count":0,"master_deck":["AscendersBane","AT_FamilyPortrait+1","AT_DiedThrough","Second Wind+1","Survivor","Neutralize","Evolve","Inflame","Feed","AT_BodySlamDance+1","Inflame","True Grit+1","Dark Embrace+1","Feel No Pain+1","Fire Breathing","Offering+1","AT_GerminateFire","Bloodletting","Power Through+1","Seeing Red","AT_BodySlamDance+1","Parasite"],"relics":["Burning Blood","AT_ATBox","PreservedInsect","Golden Idol","AT_EbonyIvory","WarpedTongs","Ooze Armor","AT_LudenTempest","Pandora\u0027s Box","Red Skull","Ancient Tea Set","AT_RedTearstoneRing","King of Hearts"],"acts_visited":["Exordium","TheCity","TheBeyond","TheEnding"],"potions_floor_usage":[],"damage_taken":[{"damage":7.0,"enemies":"Jaw Worm","floor":1.0,"turns":2.0},{"damage":54.0,"enemies":"3 Sentries","floor":7.0,"turns":16.0},{"damage":0.0,"enemies":"2 Louse","floor":8.0,"turns":3.0},{"damage":0.0,"enemies":"Small Slimes","floor":10.0,"turns":3.0},{"damage":1.0,"enemies":"Exordium Thugs","floor":11.0,"turns":3.0},{"damage":0.0,"enemies":"Large Slime","floor":12.0,"turns":4.0},{"damage":1.0,"enemies":"Gremlin Gang","floor":14.0,"turns":3.0},{"damage":2.0,"enemies":"Slime Boss","floor":16.0,"turns":6.0},{"damage":26.0,"enemies":"Chosen","floor":18.0,"turns":6.0},{"damage":17.0,"enemies":"3 Byrds","floor":20.0,"turns":3.0},{"damage":21.0,"enemies":"Snake Plant","floor":21.0,"turns":5.0},{"damage":30.0,"enemies":"3 Cultists","floor":24.0,"turns":6.0},{"damage":9.0,"enemies":"Snecko","floor":27.0,"turns":6.0},{"damage":9.0,"enemies":"Snake Plant","floor":30.0,"turns":3.0},{"damage":11.0,"enemies":"Pondfish","floor":33.0,"turns":6.0},{"damage":6.0,"enemies":"Orb Walker","floor":35.0,"turns":2.0},{"damage":19.0,"enemies":"3 Shapes","floor":37.0,"turns":3.0},{"damage":9.0,"enemies":"Giant Head","floor":40.0,"turns":3.0},{"damage":6.0,"enemies":"Writhing Mass","floor":46.0,"turns":2.0},{"damage":9.0,"enemies":"Spire Growth","floor":47.0,"turns":2.0},{"damage":17.0,"enemies":"Jaw Worm Horde","floor":48.0,"turns":3.0},{"damage":25.0,"enemies":"Awakened One","floor":50.0,"turns":3.0},{"damage":12.0,"enemies":"Time Eater","floor":51.0,"turns":5.0},{"damage":58,"enemies":"Shield and Spear","floor":55,"turns":5},{"damage":27,"enemies":"The Heart","floor":56,"turns":5}],"seed_played":"6528346049352097650","potions_obtained":[{"floor":10.0,"key":"Swift Potion"},{"floor":11.0,"key":"Reflective Coating"},{"floor":14.0,"key":"GamblersBrew"},{"floor":16.0,"key":"Fire Potion"},{"floor":27.0,"key":"SkillPotion"},{"floor":33.0,"key":"Strength Potion"},{"floor":40.0,"key":"Venom Potion"}],"is_trial":false,"path_per_floor":["M","?","$","?","?","R","E","M","T","M","M","M","?","M","R_BF","B",null,"M","?","M","M","$","R","M","R","T","M","R","$","M","?","R","B",null,"M","?","M","$","?","E","R","$","T","R","$","M","M","M","R","B","B",null,"R","$","E","B",null],"character_chosen":"IRONCLAD","items_purchased":["Second Wind","True Grit+1","Dark Embrace","Feel No Pain+1"],"campfire_rested":3,"item_purchase_floors":[3,22,22,29],"current_hp_per_floor":[67,67,67,67,67,67,19,25,25,31,36,42,42,47,47,51,64,44,44,33,18,18,38,14,34,34,31,31,31,28,28,28,27,61,61,61,51,51,51,51,51,51,51,51,51,51,48,40,40,21,15,65,81,81,29,8],"gold":183,"neow_bonus":"RANDOM_COMMON_RELIC","is_daily":false,"chose_seed":false,"campfire_upgraded":6,"win_rate":0.0,"timestamp":1608812507,"path_taken":["M","?","$","?","?","R","E","M","T","?","M","M","?","?","R_BF","BOSS","M","?","M","M","$","R","M","R","T","M","R","$","M","?","R","BOSS","M","?","?","$","?","E","R","$","T","R","$","M","M","M","R","BOSS","BOSS","R","$","E","BOSS"],"items_purchased_type":["Card","Card","Card","Card"],"build_version":"2020-12-22","purchased_purges":3,"victory":true,"max_hp_per_floor":[75,68,68,68,68,68,68,68,68,68,68,68,68,68,68,68,68,68,68,68,68,68,68,68,68,68,68,68,68,68,68,68,72,72,72,72,75,75,75,78,78,78,78,78,78,78,78,81,81,81,81,81,81,81,81,81],"relic_stats":{"counters":[25,108],"Golden Idol":182,"Pandora\u0027s Box":["Wild Strike","AT_GerminateFire","Bloodletting","Power Through","Bludgeon","Seeing Red","AT_BodySlamDance"],"PreservedInsect":238,"obtain_stats":[{"AT_RedTearstoneRing":43,"AT_ATBox":0,"Golden Idol":2,"PreservedInsect":0,"AT_EbonyIvory":7,"King of Hearts":55,"Ancient Tea Set":40,"Burning Blood":0,"WarpedTongs":13,"AT_LudenTempest":26,"Ooze Armor":17,"Pandora\u0027s Box":34,"Red Skull":36},{"AT_RedTearstoneRing":18,"AT_ATBox":0,"Golden Idol":1,"PreservedInsect":0,"AT_EbonyIvory":2,"King of Hearts":24,"Ancient Tea Set":18,"Burning Blood":0,"WarpedTongs":6,"AT_LudenTempest":12,"Ooze Armor":8,"Pandora\u0027s Box":15,"Red Skull":16},{"AT_RedTearstoneRing":83,"AT_ATBox":0,"Golden Idol":2,"PreservedInsect":0,"AT_EbonyIvory":18,"King of Hearts":103,"Ancient Tea Set":83,"Burning Blood":0,"WarpedTongs":31,"AT_LudenTempest":60,"Ooze Armor":40,"Pandora\u0027s Box":75,"Red Skull":77}],"Burning Blood":150,"WarpedTongs":[73]},"card_choices":[{"not_picked":["Twin Strike","Clothesline"],"picked":"AT_DiedThrough","floor":1.0},{"not_picked":["Whirlwind","Infernal Blade","Feel No Pain"],"picked":"SKIP","floor":7.0},{"not_picked":["Wild Strike","Thunderclap","Clothesline"],"picked":"SKIP","floor":8.0},{"not_picked":["Rage","Disarm","Pommel Strike"],"picked":"SKIP","floor":10.0},{"not_picked":["Twin Strike","Rupture","Perfected Strike"],"picked":"SKIP","floor":11.0},{"not_picked":["Heavy Blade","Thunderclap"],"picked":"Evolve","floor":12.0},{"not_picked":["Body Slam","AT_CaressingTears"],"picked":"Inflame","floor":14.0},{"not_picked":["Berserk","Impervious"],"picked":"Feed","floor":16.0},{"not_picked":["Cleave","Thunderclap"],"picked":"AT_BodySlamDance","floor":18.0},{"not_picked":["Burning Pact","Dropkick","Iron Wave"],"picked":"SKIP","floor":20.0},{"not_picked":["Clothesline","Second Wind"],"picked":"Inflame","floor":21.0},{"not_picked":["Pommel Strike","Havoc","Thunderclap"],"picked":"SKIP","floor":24.0},{"not_picked":["Clothesline","Sword Boomerang","Warcry"],"picked":"SKIP","floor":27.0},{"not_picked":["Impervious","AT_IchimonjiDouble"],"picked":"Fire Breathing","floor":30.0},{"not_picked":["Exhume","Bludgeon"],"picked":"Offering","floor":33.0},{"not_picked":["Shrug It Off","Havoc","Thunderclap"],"picked":"SKIP","floor":35.0},{"not_picked":["Perfected Strike","Havoc","Burning Pact"],"picked":"SKIP","floor":37.0},{"not_picked":["Shockwave","Dual Wield+1","Havoc"],"picked":"SKIP","floor":40.0},{"not_picked":["Wild Strike","Pummel+1","AT_ManFootWork+1"],"picked":"SKIP","floor":46.0},{"not_picked":["Clothesline+1","AT_ManFootWork+1","AT_CaressingTears+1"],"picked":"SKIP","floor":47.0},{"not_picked":["Rupture","Heavy Blade","Body Slam"],"picked":"SKIP","floor":48.0},{"not_picked":["Pommel Strike","Evolve","AT_BodySlamDance"],"picked":"SKIP","floor":55}],"player_experience":429983,"relics_obtained":[{"floor":7.0,"key":"AT_EbonyIvory"},{"floor":26.0,"key":"AT_LudenTempest"},{"floor":40.0,"key":"Ancient Tea Set"},{"floor":43.0,"key":"AT_RedTearstoneRing"},{"floor":55,"key":"King of Hearts"}],"event_choices":[{"damage_healed":0.0,"max_hp_gain":0.0,"max_hp_loss":7.0,"gold_gain":0.0,"event_name":"Golden Idol","player_choice":"Lose Max HP","floor":2.0,"gold_loss":0.0,"damage_taken":0.0,"relics_obtained":["Golden Idol"]},{"cards_removed":["Strike_R"],"damage_healed":0.0,"max_hp_gain":0.0,"max_hp_loss":0.0,"gold_gain":0.0,"event_name":"Living Wall","player_choice":"Forget","floor":5.0,"gold_loss":0.0,"damage_taken":0.0},{"damage_healed":0.0,"max_hp_gain":0.0,"max_hp_loss":0.0,"gold_gain":0.0,"event_name":"Accursed Blacksmith","player_choice":"Rummage","floor":13.0,"gold_loss":0.0,"damage_taken":0.0,"relics_obtained":["WarpedTongs"],"cards_obtained":["Pain"]},{"cards_removed":["Pain"],"damage_healed":0.0,"max_hp_gain":0.0,"max_hp_loss":0.0,"gold_gain":0.0,"event_name":"Beggar","player_choice":"Gave Gold","floor":19.0,"gold_loss":75.0,"damage_taken":0.0},{"damage_healed":0.0,"max_hp_gain":0.0,"max_hp_loss":0.0,"gold_gain":0.0,"event_name":"WeMeetAgain","player_choice":"Gave Potion","floor":36.0,"gold_loss":0.0,"damage_taken":0.0,"relics_obtained":["Red Skull"]},{"damage_healed":0.0,"max_hp_gain":0.0,"max_hp_loss":0.0,"gold_gain":0.0,"event_name":"Upgrade Shrine","player_choice":"Upgraded","floor":39.0,"gold_loss":0.0,"damage_taken":0.0,"cards_upgraded":["Power Through"]}],"is_beta":false,"boss_relics":[{"not_picked":["Cursed Key","Honey Jar"],"picked":"Ooze Armor"},{"not_picked":["Replay:Grab Bag","Runic Dome"],"picked":"Pandora\u0027s Box"}],"items_purged_floors":[22,38,42],"is_endless":false,"potions_floor_spawned":[10,11,14,16,24,27,33,40,47],"ascension_level":20}}