{"host":"zekcc3vicrep0och","time":1608828592,"event":{"mods":["AchievementEnabler","BaseMod","Colored Map","Colored Powertips","Displayed Cursed Tome","Minty Spire (QoL Compilation)","Relic Stats","StSLib"],"gold_per_floor":[113,113,61,71,83,83,114,114,191,191,191,270,295,295,295,366,366,381,296,296,307,332,332,363,363,363,380,380,396,408,425,425,425,425],"floor_reached":33,"playtime":966,"items_purged":[],"score":536,"play_id":"ea37f7e1-4c2b-4ca8-85ac-b8354ecbae57","local_time":"20201224194952","is_ascension_mode":true,"campfire_choices":[{"data":"Sunder","floor":6.0,"key":"SMITH"},{"data":"Beam Cell","floor":8.0,"key":"SMITH"},{"data":"Streamline","floor":10.0,"key":"SMITH"},{"floor":15.0,"key":"REST"},{"floor":23.0,"key":"REST"},{"floor":25.0,"key":"REST"},{"floor":28.0,"key":"REST"},{"floor":32.0,"key":"REST"}],"circlet_count":0,"master_deck":["AscendersBane","Strike_B+1","Defend_B","Defend_B","Defend_B","Defend_B","Zap","Dualcast","Cold Snap","Ball Lightning+1","Streamline+1","Sunder+1","Beam Cell+1","Chill","Echo Form","Melter+1","Genetic Algorithm+1","Aggregate+1","Conserve Battery","Steam","Biased Cognition","Doom and Gloom","FTL"],"relics":["Cracked Core","NeowsBlessing","Omamori","Shuriken","Symbiotic Virus","Astrolabe","Centennial Puzzle","PreservedInsect","Art of War","Bag of Preparation"],"acts_visited":["Exordium","TheCity"],"potions_floor_usage":[33],"damage_taken":[{"damage":0.0,"enemies":"Jaw Worm","floor":1.0,"turns":1.0},{"damage":0.0,"enemies":"Cultist","floor":4.0,"turns":1.0},{"damage":0.0,"enemies":"2 Louse","floor":5.0,"turns":1.0},{"damage":0.0,"enemies":"Gremlin Nob","floor":7.0,"turns":2.0},{"damage":26.0,"enemies":"3 Sentries","floor":13.0,"turns":6.0},{"damage":18.0,"enemies":"Hexaghost","floor":16.0,"turns":7.0},{"damage":12.0,"enemies":"Chosen","floor":18.0,"turns":3.0},{"damage":14.0,"enemies":"Shell Parasite","floor":21.0,"turns":4.0},{"damage":51.0,"enemies":"Gremlin Leader","floor":24.0,"turns":6.0},{"damage":2.0,"enemies":"Cultist and Chosen","floor":27.0,"turns":4.0},{"damage":0.0,"enemies":"3 Cultists","floor":29.0,"turns":4.0},{"damage":0.0,"enemies":"Snecko","floor":30.0,"turns":4.0},{"damage":10.0,"enemies":"Shelled Parasite and Fungi","floor":31.0,"turns":5.0},{"damage":54,"enemies":"Champ","floor":33,"turns":6}],"seed_played":"1844307068564309117","potions_obtained":[{"floor":2.0,"key":"FearPotion"},{"floor":2.0,"key":"DuplicationPotion"},{"floor":13.0,"key":"Ancient Potion"},{"floor":18.0,"key":"Explosive Potion"},{"floor":29.0,"key":"Swift Potion"},{"floor":31.0,"key":"AttackPotion"}],"is_trial":false,"path_per_floor":["M","?","$","M","M","R","E","R","T","R","?","?","E","?","R","B",null,"M","?","?","M","T","R","E","R","T","M","R","M","M","M","R","B"],"character_chosen":"DEFECT","items_purchased":["Ball Lightning"],"campfire_rested":5,"item_purchase_floors":[3],"current_hp_per_floor":[64,64,64,64,64,64,64,64,64,64,64,64,38,17,38,20,58,46,46,46,32,32,53,2,23,23,21,42,42,42,32,53,0,0],"gold":425,"neow_bonus":"THREE_ENEMY_KILL","is_daily":false,"chose_seed":false,"campfire_upgraded":3,"win_rate":0.0,"timestamp":1608828592,"path_taken":["M","?","$","M","?","R","E","R","T","R","?","?","E","?","R","BOSS","M","?","?","M","?","R","E","R","T","?","R","M","M","M","R","BOSS"],"items_purchased_type":["Card"],"build_version":"2020-12-22","purchased_purges":0,"victory":false,"max_hp_per_floor":[71,71,71,71,71,71,71,71,71,71,71,71,71,71,71,71,71,71,71,71,71,71,71,71,71,71,71,71,71,71,71,71,71,71],"relic_stats":{"Centennial Puzzle":[15],"counters":[14,54],"Shuriken":[13],"Astrolabe":["Melter","Genetic Algorithm","Aggregate"],"PreservedInsect":46,"Art of War":[3],"Bag of Preparation":[10],"obtain_stats":[{"Centennial Puzzle":19,"NeowsBlessing":0,"Shuriken":9,"Astrolabe":17,"PreservedInsect":22,"Omamori":7,"Art of War":24,"Bag of Preparation":26,"Cracked Core":0,"Symbiotic Virus":13},{"Centennial Puzzle":7,"NeowsBlessing":0,"Shuriken":4,"Astrolabe":6,"PreservedInsect":8,"Omamori":4,"Art of War":9,"Bag of Preparation":9,"Cracked Core":0,"Symbiotic Virus":5},{"Centennial Puzzle":21,"NeowsBlessing":0,"Shuriken":5,"Astrolabe":18,"PreservedInsect":25,"Omamori":5,"Art of War":31,"Bag of Preparation":31,"Cracked Core":0,"Symbiotic Virus":11}]},"card_choices":[{"not_picked":["Streamline","Turbo"],"picked":"Cold Snap","floor":1.0},{"not_picked":["Turbo","Stack"],"picked":"Streamline","floor":4.0},{"not_picked":["Leap","Compile Driver"],"picked":"Sunder","floor":5.0},{"not_picked":["Amplify","Melter"],"picked":"Beam Cell","floor":7.0},{"not_picked":["Hologram","Rebound"],"picked":"Chill","floor":13.0},{"not_picked":["Fission","Rainbow"],"picked":"Echo Form","floor":16.0},{"not_picked":["Sweeping Beam","Tempest","Darkness"],"picked":"SKIP","floor":18.0},{"not_picked":["Ball Lightning","Compile Driver+1"],"picked":"Conserve Battery","floor":21.0},{"not_picked":["Melter","Consume"],"picked":"Steam","floor":24.0},{"not_picked":["Steam","Redo"],"picked":"Biased Cognition","floor":27.0},{"not_picked":["Sweeping Beam","Cold Snap","Ball Lightning"],"picked":"SKIP","floor":29.0},{"not_picked":["Hologram","FTL"],"picked":"Doom and Gloom","floor":30.0},{"not_picked":["Melter","Go for the Eyes"],"picked":"FTL","floor":31.0}],"player_experience":463519,"relics_obtained":[{"floor":7.0,"key":"Omamori"},{"floor":9.0,"key":"Shuriken"},{"floor":13.0,"key":"Symbiotic Virus"},{"floor":22.0,"key":"PreservedInsect"},{"floor":24.0,"key":"Art of War"},{"floor":26.0,"key":"Bag of Preparation"}],"event_choices":[{"damage_healed":0.0,"max_hp_gain":0.0,"max_hp_loss":0.0,"gold_gain":0.0,"event_name":"Lab","player_choice":"Got Potions","floor":2.0,"gold_loss":0.0,"damage_taken":0.0},{"damage_healed":0.0,"max_hp_gain":0.0,"max_hp_loss":0.0,"gold_gain":0.0,"event_name":"Liars Game","player_choice":"Ignored","floor":11.0,"gold_loss":0.0,"damage_taken":0.0},{"damage_healed":0.0,"max_hp_gain":0.0,"max_hp_loss":0.0,"gold_gain":79.0,"event_name":"Golden Wing","player_choice":"Gained Gold","floor":12.0,"gold_loss":0.0,"damage_taken":0.0},{"damage_healed":0.0,"max_hp_gain":0.0,"max_hp_loss":0.0,"gold_gain":0.0,"event_name":"Shining Light","player_choice":"Entered Light","floor":14.0,"gold_loss":0.0,"damage_taken":21.0,"cards_upgraded":["Strike_B","Ball Lightning"]},{"damage_healed":0.0,"max_hp_gain":0.0,"max_hp_loss":0.0,"gold_gain":0.0,"event_name":"Addict","player_choice":"Obtained Relic","floor":19.0,"gold_loss":85.0,"damage_taken":0.0,"relics_obtained":["Centennial Puzzle"]},{"damage_healed":0.0,"max_hp_gain":0.0,"max_hp_loss":0.0,"gold_gain":0.0,"event_name":"Ghosts","player_choice":"Ignored","floor":20.0,"gold_loss":0.0,"damage_taken":0.0}],"is_beta":false,"boss_relics":[{"not_picked":["Ectoplasm","Nuclear Battery"],"picked":"Astrolabe"}],"items_purged_floors":[],"is_endless":false,"potions_floor_spawned":[4,5,13,18,21,29,31],"killed_by":"Champ","ascension_level":16}}