{"host":"mniz8q056kux99zk","time":1608835759,"event":{"mods":["BaseMod","CapriCore","Highlight Path","Minty Spire (QoL Compilation)","Replay The Spire","StSLib"],"gold_per_floor":[111,229,229,240,259,259,288,306,306,321,332,367,383,415,415,519,519,532,46,46,145,145,145,145],"floor_reached":23,"playtime":2521,"items_purged":[],"score":222,"play_id":"547fdbd8-d504-4a3e-bb5e-9b9559d1b142","local_time":"20201224134919","is_ascension_mode":true,"campfire_choices":[{"floor":6,"key":"REST"},{"floor":15,"key":"REST"}],"circlet_count":0,"master_deck":["Strike_P","Strike_P","Strike_P","Strike_P","Defend_P","Defend_P","Defend_P","Defend_P","Eruption","Vigilance","WaveOfTheHand","Alpha","CutThroughFate","ClearTheMind","Consecrate","EmptyBody","FearNoEvil","Judgement","Prostrate","FollowUp","InnerPeace","CrushJoints","CrushJoints","Judgement","EmptyBody"],"relics":["PureWater","NeowsBlessing","Durian","Calipers","Thread and Needle","Runic Pyramid","Frozen Eye","Meat on the Bone"],"acts_visited":["Exordium","TheCity"],"potions_floor_usage":[7,13,14,16,16,23],"damage_taken":[{"damage":0,"enemies":"Jaw Worm","floor":1,"turns":1},{"damage":0,"enemies":"2 Louse","floor":4,"turns":1},{"damage":0,"enemies":"Cultist","floor":5,"turns":2},{"damage":6,"enemies":"Lagavulin","floor":7,"turns":5},{"damage":4,"enemies":"Lots of Slimes","floor":8,"turns":6},{"damage":13,"enemies":"Red Slaver","floor":10,"turns":3},{"damage":2,"enemies":"3 Louse","floor":11,"turns":3},{"damage":1,"enemies":"3 Sentries","floor":12,"turns":6},{"damage":15,"enemies":"Exordium Wildlife","floor":13,"turns":5},{"damage":24,"enemies":"Lagavulin","floor":14,"turns":8},{"damage":26,"enemies":"Hexaghost","floor":16,"turns":14},{"damage":26,"enemies":"2 Thieves","floor":18,"turns":4},{"damage":52,"enemies":"Book of Stabbing","floor":23,"turns":7}],"seed_played":"-3053788854749823575","potions_obtained":[{"floor":1,"key":"BottledMiracle"},{"floor":8,"key":"Block Potion"},{"floor":10,"key":"Adrenaline Potion"},{"floor":13,"key":"AttackPotion"},{"floor":14,"key":"Weak Potion"}],"is_trial":false,"path_per_floor":["M","?","?","M","M","R","E","M","T","M","M","E","M","E","R","B",null,"M","$","?","?","$","E"],"character_chosen":"WATCHER","items_purchased":["Frozen Eye","Meat on the Bone","SkillPotion","SpeedPotion"],"campfire_rested":2,"item_purchase_floors":[19,19,19,19],"current_hp_per_floor":[72,54,47,47,47,68,67,63,63,50,48,47,32,8,31,5,77,51,51,51,51,51,0,0],"gold":145,"neow_bonus":"THREE_ENEMY_KILL","is_daily":false,"chose_seed":false,"campfire_upgraded":0,"win_rate":0.0,"timestamp":1608835759,"path_taken":["M","?","?","M","M","R","E","?","T","M","?","E","M","E","R","BOSS","M","$","?","?","?","E"],"items_purchased_type":["Relic","Relic","Potion","Potion"],"build_version":"2020-12-22","purchased_purges":0,"victory":false,"max_hp_per_floor":[72,72,72,72,72,72,77,77,77,77,77,77,77,77,77,77,77,77,77,77,77,77,77,77],"card_choices":[{"not_picked":["ClearTheMind","Protect"],"picked":"WaveOfTheHand","floor":1},{"not_picked":["Replay:AtTheReady","Crescendo"],"picked":"Alpha","floor":2},{"not_picked":["BowlingBash","ThirdEye"],"picked":"CutThroughFate","floor":2},{"not_picked":["Fasting2","Replay:AtTheReady"],"picked":"ClearTheMind","floor":2},{"not_picked":["Vengeance","PathToVictory"],"picked":"Consecrate","floor":4},{"not_picked":["Replay:AtTheReady","CrushJoints"],"picked":"EmptyBody","floor":5},{"not_picked":["Fasting2","Evaluate"],"picked":"FearNoEvil","floor":7},{"not_picked":["ClearTheMind","SignatureMove"],"picked":"Judgement","floor":8},{"not_picked":["Protect","SashWhip"],"picked":"Prostrate","floor":10},{"not_picked":["Replay:Hum","Replay:DivineShield"],"picked":"FollowUp","floor":11},{"not_picked":["FlyingSleeves","WindmillStrike"],"picked":"InnerPeace","floor":12},{"not_picked":["Replay:Anticipation","Worship"],"picked":"CrushJoints","floor":13},{"not_picked":["ThirdEye","Crescendo"],"picked":"CrushJoints","floor":14},{"not_picked":["Vault","LessonLearned"],"picked":"Judgement","floor":16},{"not_picked":["Study","FlyingSleeves"],"picked":"EmptyBody","floor":18}],"player_experience":82310,"relics_obtained":[{"floor":7,"key":"Durian"},{"floor":12,"key":"Calipers"},{"floor":14,"key":"Thread and Needle"}],"event_choices":[{"damage_healed":0,"gold_gain":0,"player_choice":"Damaged","damage_taken":7,"max_hp_gain":0,"max_hp_loss":0,"event_name":"Wheel of Change","floor":3,"gold_loss":0},{"damage_healed":0,"gold_gain":0,"player_choice":"Ignored","damage_taken":0,"max_hp_gain":0,"max_hp_loss":0,"event_name":"Vampires","floor":20,"gold_loss":0},{"damage_healed":0,"gold_gain":99,"player_choice":"Stole From Cult","damage_taken":0,"max_hp_gain":0,"max_hp_loss":0,"event_name":"Nest","floor":21,"gold_loss":0}],"is_beta":false,"boss_relics":[{"not_picked":["Sozu","Velvet Choker"],"picked":"Runic Pyramid"}],"items_purged_floors":[],"is_endless":false,"potions_floor_spawned":[1,8,10,13,14],"killed_by":"Book of Stabbing","ascension_level":1}}