{"host":"qwv9nni2x0umspiu","time":1608792607,"event":{"mods":["BaseMod","Downfall","Minty Spire (QoL Compilation)","Replay The Spire","StSLib","The Hierophant","Wandering Minibosses"],"gold_per_floor":[111,111,126,136,50,32,32,37,37,47,61,61,56,64,64,24,24],"floor_reached":16,"playtime":639,"items_purged":[],"score":244,"play_id":"8cd1dadd-ea9d-4e9e-98b2-b23b8c6a7a4e","local_time":"20201223225007","is_ascension_mode":true,"campfire_choices":[{"data":"hierophant:ChurchCoffers","floor":7,"key":"SMITH"},{"data":"hierophant:Punish","floor":12,"key":"SMITH"},{"floor":15,"key":"REST"}],"circlet_count":0,"master_deck":["AscendersBane","hierophant:Strike_Hierophant","hierophant:Strike_Hierophant","hierophant:Strike_Hierophant","hierophant:Strike_Hierophant","hierophant:Punish+1","hierophant:Defend_Hierophant","hierophant:Defend_Hierophant","hierophant:Defend_Hierophant","hierophant:Defend_Hierophant","hierophant:ChurchCoffers+1","hierophant:SealAway","hierophant:Community","hierophant:Zeal","hierophant:Smite","hierophant:MirrorShield"],"relics":["hierophant:PropheticMaskRelic","NeowsBlessing","Replay:Ringing Soul","Gremlin Horn","Question Card","Pet Ghost"],"acts_visited":["Exordium"],"potions_floor_usage":[6,6,8,13,14,16],"damage_taken":[{"damage":0,"enemies":"Small Slimes","floor":1,"turns":1},{"damage":0,"enemies":"Cultist","floor":3,"turns":1},{"damage":0,"enemies":"Jaw Worm","floor":4,"turns":1},{"damage":38,"enemies":"Lagavulin","floor":6,"turns":8},{"damage":2,"enemies":"Gremlin Nob","floor":8,"turns":4},{"damage":0,"enemies":"3 Louse","floor":10,"turns":1},{"damage":5,"enemies":"Gremlin Gang","floor":11,"turns":3},{"damage":31,"enemies":"Lagavulin","floor":13,"turns":6},{"damage":11,"enemies":"Looter","floor":14,"turns":2},{"damage":16,"enemies":"Slime Boss","floor":16,"turns":6}],"seed_played":"-2213607135653784282","potions_obtained":[{"floor":2,"key":"Regen Potion"},{"floor":2,"key":"sneckomod:MuddlingPotion"},{"floor":3,"key":"Guardian:BlockOnCardUsePotion"},{"floor":6,"key":"Block Potion"},{"floor":10,"key":"Guardian:BlockOnCardUsePotion"},{"floor":13,"key":"champ:CounterPotion"},{"floor":14,"key":"SpeedPotion"}],"is_trial":false,"path_per_floor":["M","?","M","M","$","E","R","E","T","M","M","R","E","M","R","B"],"character_chosen":"HIEROPHANT","items_purchased":["hierophant:Community"],"campfire_rested":1,"item_purchase_floors":[5],"current_hp_per_floor":[68,68,68,68,68,43,43,44,44,44,42,42,14,3,28,12,12],"gold":24,"neow_bonus":"THREE_ENEMY_KILL","is_daily":false,"chose_seed":false,"campfire_upgraded":2,"win_rate":0.0,"timestamp":1608792607,"path_taken":["M","?","M","?","$","E","R","E","T","M","M","R","E","M","R","BOSS"],"items_purchased_type":["Card"],"build_version":"2020-12-22","purchased_purges":0,"victory":false,"max_hp_per_floor":[75,75,75,75,75,75,75,78,78,78,81,81,84,84,84,84,84],"card_choices":[{"not_picked":["hierophant:PassingBell","hierophant:RepressedViolence"],"picked":"hierophant:SealAway","floor":1},{"not_picked":["hierophant:OrnateJavelin","hierophant:Embezzle","hierophant:HolyVerse"],"picked":"SKIP","floor":3},{"not_picked":["hierophant:RustyCrate","hierophant:FlamingChariot","hierophant:RepressedViolence"],"picked":"SKIP","floor":4},{"not_picked":["hierophant:Anathema","hierophant:SealAway","hierophant:Embezzle"],"picked":"SKIP","floor":6},{"not_picked":["hierophant:Encroach","hierophant:Mercenaries"],"picked":"hierophant:Zeal","floor":8},{"not_picked":["hierophant:Encroach","hierophant:Zeal","hierophant:Doubloon","hierophant:Bribe"],"picked":"SKIP","floor":10},{"not_picked":["hierophant:Sermon","hierophant:Doubloon","hierophant:SealAway"],"picked":"hierophant:Smite","floor":11},{"not_picked":["hierophant:Endure","hierophant:DeathKnell","hierophant:PassingBell"],"picked":"hierophant:MirrorShield","floor":13},{"not_picked":["hierophant:Glossolalia","hierophant:AuricBeam","hierophant:DisplayOfPower","hierophant:Sermon"],"picked":"SKIP","floor":14}],"player_experience":1298808,"relics_obtained":[{"floor":6,"key":"Replay:Ringing Soul"},{"floor":8,"key":"Gremlin Horn"},{"floor":9,"key":"Question Card"},{"floor":13,"key":"Pet Ghost"}],"event_choices":[{"damage_healed":0,"gold_gain":0,"player_choice":"Got Potions","damage_taken":0,"max_hp_gain":0,"max_hp_loss":0,"event_name":"Lab","floor":2,"gold_loss":0}],"is_beta":false,"boss_relics":[],"items_purged_floors":[],"is_endless":false,"potions_floor_spawned":[3,6,10,13,14],"killed_by":"Slime Boss","ascension_level":20}}