{"host":"pijh7er38uumsf33","time":1608775111,"event":{"mods":["AchievementEnabler","Act Like it!","BaseMod","Clockwork Mod","Conspire","Data Control","Downfall","Infinite Spire","Minty Spire (QoL Compilation)","Quick Restart","Rare Cards Sparkle","Replay The Spire","StSLib","Uncapped"],"gold_per_floor":[99,115,128,138,799,799,822,834,834,177,196,121,138,156,175,270,270,270,285,299,710,728,760,760,685,704,736,755,680,0,0,20,118,118,118,118,135,157,175,206,282,292,292,330,330,348,348,348,361,361,361,396,171,171,171],"floor_reached":56,"playtime":4012,"items_purged":["Clockwork:Shield","Clockwork:Strike","Clockwork:Strike","CommonCold","Clockwork:WarmUp","Clockwork:Strike"],"score":1557,"play_id":"a6087567-fee5-44a6-990b-545ee43387fe","local_time":"20201224025831","is_ascension_mode":true,"campfire_choices":[{"data":"Clockwork:Tinker","floor":1.0,"key":"SMITH"},{"data":"Clockwork:Improve","floor":12.0,"key":"SMITH"},{"floor":18.0,"key":"RECALL"},{"data":"Clockwork:Roundhouse","floor":25.0,"key":"SMITH"},{"data":"Clockwork:ReactiveNanites","floor":29,"key":"SMITH"},{"data":"Clockwork:ElasticNanites","floor":35,"key":"SMITH"},{"data":"Clockwork:HeadStart","floor":43,"key":"SMITH"},{"data":"Clockwork:QuantumStrike","floor":45,"key":"SMITH"},{"data":"Clockwork:EnthusiasticStrike","floor":47,"key":"SMITH"},{"data":"Clockwork:Improve","floor":54,"key":"SMITH"}],"circlet_count":0,"master_deck":["Clockwork:Strike","Clockwork:Shield","Clockwork:Shield","Clockwork:Shield","Clockwork:Tinker+1","Clockwork:HeadStart+1","Clockwork:Roundhouse+1","Clockwork:KaliMa","Clockwork:EnthusiasticStrike+1","Clockwork:Improve+1","Clockwork:QuantumStrike+1","Clockwork:Enhance+1","Clockwork:EnthusiasticStrike","Clockwork:ReactiveNanites+1","Clockwork:EnthusiasticStrike","Clockwork:ElasticNanites+1","Clockwork:RevUp","Clockwork:RevUp+1","Clockwork:AdaptiveShield+1","Clockwork:RevUp+1","Clockwork:Improve+1"],"relics":["Clockwork:MomentumEngine","Bag of Marbles","BargainBundle","Girya","Oddly Smooth Stone","Blood Vial","Bottled Flame","OrangePellets","Clockwork:CopperScales","downfall:HeartBlessingBlue","Replay:Lucky Slots","Lantern","Simple Rune","Replay:Rubber Ducky","Quantum Egg","downfall:HeartBlessingRed","downfall:HeartBlessingGreen","conspire:TreasureMap","Centennial Puzzle","Replay:Baseball","Coffee Dripper","Clockwork:BeatingHeart","Snack Pack","infinitespire:Broken Mirror","conspire:DecoderRing","infinitespire:Golems Mask"],"acts_visited":["Exordium","TheCity","TheBeyond","TheEnding"],"potions_floor_usage":[33,33,33,55,55,55],"damage_taken":[{"damage":0.0,"enemies":"Jaw Worm","floor":2.0,"turns":12.0},{"damage":0.0,"enemies":"Small Slimes","floor":3.0,"turns":7.0},{"damage":56.0,"enemies":"Cultist","floor":4.0,"turns":9.0},{"damage":0.0,"enemies":"downfall:FleeingMerchant","floor":5.0,"turns":1.0},{"damage":7.0,"enemies":"Gremlin Gang","floor":8.0,"turns":4.0},{"damage":26.0,"enemies":"Blue Slaver","floor":11.0,"turns":6.0},{"damage":0.0,"enemies":"Exordium Wildlife","floor":13.0,"turns":3.0},{"damage":13.0,"enemies":"3 Louse","floor":14.0,"turns":4.0},{"damage":14.0,"enemies":"Red Slaver","floor":15.0,"turns":2.0},{"damage":35.0,"enemies":"downfall:Silent","floor":16.0,"turns":10.0},{"damage":43.0,"enemies":"Chosen","floor":19.0,"turns":6.0},{"damage":22.0,"enemies":"Spheric Guardian","floor":20.0,"turns":4.0},{"damage":18.0,"enemies":"conspire:HollyBat","floor":22.0,"turns":10.0},{"damage":37.0,"enemies":"Book of Stabbing","floor":23.0,"turns":4.0},{"damage":1.0,"enemies":"Shelled Parasite and Fungi","floor":26.0,"turns":4.0},{"damage":0.0,"enemies":"conspire:SneckoGhost","floor":27.0,"turns":4.0},{"damage":5,"enemies":"3 Cultists","floor":28,"turns":5},{"damage":0,"enemies":"Chosen and Byrds","floor":32,"turns":4},{"damage":0,"enemies":"downfall:Watcher","floor":33,"turns":9},{"damage":48,"enemies":"3 Shapes","floor":37,"turns":5},{"damage":14,"enemies":"3 Darklings","floor":38,"turns":5},{"damage":16,"enemies":"Transient","floor":39,"turns":5},{"damage":0,"enemies":"R_Hoarder","floor":40,"turns":2},{"damage":0,"enemies":"Spire Growth","floor":42,"turns":4},{"damage":0,"enemies":"Giant Head","floor":44,"turns":7},{"damage":0,"enemies":"Sphere and 2 Shapes","floor":46,"turns":4},{"damage":0,"enemies":"Maw","floor":49,"turns":5},{"damage":50,"enemies":"downfall:Ironclad","floor":50,"turns":10},{"damage":89,"enemies":"downfall:CharBossMerchant","floor":52,"turns":9},{"damage":0,"enemies":"downfall:NeowBoss","floor":55,"turns":18}],"seed_played":"-7585924780726673829","potions_obtained":[{"floor":4.0,"key":"champ:CounterPotion"},{"floor":8.0,"key":"Toxic Potion"},{"floor":9.0,"key":"downfall:CursedFountainPotion"},{"floor":11.0,"key":"Swift Potion"},{"floor":22.0,"key":"Adrenaline Potion"},{"floor":26.0,"key":"Reflective Coating"},{"floor":27.0,"key":"Guardian:BlockOnCardUsePotion"},{"floor":33,"key":"Swift Potion"},{"floor":44,"key":"EssenceOfSteel"},{"floor":49,"key":"FearPotion"},{"floor":52,"key":"Dexterity Potion"}],"is_trial":false,"path_per_floor":["R","M","M","M","$","?","T","M","?","$","M","R","M","M","M","B",null,"R","M","M","$","M","E","T","R","M","E","M","R","$","?","M","B",null,"R","?","M","M","M","E","T","M","R","E","R","M","R","AVR","M","B",null,"E","$","R","B",null],"character_chosen":"CLOCKWORK","items_purchased":["BargainBundle","Girya","Oddly Smooth Stone","Adrenaline Potion","Regen Potion","Blood Vial","Bottled Flame","OrangePellets","Replay:Lucky Slots","Lantern","Simple Rune","conspire:TreasureMap","Centennial Puzzle","Replay:Baseball","Clockwork:ElasticNanites","Clockwork:Improve"],"campfire_rested":0,"item_purchase_floors":[5,5,5,5,5,10,10,10,21,21,21,30,30,30,30,53],"current_hp_per_floor":[85,85,85,29,29,29,29,22,22,22,799,95,95,82,70,37,95,95,52,32,32,31,2,2,2,3,5,2,2,2,2,4,21,95,95,95,47,35,21,23,23,27,27,39,39,41,41,41,51,17,95,10,10,10,28],"gold":171,"neow_bonus":"RANDOM_COMMON_RELIC","is_daily":false,"chose_seed":false,"campfire_upgraded":9,"win_rate":0.0,"timestamp":1608775111,"path_taken":["R","M","M","M","$","?","T","M","?","$","M","R","?","M","M","BOSS","R","M","M","$","M","E","T","R","M","E","M","R","$","?","M","BOSS","R","?","M","?","M","E","T","M","R","E","R","M","R","AVR","M","BOSS","E","$","R","BOSS"],"items_purchased_type":["Relic","Relic","Relic","Potion","Potion","Relic","Relic","Relic","Relic","Relic","Relic","Relic","Relic","Relic","Card","Card"],"build_version":"2020-12-22","purchased_purges":6,"victory":true,"max_hp_per_floor":[85,85,85,85,85,85,85,85,85,85,85,95,95,95,95,95,95,95,95,95,95,95,95,95,95,95,95,95,95,95,95,95,95,95,95,95,95,95,95,95,95,95,95,95,95,95,95,95,95,95,95,95,95,95,95],"card_choices":[{"not_picked":["Clockwork:ChargingBlade","Clockwork:CogToss"],"picked":"Clockwork:HeadStart","floor":2.0},{"not_picked":["Clockwork:PerfectedStrike","Clockwork:CogShield"],"picked":"Clockwork:Roundhouse","floor":3.0},{"not_picked":["Clockwork:MechanicalBulk","Clockwork:SpurOn"],"picked":"Clockwork:CraftCopperScales","floor":4.0},{"not_picked":["Clockwork:Roundhouse","Clockwork:Enhance"],"picked":"Clockwork:KaliMa","floor":5.0},{"not_picked":["Clockwork:ChargingBlade","Clockwork:Clone"],"picked":"Clockwork:EnthusiasticStrike","floor":8.0},{"not_picked":["Clockwork:RitualDaggerMk0","Clockwork:ReserveSystems"],"picked":"Clockwork:Improve","floor":11.0},{"not_picked":["Clockwork:ChargingShield","Clockwork:Enhance"],"picked":"Clockwork:QuantumStrike","floor":13.0},{"not_picked":["Clockwork:Redundancy","Clockwork:ChargingBlade","Clockwork:Friction"],"picked":"SKIP","floor":14.0},{"not_picked":["Clockwork:Redundancy","Clockwork:CraftSomewhatSmoothStone","Clockwork:DefectiveParts"],"picked":"SKIP","floor":15.0},{"not_picked":["Clockwork:AdaptiveCannon+1","Clockwork:SnapKeep","Clockwork:ForgeStrike"],"picked":"SKIP","floor":19.0},{"not_picked":["Clockwork:PerfectedShield","Clockwork:Redundancy","Clockwork:SnapKeep"],"picked":"SKIP","floor":20.0},{"not_picked":["Clockwork:Redundancy","Clockwork:ZeroPointEnergy","Clockwork:Minimalism"],"picked":"SKIP","floor":22.0},{"not_picked":["Clockwork:Selectivity","Clockwork:TiltAWhirl"],"picked":"Clockwork:Enhance+1","floor":23.0},{"not_picked":["Clockwork:PerfectedStrike","Clockwork:Roundhouse+1"],"picked":"Clockwork:EnthusiasticStrike","floor":26.0},{"not_picked":["Clockwork:ChargingShield","Clockwork:ReserveSystems"],"picked":"Clockwork:ReactiveNanites","floor":27.0},{"not_picked":["Clockwork:RitualDaggerMk0","Clockwork:ChargingBlade"],"picked":"Clockwork:EnthusiasticStrike","floor":28},{"not_picked":["Clockwork:Minimalism","Clockwork:SearchingStrike","Clockwork:Friction"],"picked":"SKIP","floor":32},{"not_picked":["Clockwork:CogShield","Clockwork:Redundancy","Clockwork:CraftCopperScales"],"picked":"SKIP","floor":37},{"not_picked":["Clockwork:CraftSomewhatSmoothStone+1","Clockwork:Clone+1","Clockwork:ChargingBlade+1"],"picked":"SKIP","floor":38},{"not_picked":["Clockwork:ChargingBlade","Clockwork:Roundhouse","Clockwork:LogisticRegression"],"picked":"SKIP","floor":39},{"not_picked":["Clockwork:OccamsRazor+1","Clockwork:LogisticRegression+1","Clockwork:FalseStart+1"],"picked":"SKIP","floor":40},{"not_picked":["Clockwork:Clone","Clockwork:Pluck"],"picked":"Clockwork:RevUp","floor":42},{"not_picked":["Clockwork:FalseStart+1","Clockwork:SnapKeep"],"picked":"Clockwork:RevUp+1","floor":44},{"not_picked":["Clockwork:MechanicalMass+1","Clockwork:ChargingBlade"],"picked":"Clockwork:AdaptiveShield+1","floor":46},{"not_picked":["Clockwork:ChargingShield","Clockwork:AdaptiveCannon"],"picked":"Clockwork:RevUp+1","floor":49},{"not_picked":["Clockwork:RampUp","Clockwork:TiltAWhirl+1","Clockwork:QuantumStrike+1"],"picked":"SKIP","floor":52}],"player_experience":167097,"relics_obtained":[{"floor":23.0,"key":"Replay:Rubber Ducky"},{"floor":24.0,"key":"Quantum Egg"},{"floor":40,"key":"Snack Pack"},{"floor":41,"key":"infinitespire:Broken Mirror"},{"floor":44,"key":"conspire:DecoderRing"},{"floor":52,"key":"infinitespire:Golems Mask"}],"event_choices":[{"damage_healed":0,"gold_gain":0,"player_choice":"Got Potions","damage_taken":0,"max_hp_gain":0,"max_hp_loss":0,"event_name":"Lab","floor":31,"gold_loss":0},{"damage_healed":0,"gold_gain":0,"player_choice":"Ignored","damage_taken":0,"max_hp_gain":0,"max_hp_loss":0,"event_name":"Transmorgrifier","floor":36,"gold_loss":0}],"is_beta":false,"boss_relics":[{"not_picked":["Runic Dome","Calling Bell","Snecko Eye"]},{"not_picked":["Abe\u0027s Treasure","conspire:SpecialSausage"],"picked":"Coffee Dripper"}],"items_purged_floors":[5,10,21,30,48,53],"is_endless":false,"potions_floor_spawned":[4,8,11,15,16,22,26,27,33,37,44,46,49,52],"ascension_level":2}}