{"host":"mqhvlr3kpxebko0t","time":1608778599,"event":{"mods":["AchievementEnabler","BaseMod","Colored Map","Keyboard Shortcuts","Minty Spire (QoL Compilation)","StSLib","SuperFastMode"],"gold_per_floor":[117,5,24,40,59,59,75,75,99,127,140,140,156,156,156,156,156],"floor_reached":16,"playtime":269,"items_purged":["Strike_G"],"score":187,"play_id":"7d4b150c-f6b1-4727-b72f-28b373869989","local_time":"20201224115639","is_ascension_mode":true,"campfire_choices":[{"data":"Neutralize","floor":6,"key":"SMITH"},{"data":"Blade Dance","floor":8,"key":"SMITH"},{"data":"Blade Dance","floor":12,"key":"SMITH"},{"data":"Footwork","floor":15,"key":"SMITH"}],"circlet_count":0,"master_deck":["AscendersBane","Strike_G","Strike_G","Strike_G","Strike_G","Defend_G","Defend_G","Defend_G","Defend_G","Defend_G","Survivor","Neutralize+1","Blade Dance+1","Footwork+1","Blade Dance+1","Dagger Throw","Choke","Backstab","Backflip","Reflex"],"relics":["Ring of the Snake","Ginger","PreservedInsect","Nunchaku"],"acts_visited":["Exordium"],"potions_floor_usage":[],"damage_taken":[{"damage":6,"enemies":"Cultist","floor":1,"turns":5},{"damage":0,"enemies":"2 Louse","floor":3,"turns":3},{"damage":4,"enemies":"Small Slimes","floor":4,"turns":4},{"damage":8,"enemies":"3 Louse","floor":5,"turns":4},{"damage":18,"enemies":"Lots of Slimes","floor":7,"turns":5},{"damage":12,"enemies":"Gremlin Nob","floor":10,"turns":3},{"damage":0,"enemies":"Large Slime","floor":11,"turns":3},{"damage":8,"enemies":"2 Fungi Beasts","floor":13,"turns":3},{"damage":6,"enemies":"Hexaghost","floor":16,"turns":5}],"seed_played":"6991148537940604639","potions_obtained":[{"floor":1,"key":"Ancient Potion"},{"floor":5,"key":"SmokeBomb"}],"is_trial":false,"path_per_floor":["M","$","M","M","M","R","M","R","T","E","M","R","M","?","R","B"],"character_chosen":"THE_SILENT","items_purchased":["Footwork"],"campfire_rested":0,"item_purchase_floors":[2],"current_hp_per_floor":[53,53,53,49,41,41,23,23,23,11,11,11,3,3,3,0,0],"gold":156,"neow_bonus":"ONE_RARE_RELIC","is_daily":false,"chose_seed":false,"campfire_upgraded":4,"win_rate":0.0,"timestamp":1608778599,"path_taken":["M","$","M","M","M","R","M","R","T","E","M","R","?","?","R","BOSS"],"items_purchased_type":["Card"],"build_version":"2020-12-22","purchased_purges":1,"victory":false,"max_hp_per_floor":[60,60,60,60,60,60,60,60,60,60,60,60,60,60,60,60,60],"card_choices":[{"not_picked":["All Out Attack","Deadly Poison"],"picked":"Blade Dance","floor":1},{"not_picked":["Deflect","Infinite Blades"],"picked":"Blade Dance","floor":3},{"not_picked":["Outmaneuver","Slice"],"picked":"Dagger Throw","floor":4},{"not_picked":["Poisoned Stab","Dodge and Roll","Bane"],"picked":"SKIP","floor":5},{"not_picked":["Leg Sweep","Glass Knife"],"picked":"Choke","floor":7},{"not_picked":["Calculated Gamble","Bouncing Flask"],"picked":"Backstab","floor":10},{"not_picked":["Dagger Throw","Prepared"],"picked":"Backflip","floor":11},{"not_picked":["Quick Slash","Cloak And Dagger"],"picked":"Reflex","floor":13}],"player_experience":681547,"relics_obtained":[{"floor":9,"key":"PreservedInsect"},{"floor":10,"key":"Nunchaku"}],"event_choices":[{"damage_healed":0,"gold_gain":0,"player_choice":"Fled","damage_taken":0,"max_hp_gain":0,"max_hp_loss":0,"event_name":"Scrap Ooze","floor":14,"gold_loss":0}],"is_beta":false,"boss_relics":[],"items_purged_floors":[2],"is_endless":false,"potions_floor_spawned":[1,5,10],"killed_by":"Hexaghost","ascension_level":16}}