{"host":"fhq3k2nq5elnbks3","time":1608769631,"event":{"mods":["2.2 Compatiblity","AchievementEnabler","Act Like it!","AlwaysNeverKeys","Aspiration","Astrologer","Bard","BaseMod","Better Altar","Better Vampires","Better-Laid Plans","Block Reminder","CCEM","CapriCore","Card Filter","Colored Powertips","Conspire","Displayed Cursed Tome","Downfall","Ekko","Eldritch Tears","Energized Spire","Fiend Mod","Fireblade Mod","Friendly Minions","FutureSeer","GifTheSpireLib","Gremlin Mod","Gremlin Skip","Halation","Hermit","HololiveMod","Hubris","Hunter ??","Infinite Spire","Ironclad Rager","JesterMod","Jorbs\u0027s Wanderer Trilogy","Koishi","Mad Scientist","Magitek Elite","Marisa????????","Mathemortician","Minty Spire (QoL Compilation)","Onozuka Komachi Mod","Pale of the Ancients","Permanent Neow","Potionbrewer","Prisma Mod","QueenMod","Quick Restart","Reimu??????","Relic Filter","Remilia??????","Replay The Spire","Robot Space Explorer","Ruin Mod","Shop Mod","Somnambulant","Spikes Relics","StSLib","Stuff the Spire","SuperFastMode","Td1madao Mod","The Blackbeard","The Cursed","The Death Knight","The Druid","The Exordian Avenger","The Fake Hero","The Florist","The Gatherer","The Hierophant","The Marked","The Necromancer","The Runesmith","The Servant 0.9.4","The Trickster","The Valiant","The Wild Card","The Witch","TheBandit","Trackpad","Transform Curses","Uncapped","Unknown Chances","Wandering Minibosses","Yuri Mod","thorton","vexMod"],"gold_per_floor":[109,129,149,168,180,180,197,197,220,220,240,240,260,27,27,144,144,173,205,241,267,267,267,288,288,311,66,123,123,123,123,123,244,244,273,301,301,340,340,354,354,381,393,405,89,166,166,221,221,253,298,345,345,126,126,168,168,23,23,67],"floor_reached":61,"playtime":2184,"items_purged":["Madness"],"score":1570,"play_id":"551511da-93c8-431d-9cd3-9cb93b0259c0","local_time":"20201223182711","daily_mods":["Vintage","Heirloom","Time Dilation","Flight"],"is_ascension_mode":false,"campfire_choices":[{"data":"Bash","floor":6,"key":"SMITH"},{"data":"Strike_R","floor":6,"key":"SMITH"},{"data":"Strike_R","floor":8,"key":"SMITH"},{"data":"Strike_R","floor":8,"key":"SMITH"},{"data":"Strike_R","floor":10,"key":"SMITH"},{"data":"Strike_R","floor":10,"key":"SMITH"},{"data":"Defend_R","floor":12,"key":"SMITH"},{"data":"Defend_R","floor":12,"key":"SMITH"},{"data":"Defend_R","floor":15,"key":"SMITH"},{"data":"Defend_R","floor":15,"key":"SMITH"},{"data":"wanderingMiniBosses:FinaleOfPromise","floor":23,"key":"SMITH"},{"data":"ICR:VitalStrike","floor":23,"key":"SMITH"},{"floor":25,"key":"REST"},{"floor":32,"key":"DIG"},{"data":"Madness","floor":46,"key":"SMITH"},{"floor":49,"key":"DIG"},{"floor":55,"key":"DIG"}],"circlet_count":0,"master_deck":["Strike_R+1","Strike_R+1","Strike_R+1","Strike_R+1","Strike_R+1","Defend_R+1","Defend_R+1","Defend_R+1","Defend_R+1","Bash+1","ICR:VitalStrike+1","wanderingMiniBosses:FinaleOfPromise+1"],"relics":["Burning Blood","aspiration:HatOfInfinitePower","Bag of Marbles","vexMod:MemoryStick","BranchBurnRelic","infinitespire:CheckeredPen","Replay:Bandana","StuffTheSpire:GrapeVine","Sundial","MerchantsRug","Guard_Bracelet","MealTicket","vexMod:FocusSash","wanderingMiniBosses:Blackblade","RuthlessExorcism:ReiMu","Replay:Ringing Soul","Bloody Idol","Blood Vial","Winged Necklace","trackpad:Compendium","CCEMRelics:CocoNut","potionbrewer:AlchemistFlask","MiniBlackHole","MawBank","ReplayTheSpireMod:Ninjato","vexMod:RetaliationKit","Replay:Baseball","CCEMRelics:SpiritsEdge","paleoftheancients:Timepiece","paleoftheancients:KeyRelic","Oddly Smooth Stone","Coffee Dripper","Gremlin Horn","aspiration:AnachronicSnailShell","ReplayTheSpireMod:Lightbulb","paleoftheancients:SoulOfTheWatcher","potionbrewer:ToyAutogyro","aspiration:HiddenCompartment","infinitespire:PuzzleCube","trackpad:PetRock","HandDrill"],"acts_visited":["Exordium","TheCity","TheBeyond","paleoftheancients:PaleOfTheAncients"],"potions_floor_usage":[21,60,60],"damage_taken":[{"damage":0,"enemies":"Cultist","floor":1,"turns":3},{"damage":1,"enemies":"2 Louse","floor":2,"turns":3},{"damage":28,"enemies":"Small Slimes","floor":3,"turns":7},{"damage":43,"enemies":"3 Louse","floor":4,"turns":8},{"damage":0,"enemies":"Large Slime","floor":5,"turns":5},{"damage":12,"enemies":"Gremlin Gang","floor":7,"turns":4},{"damage":0,"enemies":"Looter","floor":11,"turns":1},{"damage":0,"enemies":"Red Slaver","floor":13,"turns":2},{"damage":21,"enemies":"Slime Boss","floor":16,"turns":10},{"damage":2,"enemies":"Chosen","floor":18,"turns":3},{"damage":10,"enemies":"2 Thieves","floor":19,"turns":3},{"damage":74,"enemies":"Centurion and Healer","floor":20,"turns":8},{"damage":6,"enemies":"Shelled Parasite and Fungi","floor":21,"turns":2},{"damage":0,"enemies":"Snake Plant","floor":24,"turns":1},{"damage":28,"enemies":"Automaton","floor":33,"turns":6},{"damage":0,"enemies":"3 Darklings","floor":35,"turns":3},{"damage":0,"enemies":"Orb Walker","floor":36,"turns":2},{"damage":0,"enemies":"Transient","floor":38,"turns":5},{"damage":7,"enemies":"Transient","floor":40,"turns":3},{"damage":6,"enemies":"Jaw Worm Horde","floor":42,"turns":3},{"damage":21,"enemies":"Nightmare","floor":48,"turns":4},{"damage":0,"enemies":"Donu and Deca","floor":50,"turns":5},{"damage":0,"enemies":"Donu and Deca","floor":51,"turns":3},{"damage":20,"enemies":"Donu and Deca","floor":52,"turns":8},{"damage":0,"enemies":"Donu and Deca","floor":56,"turns":2},{"damage":0,"enemies":"paleoftheancients:N","floor":60,"turns":2}],"seed_played":"-5312718192047208989","potions_obtained":[{"floor":2,"key":"Dexterity Potion"},{"floor":3,"key":"potionbrewer:ToxicPotion"},{"floor":19,"key":"SkillPotion"},{"floor":24,"key":"Languid Potion"},{"floor":35,"key":"FearPotion"},{"floor":40,"key":"potionbrewer:AcidPotion"},{"floor":42,"key":"FearPotion"},{"floor":48,"key":"SpeedPotion"},{"floor":51,"key":"Venom Potion"},{"floor":57,"key":"infinitespire:BlackPotion"}],"is_trial":true,"path_per_floor":["M","M","M","M","M","R","M","R","T","R","M","R","M","$","R","B",null,"M","M","M","M","?","R","M","R","T","$","R","?","?","?","R","B",null,"M","M","?","M","$","R","R","M","T","?","$","R","?","NM","R","B","M","M","?","$","R","M","R","$","?","B",null],"character_chosen":"IRONCLAD","items_purchased":["MerchantsRug","Guard_Bracelet","Replay:Multitool","MiniBlackHole","vexMod:RetaliationKit","potionbrewer:ToyAutogyro","potionbrewer:InfectionPotion","Elixir","trackpad:PetRock","HandDrill"],"campfire_rested":1,"item_purchase_floors":[14,14,27,39,45,54,54,54,58,58],"current_hp_per_floor":[80,80,58,21,27,27,33,33,33,33,39,39,50,50,50,50,80,80,76,8,14,11,11,17,42,49,64,64,1,1,32,32,32,93,93,98,98,98,88,98,98,98,98,89,101,101,101,93,93,101,101,99,99,101,101,101,101,101,101,101],"gold":67,"neow_bonus":"","is_daily":false,"chose_seed":false,"campfire_upgraded":13,"win_rate":0.0,"timestamp":1608769631,"path_taken":["M","M","M","M","M","R","M","R","T","R","M","R","M","$","R","BOSS","M","M","M","M","?","R","?","R","T","$","R","?","?","?","R","BOSS","M","?","?","?","?","R","R","M","T","?","$","R","?","NM","R","BOSS","M","M","?","$","R","M","R","$","?","BOSS"],"items_purchased_type":["Relic","Relic","Relic","Relic","Relic","Relic","Potion","Potion","Relic","Relic"],"build_version":"2020-12-22","purchased_purges":1,"victory":true,"max_hp_per_floor":[80,80,80,80,80,80,80,80,80,80,80,80,80,80,80,80,80,80,80,80,86,86,86,86,86,93,93,93,93,93,93,93,93,93,93,98,98,98,98,98,98,98,98,101,101,101,101,101,101,101,101,101,101,101,101,101,101,101,101,101],"card_choices":[{"not_picked":["Impervious","Corruption"],"picked":"ICR:VitalStrike","floor":16},{"not_picked":[],"picked":"wanderingMiniBosses:FinaleOfPromise","floor":20},{"not_picked":["Hemokinesis+1","Burning Pact","Abandon"],"picked":"SKIP","floor":48}],"player_experience":531393,"relics_obtained":[{"floor":1,"key":"halation:PenCase"},{"floor":2,"key":"Bag of Marbles"},{"floor":3,"key":"Dead Branch"},{"floor":4,"key":"Juzu Bracelet"},{"floor":5,"key":"vexMod:MemoryStick"},{"floor":7,"key":"infinitespire:CheckeredPen"},{"floor":9,"key":"Replay:Bandana"},{"floor":11,"key":"StuffTheSpire:GrapeVine"},{"floor":13,"key":"Sundial"},{"floor":18,"key":"MealTicket"},{"floor":19,"key":"vexMod:FocusSash"},{"floor":20,"key":"wanderingMiniBosses:Blackblade"},{"floor":20,"key":"RuthlessExorcism:ReiMu"},{"floor":21,"key":"vexMod:BerryBomb"},{"floor":24,"key":"Replay:Ringing Soul"},{"floor":26,"key":"Strawberry"},{"floor":32,"key":"Winged Necklace"},{"floor":35,"key":"trackpad:Compendium"},{"floor":36,"key":"CCEMRelics:CocoNut"},{"floor":38,"key":"potionbrewer:AlchemistFlask"},{"floor":42,"key":"MawBank"},{"floor":43,"key":"ReplayTheSpireMod:Ninjato"},{"floor":48,"key":"Replay:Baseball"},{"floor":49,"key":"CCEMRelics:SpiritsEdge"},{"floor":51,"key":"aspiration:AnachronicSnailShell"},{"floor":52,"key":"ReplayTheSpireMod:Lightbulb"},{"floor":52,"key":"paleoftheancients:SoulOfTheWatcher"},{"floor":55,"key":"aspiration:HiddenCompartment"},{"floor":56,"key":"infinitespire:PuzzleCube"}],"event_choices":[{"damage_healed":0,"gold_gain":0,"player_choice":"Punched","damage_taken":3,"max_hp_gain":0,"max_hp_loss":0,"event_name":"Designer","floor":22,"gold_loss":0},{"damage_healed":0,"gold_gain":0,"player_choice":" Idol Vial ","damage_taken":71,"relics_obtained":["Bloody Idol","Blood Vial"],"max_hp_gain":64,"max_hp_loss":1,"event_name":"betterAltar:BetterAltar","floor":29,"potions_obtained":[],"relics_lost":[],"gold_loss":0},{"damage_healed":31,"gold_gain":0,"player_choice":"Heal","damage_taken":0,"max_hp_gain":0,"max_hp_loss":0,"event_name":"The Library","floor":31,"gold_loss":0},{"damage_healed":0,"gold_gain":0,"player_choice":"Ignored","damage_taken":0,"max_hp_gain":0,"max_hp_loss":0,"event_name":"Accursed Blacksmith","floor":37,"gold_loss":0},{"damage_healed":0,"gold_gain":0,"player_choice":"Embrace Madness","damage_taken":12,"max_hp_gain":0,"max_hp_loss":0,"event_name":"Winding Halls","floor":44,"gold_loss":0,"cards_obtained":["Madness","Madness"]},{"cards_removed":["Madness"],"damage_healed":0,"gold_gain":0,"player_choice":"Offered Uncommon","damage_taken":0,"max_hp_gain":0,"max_hp_loss":0,"event_name":"Bonfire Elementals","floor":47,"gold_loss":0},{"damage_healed":0,"gold_gain":0,"player_choice":"Ignored","damage_taken":0,"max_hp_gain":0,"max_hp_loss":0,"event_name":"NoteForYourself","floor":53,"gold_loss":0}],"is_beta":false,"boss_relics":[{"not_picked":["Replay:Grab Bag","energizedSpire:TabascoSauce","halation:MonkeysPaw"]},{"not_picked":["conspire:SlowCooker","vexMod:TanglingVine","hubris:CrackedHourglass"]}],"items_purged_floors":[45],"is_endless":false,"potions_floor_spawned":[2,3,19,24,35,40,42,48,51],"ascension_level":0}}