{"host":"19tvufa8xx4wr4o1","time":1608828397,"event":{"mods":["AchievementEnabler","BaseMod","Better Sensory Stone","Better Third Choice","Highlight Path","Minty Spire (QoL Compilation)","Relic Stats","StSLib"],"gold_per_floor":[117,135,67,85,96,124,124,155,155,188,204,204,217,290,290,389,389,408,408,418,418,418,418,435,435,514,530,421,448,448,458,458,563,563,578,597,647,321,341,341,355,368,368,385,385,402,402,2,2,2],"floor_reached":51,"playtime":2399,"items_purged":["MasterReality","Writhe"],"score":1041,"play_id":"bf872bc7-c969-4858-bd07-17be7828c2cc","local_time":"20201224104637","is_ascension_mode":true,"campfire_choices":[{"data":"WindmillStrike","floor":7.0,"key":"SMITH"},{"floor":12.0,"key":"REST"},{"data":"EmptyFist","floor":15.0,"key":"SMITH"},{"floor":23.0,"key":"REST"},{"data":"Establishment","floor":30.0,"key":"SMITH"},{"data":"TalkToTheHand","floor":32.0,"key":"SMITH"},{"data":"WaveOfTheHand","floor":40.0,"key":"SMITH"},{"floor":47,"key":"REST"},{"floor":49,"key":"REST"}],"circlet_count":0,"master_deck":["Defend_P","Defend_P","Defend_P","Eruption","Vigilance","WheelKick","CarveReality","WindmillStrike+1","EmptyFist+1","Brilliance","TalkToTheHand+1","Protect","Establishment+1","ThirdEye","WaveOfTheHand+1","Perseverance+1","Crescendo+1","Perseverance+1","MasterReality+1","Perseverance+1","ForeignInfluence+1","MentalFortress+1","Study+1","Adaptation+1","EmptyMind+1"],"relics":["Sozu","Bronze Scales","Singing Bowl","HornCleat","Mummified Hand","Mercury Hourglass","SlaversCollar","Nilry\u0027s Codex","Toxic Egg 2","Strawberry","Ancient Tea Set","Astrolabe","StoneCalendar","Shuriken","Question Card","Incense Burner"],"acts_visited":["Exordium","TheCity","TheBeyond"],"potions_floor_usage":[],"damage_taken":[{"damage":0.0,"enemies":"Cultist","floor":1.0,"turns":2.0},{"damage":0.0,"enemies":"Small Slimes","floor":2.0,"turns":2.0},{"damage":0.0,"enemies":"Jaw Worm","floor":4.0,"turns":5.0},{"damage":0.0,"enemies":"3 Louse","floor":5.0,"turns":2.0},{"damage":14.0,"enemies":"Lagavulin","floor":6.0,"turns":6.0},{"damage":0.0,"enemies":"Gremlin Nob","floor":8.0,"turns":2.0},{"damage":17.0,"enemies":"Lagavulin","floor":10.0,"turns":7.0},{"damage":4.0,"enemies":"Red Slaver","floor":11.0,"turns":3.0},{"damage":0.0,"enemies":"Exordium Wildlife","floor":13.0,"turns":2.0},{"damage":5.0,"enemies":"Hexaghost","floor":16.0,"turns":7.0},{"damage":1.0,"enemies":"3 Byrds","floor":18.0,"turns":3.0},{"damage":15.0,"enemies":"2 Thieves","floor":20.0,"turns":3.0},{"damage":4.0,"enemies":"Snake Plant","floor":24.0,"turns":4.0},{"damage":0.0,"enemies":"Centurion and Healer","floor":27.0,"turns":5.0},{"damage":3.0,"enemies":"Book of Stabbing","floor":29.0,"turns":6.0},{"damage":0.0,"enemies":"Snecko","floor":31.0,"turns":3.0},{"damage":14.0,"enemies":"Collector","floor":33.0,"turns":11.0},{"damage":1.0,"enemies":"Orb Walker","floor":35.0,"turns":3.0},{"damage":1.0,"enemies":"3 Shapes","floor":36.0,"turns":4.0},{"damage":0.0,"enemies":"Mind Bloom Boss Battle","floor":37.0,"turns":6.0},{"damage":0.0,"enemies":"Maw","floor":39.0,"turns":6.0},{"damage":0.0,"enemies":"Spire Growth","floor":41.0,"turns":5.0},{"damage":45.0,"enemies":"Jaw Worm Horde","floor":42.0,"turns":4.0},{"damage":12.0,"enemies":"3 Darklings","floor":44.0,"turns":3.0},{"damage":20,"enemies":"Writhing Mass","floor":46,"turns":6},{"damage":34,"enemies":"Donu and Deca","floor":50,"turns":9}],"seed_played":"-5540655955037650602","potions_obtained":[],"is_trial":false,"path_per_floor":["M","M","$","M","M","E","R","E","T","E","M","R","M","T","R","B",null,"M","?","M","?","?","R","M","?","T","M","?","E","R","M","R","B",null,"M","M","?","$","M","R","M","M","T","M","?","M","R","$","R","B",null],"character_chosen":"WATCHER","items_purchased":["WheelKick","Shuriken","Incense Burner"],"campfire_rested":4,"item_purchase_floors":[3,38,48],"current_hp_per_floor":[65,65,65,65,65,51,51,51,51,34,30,51,53,53,53,48,68,69,69,54,38,38,60,58,52,52,54,61,58,58,58,58,44,76,75,76,76,76,78,78,78,35,35,25,49,29,57,57,85,51],"gold":2,"neow_bonus":"BOSS_RELIC","is_daily":false,"chose_seed":false,"campfire_upgraded":5,"win_rate":0.0,"timestamp":1608828397,"path_taken":["M","?","$","M","M","E","R","E","T","E","M","R","M","?","R","BOSS","M","?","M","?","?","R","?","?","T","?","?","E","R","M","R","BOSS","M","?","?","$","M","R","M","M","T","M","?","M","R","$","R","BOSS"],"items_purchased_type":["Card","Relic","Relic"],"build_version":"2020-12-22","purchased_purges":2,"victory":true,"max_hp_per_floor":[72,72,72,72,72,72,72,72,72,72,72,72,74,74,74,74,74,76,76,76,76,76,76,78,78,78,80,87,87,87,87,87,87,87,87,89,89,89,91,91,91,93,93,95,95,95,95,95,95,95],"relic_stats":{"Sozu":11,"Singing Bowl":16,"counters":[26,119],"Mummified Hand":[64],"Shuriken":[15],"Bronze Scales":[290],"Astrolabe":["MasterReality","Perseverance","ForeignInfluence"],"StoneCalendar":[42],"Question Card":2,"obtain_stats":[{"Singing Bowl":8,"Nilry\u0027s Codex":21,"Astrolabe":34,"StoneCalendar":37,"Incense Burner":48,"Ancient Tea Set":29,"Question Card":43,"Mercury Hourglass":14,"Sozu":0,"SlaversCollar":17,"HornCleat":9,"Mummified Hand":10,"Shuriken":38,"Bronze Scales":6,"Strawberry":28,"PureWater":0,"Toxic Egg 2":26},{"Singing Bowl":6,"Nilry\u0027s Codex":12,"Astrolabe":17,"StoneCalendar":20,"Incense Burner":25,"Ancient Tea Set":15,"Question Card":23,"Mercury Hourglass":9,"Sozu":0,"SlaversCollar":10,"HornCleat":6,"Mummified Hand":7,"Shuriken":20,"Bronze Scales":5,"Strawberry":14,"PureWater":0,"Toxic Egg 2":13},{"Singing Bowl":19,"Nilry\u0027s Codex":44,"Astrolabe":73,"StoneCalendar":86,"Incense Burner":110,"Ancient Tea Set":59,"Question Card":101,"Mercury Hourglass":31,"Sozu":0,"SlaversCollar":38,"HornCleat":19,"Mummified Hand":26,"Shuriken":86,"Bronze Scales":17,"Strawberry":53,"PureWater":0,"Toxic Egg 2":48}],"Mercury Hourglass":[347]},"card_choices":[{"not_picked":["ClearTheMind","FollowUp","Crescendo"],"picked":"SKIP","floor":1.0},{"not_picked":["Sanctity","JustLucky","SashWhip"],"picked":"SKIP","floor":2.0},{"not_picked":["Conclude","FlyingSleeves"],"picked":"CarveReality","floor":4.0},{"not_picked":["ClearTheMind","Indignation"],"picked":"WindmillStrike","floor":5.0},{"not_picked":["WreathOfFlame","ClearTheMind"],"picked":"EmptyFist","floor":6.0},{"not_picked":["CrushJoints","FlurryOfBlows"],"picked":"Brilliance","floor":8.0},{"not_picked":["JustLucky","EmptyFist"],"picked":"TalkToTheHand","floor":10.0},{"not_picked":["JustLucky","SashWhip"],"picked":"Protect","floor":11.0},{"not_picked":["EmptyFist","FlurryOfBlows","FollowUp"],"picked":"Singing Bowl","floor":13.0},{"not_picked":["MasterReality","Vault"],"picked":"Establishment","floor":16.0},{"not_picked":["FlurryOfBlows","Pray","Halt"],"picked":"Singing Bowl","floor":18.0},{"not_picked":["TalkToTheHand","Adaptation"],"picked":"Perseverance","floor":20.0},{"not_picked":["ClearTheMind","EmptyBody","FlyingSleeves"],"picked":"Singing Bowl","floor":24.0},{"not_picked":["Prostrate+1","FlurryOfBlows+1","CarveReality"],"picked":"Singing Bowl","floor":27.0},{"not_picked":["PathToVictory+1","FollowUp"],"picked":"Crescendo+1","floor":29.0},{"not_picked":["LikeWater","ThirdEye+1"],"picked":"Perseverance+1","floor":31.0},{"not_picked":["Alpha+1","ConjureBlade+1"],"picked":"MasterReality","floor":33.0},{"not_picked":["Evaluate+1","CrushJoints"],"picked":"MentalFortress+1","floor":35.0},{"not_picked":["SignatureMove","Prostrate+1","ForeignInfluence+1"],"picked":"Singing Bowl","floor":36.0},{"not_picked":["CrushJoints+1","Protect+1"],"picked":"Study+1","floor":37.0},{"not_picked":["Crescendo+1","JustLucky+1","SashWhip"],"picked":"Singing Bowl","floor":39.0},{"not_picked":["ForeignInfluence+1","FollowUp"],"picked":"Adaptation+1","floor":41.0},{"not_picked":["CarveReality+1","EmptyFist","Evaluate+1"],"picked":"Singing Bowl","floor":42.0},{"not_picked":["Swivel+1","WreathOfFlame+1","Alpha+1","JustLucky+1"],"picked":"Singing Bowl","floor":44.0},{"not_picked":["BowlingBash+1","FlurryOfBlows","Evaluate+1"],"picked":"EmptyMind+1","floor":46}],"player_experience":522419,"relics_obtained":[{"floor":6.0,"key":"Bronze Scales"},{"floor":8.0,"key":"Singing Bowl"},{"floor":9.0,"key":"HornCleat"},{"floor":10.0,"key":"Mummified Hand"},{"floor":14.0,"key":"Mercury Hourglass"},{"floor":21.0,"key":"Nilry\u0027s Codex"},{"floor":26.0,"key":"Toxic Egg 2"},{"floor":29.0,"key":"Ancient Tea Set"},{"floor":37.0,"key":"StoneCalendar"},{"floor":43.0,"key":"Question Card"}],"event_choices":[{"damage_healed":0.0,"max_hp_gain":0.0,"max_hp_loss":0.0,"gold_gain":0.0,"cards_transformed":["Strike_P","Strike_P"],"event_name":"Drug Dealer","player_choice":"Became Test Subject","floor":19.0,"gold_loss":0.0,"damage_taken":0.0,"cards_obtained":["ThirdEye","WaveOfTheHand"]},{"damage_healed":0.0,"max_hp_gain":0.0,"max_hp_loss":0.0,"gold_gain":0.0,"event_name":"Cursed Tome","player_choice":"Obtained Book","floor":21.0,"gold_loss":0.0,"damage_taken":16.0},{"damage_healed":0.0,"max_hp_gain":0.0,"max_hp_loss":0.0,"gold_gain":0.0,"event_name":"Upgrade Shrine","player_choice":"Upgraded","floor":22.0,"gold_loss":0.0,"damage_taken":0.0,"cards_upgraded":["Perseverance"]},{"damage_healed":0.0,"max_hp_gain":0.0,"max_hp_loss":0.0,"gold_gain":0.0,"event_name":"Knowing Skull","player_choice":"","floor":25.0,"potions_obtained":[],"gold_loss":0.0,"damage_taken":6.0,"cards_obtained":[]},{"damage_healed":0.0,"max_hp_gain":0.0,"max_hp_loss":0.0,"gold_gain":0.0,"event_name":"WeMeetAgain","player_choice":"Paid Gold","floor":28.0,"gold_loss":109.0,"damage_taken":0.0,"relics_obtained":["Strawberry"]},{"damage_healed":0.0,"max_hp_gain":0.0,"max_hp_loss":0.0,"gold_gain":0.0,"event_name":"MindBloom","player_choice":"Fight","floor":37.0,"gold_loss":0.0,"damage_taken":0.0},{"damage_healed":24.0,"max_hp_gain":0.0,"max_hp_loss":0.0,"gold_gain":0.0,"event_name":"Winding Halls","player_choice":"Writhe","floor":45.0,"gold_loss":0.0,"damage_taken":0.0,"cards_obtained":["Writhe"]}],"is_beta":false,"boss_relics":[{"not_picked":["Fusion Hammer","Ectoplasm"],"picked":"SlaversCollar"},{"not_picked":["Philosopher\u0027s Stone","Calling Bell"],"picked":"Astrolabe"}],"items_purged_floors":[38,48],"is_endless":false,"potions_floor_spawned":[1,5,6,13,16,24,27,33,36,41,46],"ascension_level":9}}