{"host":"x039aayur7qovk2d","time":1608791837,"event":{"mods":["AchievementEnabler","BaseMod","Block Reminder","Colored Map","Colored Powertips","DeckTracker","Googly Eyes","Highlight Path","Minty Spire (QoL Compilation)","Permanent Neow","Quick Restart","Rare Cards Sparkle","Relic Sorter","Relic Stats"],"gold_per_floor":[214,232,248,198,198,198,198],"floor_reached":6,"playtime":426,"items_purged":[],"score":36,"play_id":"dfb6c96a-3f96-4d41-8aff-a77c1349e7e8","local_time":"20201223223717","is_ascension_mode":false,"campfire_choices":[],"circlet_count":0,"master_deck":["Strike_B","Strike_B","Strike_B","Strike_B","Defend_B","Defend_B","Defend_B","Zap","Dualcast","Turbo","Stack","Stack","Regret"],"relics":["Cracked Core","Darkstone Periapt"],"acts_visited":["Exordium"],"potions_floor_usage":[],"damage_taken":[{"damage":0.0,"enemies":"2 Louse","floor":1.0,"turns":2.0},{"damage":0.0,"enemies":"Small Slimes","floor":2.0,"turns":2.0},{"damage":9.0,"enemies":"Jaw Worm","floor":3.0,"turns":4.0},{"damage":82,"enemies":"Gremlin Nob","floor":6,"turns":5}],"seed_played":"8026167695697584159","potions_obtained":[{"floor":1.0,"key":"Weak Potion"},{"floor":2.0,"key":"FocusPotion"}],"is_trial":false,"path_per_floor":["M","M","M","?","?","E"],"character_chosen":"DEFECT","items_purchased":[],"campfire_rested":0,"item_purchase_floors":[],"current_hp_per_floor":[75,75,66,66,72,0,0],"gold":198,"neow_bonus":"HUNDRED_GOLD","is_daily":false,"chose_seed":false,"campfire_upgraded":0,"win_rate":0.0,"timestamp":1608791837,"path_taken":["M","M","M","?","?","E"],"items_purchased_type":[],"build_version":"2020-12-22","purchased_purges":0,"victory":false,"max_hp_per_floor":[75,75,75,75,81,81,81],"relic_stats":{"Darkstone Periapt":6,"counters":[4,13],"obtain_stats":[{"Darkstone Periapt":5,"Cracked Core":0},{"Darkstone Periapt":3,"Cracked Core":0},{"Darkstone Periapt":8,"Cracked Core":0}]},"card_choices":[{"not_picked":["Scrape","Blizzard"],"picked":"Turbo","floor":1.0},{"not_picked":["Turbo","Heatsinks"],"picked":"Stack","floor":2.0},{"not_picked":["Barrage","Rebound"],"picked":"Stack","floor":3}],"player_experience":72422,"relics_obtained":[],"event_choices":[{"cards_removed":["Defend_B"],"damage_healed":0,"gold_gain":0,"player_choice":"Card Removal","damage_taken":0,"max_hp_gain":0,"max_hp_loss":0,"event_name":"The Cleric","floor":4,"gold_loss":50},{"damage_healed":0,"gold_gain":0,"player_choice":"Box","damage_taken":0,"relics_obtained":["Darkstone Periapt"],"max_hp_gain":0,"max_hp_loss":0,"event_name":"Big Fish","floor":5,"gold_loss":0,"cards_obtained":["Regret"]}],"is_beta":false,"boss_relics":[],"items_purged_floors":[],"is_endless":false,"potions_floor_spawned":[1,2],"killed_by":"Gremlin Nob","ascension_level":0}}