{"host":"h8l1uc7c2i19r904","time":1608775760,"event":{"mods":["AchievementEnabler","BaseMod","Colored Map","Colored Powertips","Downfall","Minty Spire (QoL Compilation)","Quick Restart","Replay The Spire","StSLib","SuperFastMode"],"gold_per_floor":[114,189,201,201,201,201,229,229,229,263,263,281,295,311,311,408,408,428,428,73,90,100,130,55,102,128,128,77,93,93,123,123,123,123],"floor_reached":33,"playtime":2501,"items_purged":["Spreading Infection"],"score":293,"play_id":"729bc344-8024-4a4b-a5eb-fe13bec2b2c2","local_time":"20201223180920","is_ascension_mode":false,"campfire_choices":[{"floor":6,"key":"RECALL"},{"data":"Eruption","floor":8,"key":"SMITH"},{"data":"Wallop","floor":11,"key":"SMITH"},{"data":"DeusExMachina","floor":15,"key":"SMITH"},{"data":"CarveReality","floor":27,"key":"SMITH"},{"data":"Blasphemy","floor":30,"key":"SMITH"}],"circlet_count":0,"master_deck":["Strike_P","Strike_P","Strike_P","Strike_P","Defend_P","Defend_P+1","Defend_P","Defend_P+1","Eruption+1","Vigilance","Worship","Replay:SS_forest_6","Wallop","Wallop+1","Replay:BluntJabs","WheelKick","DeusExMachina+1","Alpha+1","CurseOfTheBell","Blasphemy+1","Halt","CarveReality+1","Prostrate","Fasting2","Fasting2","InnerPeace+1","ForeignInfluence"],"relics":["PureWater","PreservedInsect","Toy Ornithopter","Kunai","Calling Bell","Replay:Mystery Machine","Replay:WaspNest","Torii","Ring of Misfortune","Ring of Hypnosis","Shuriken","ReplayTheSpireMod:CursedCoin","Blood Vial","Matryoshka","Bronze Scales","Replay:Baseball","War Paint","Art of War","Happy Flower"],"acts_visited":["Exordium","TheCity"],"potions_floor_usage":[10,14,21,22,31,33,33],"damage_taken":[{"damage":0,"enemies":"Small Slimes","floor":1,"turns":3},{"damage":1,"enemies":"Jaw Worm","floor":3,"turns":3},{"damage":10,"enemies":"Gremlin Nob","floor":7,"turns":3},{"damage":9,"enemies":"3 Sentries","floor":10,"turns":4},{"damage":5,"enemies":"2 Louse","floor":12,"turns":3},{"damage":11,"enemies":"Exordium Thugs","floor":13,"turns":5},{"damage":0,"enemies":"Lots of Slimes","floor":14,"turns":4},{"damage":11,"enemies":"Slime Boss","floor":16,"turns":8},{"damage":0,"enemies":"Spheric Guardian","floor":18,"turns":1},{"damage":15,"enemies":"2 Thieves","floor":21,"turns":4},{"damage":12,"enemies":"Sentry and Sphere","floor":22,"turns":5},{"damage":1,"enemies":"Gremlin Leader","floor":23,"turns":5},{"damage":9,"enemies":"Centurion and Healer","floor":29,"turns":5},{"damage":28,"enemies":"Slavers","floor":31,"turns":5},{"damage":60,"enemies":"Automaton","floor":33,"turns":6}],"seed_played":"-6954893423897461683","potions_obtained":[{"floor":7,"key":"DuplicationPotion"},{"floor":13,"key":"sneckomod:MuddlingPotion"},{"floor":16,"key":"StancePotion"},{"floor":21,"key":"Energy Potion"},{"floor":22,"key":"Swift Potion"},{"floor":29,"key":"sneckomod:MuddlingPotion"},{"floor":31,"key":"DuplicationPotion"}],"is_trial":false,"path_per_floor":["M","?","M","?","?","R","E","R","T","E","R","M","M","M","R","B",null,"M","?","$","M","M","E","?","T","T","R","$","M","R","E","R_BF","B"],"character_chosen":"WATCHER","items_purchased":["Shuriken","Halt","ReplayTheSpireMod:CursedCoin","Blood Vial","Fasting2"],"campfire_rested":0,"item_purchase_floors":[20,20,20,20,28],"current_hp_per_floor":[72,61,60,60,60,60,58,58,58,54,54,49,38,43,43,32,72,72,72,72,58,60,69,69,69,69,69,69,62,62,41,41,0,0],"gold":123,"neow_bonus":"RANDOM_COMMON_RELIC","is_daily":false,"chose_seed":false,"campfire_upgraded":5,"win_rate":0.0,"timestamp":1608775760,"path_taken":["M","?","M","?","?","R","E","R","T","E","R","M","?","?","R","BOSS","M","?","$","M","M","E","?","?","T","R","$","M","R","E","R_BF","BOSS"],"items_purchased_type":["Relic","Card","Relic","Relic","Card"],"build_version":"2020-12-22","purchased_purges":1,"victory":false,"max_hp_per_floor":[72,72,72,72,72,72,72,72,72,72,72,72,72,72,72,72,72,72,72,72,72,72,72,72,72,72,72,72,72,72,72,72,72,72],"card_choices":[{"not_picked":["Replay:AtTheReady","Study","CrushJoints"],"picked":"SKIP","floor":1},{"not_picked":["ClearTheMind","FlyingSleeves"],"picked":"Worship","floor":3},{"not_picked":["ForeignInfluence","ClearTheMind"],"picked":"Wallop","floor":7},{"not_picked":["Meditate","WaveOfTheHand"],"picked":"Replay:BluntJabs","floor":10},{"not_picked":["JustLucky","EmptyBody","Meditate"],"picked":"SKIP","floor":12},{"not_picked":["FlyingSleeves","Fasting2"],"picked":"WheelKick","floor":13},{"not_picked":["Replay:Cycle","Replay:Hum"],"picked":"DeusExMachina","floor":14},{"not_picked":["Establishment","LessonLearned"],"picked":"Alpha","floor":16},{"not_picked":["FollowUp","Replay:Anticipation"],"picked":"Blasphemy","floor":18},{"not_picked":["Collect","Replay:BluntJabs+1"],"picked":"CarveReality","floor":21},{"not_picked":["Halt","EmptyMind","Replay:AtTheReady"],"picked":"SKIP","floor":22},{"not_picked":["EmptyFist","WreathOfFlame"],"picked":"Prostrate","floor":23},{"not_picked":["SashWhip","Conclude+1"],"picked":"InnerPeace+1","floor":29},{"not_picked":["Collect","SashWhip"],"picked":"ForeignInfluence","floor":31}],"player_experience":128928,"relics_obtained":[{"floor":7,"key":"Toy Ornithopter"},{"floor":10,"key":"Kunai"},{"floor":17,"key":"Replay:Mystery Machine"},{"floor":17,"key":"Replay:WaspNest"},{"floor":17,"key":"Torii"},{"floor":19,"key":"Ring of Misfortune"},{"floor":19,"key":"Ring of Hypnosis"},{"floor":23,"key":"Matryoshka"},{"floor":25,"key":"Bronze Scales"},{"floor":25,"key":"Replay:Baseball"},{"floor":26,"key":"War Paint"},{"floor":26,"key":"Art of War"},{"floor":31,"key":"Happy Flower"}],"event_choices":[{"damage_healed":0,"gold_gain":75,"player_choice":"Gather Gold","damage_taken":11,"max_hp_gain":0,"max_hp_loss":0,"event_name":"World of Goop","floor":2,"gold_loss":0},{"damage_healed":0,"gold_gain":0,"player_choice":"2 cards matched","damage_taken":0,"max_hp_gain":0,"max_hp_loss":0,"event_name":"Match and Keep!","floor":5,"gold_loss":0,"cards_obtained":["Replay:SS_forest_6","Wallop"]},{"damage_healed":0,"gold_gain":0,"player_choice":"2 cards matched","damage_taken":0,"max_hp_gain":0,"max_hp_loss":0,"event_name":"Match and Keep!","floor":5,"gold_loss":0,"cards_obtained":["Replay:SS_forest_6","Wallop"]},{"cards_removed":["hexamod:Haunted"],"damage_healed":0,"gold_gain":0,"player_choice":"Gave Gold","damage_taken":0,"max_hp_gain":0,"max_hp_loss":0,"event_name":"Beggar","floor":24,"gold_loss":75}],"is_beta":false,"boss_relics":[{"not_picked":["Sozu","Runic Pyramid"],"picked":"Calling Bell"}],"items_purged_floors":[20],"is_endless":false,"potions_floor_spawned":[7,13,16,21,22,29,31],"killed_by":"Automaton","ascension_level":0}}