{"host":"ds28d883r3sz42zs","time":1608847890,"event":{"mods":["2.2 Compatiblity","AchievementEnabler","Act Like it!","Aspiration","BaseMod","Bestiary","Better Match","Better Sensory Stone","Better Third Choice","Better-Laid Plans","BetterRewards","Block Reminder","Challenge The Spire","Clawfect","Colored Map","Colored Powertips","Conspire","DeckTracker","Defuse TimeMaze Blight","Disable Question Mark Monsters","Displayed Cursed Tome","Emptier Cage","GifTheSpireLib","Gold Saver","Hallownest","Hubris","Infinite Spire","Minty Spire (QoL Compilation)","Permanent Neow","Practice Mode","Quick Restart","Random Character Button","Rare Cards Sparkle","Relic Filter","Relic Sorter","Relic Stats","Replay The Spire","SacredBarkPlus","Shop Mod","StSLib","Stuff the Spire","SuperFastMode","The Bug Knight","The Jungle","Uncapped","Unknown Chances"],"gold_per_floor":[116,116,131,0,0,0,27,27,27,41,41,54,82,95,95,172,172,186,196,206,219,229,349,363,467,549,560,560,577,577,589,589,589],"floor_reached":32,"playtime":1208,"items_purged":["Strike_G"],"score":609,"play_id":"ef9d8c02-a15d-410f-b93c-51ed7e101fae","local_time":"20201224171130","is_ascension_mode":true,"campfire_choices":[{"data":"Neutralize","floor":6,"key":"SMITH"},{"data":"Blade Dance","floor":8,"key":"SMITH"},{"data":"ReplayTheSpireMod:Shiv Toss","floor":15,"key":"SMITH"},{"floor":28,"key":"REST"}],"circlet_count":0,"master_deck":["AscendersBane","Strike_G","Strike_G","Strike_G","Strike_G","Defend_G","Defend_G","Defend_G","Defend_G","Survivor+1","Neutralize+1","Flying Knee","Blade Dance+1","Leg Sweep","Blade Dance+1","ReplayTheSpireMod:Shiv Toss+1","Blade Dance","Corpse Explosion","Deflect+1","Acrobatics","Acrobatics","Endless Agony+1","Envenom"],"relics":["Ring of the Snake","Anchor","StuffTheSpire:Nightcore","Byrd Skull","StuffTheSpire:Gunfinga","StuffTheSpire:TintedRock","Painkiller Herb","StuffTheSpire:Mouthbags","Lantern","Replay:Accelerometer"],"acts_visited":["Exordium","TheCity"],"potions_floor_usage":[16,22,23,25],"damage_taken":[{"damage":0,"enemies":"Cultist","floor":1,"turns":5},{"damage":0,"enemies":"Jaw Worm","floor":3,"turns":4},{"damage":12,"enemies":"3 Sentries","floor":7,"turns":8},{"damage":0,"enemies":"Small Slimes","floor":10,"turns":1},{"damage":0,"enemies":"Looter","floor":12,"turns":2},{"damage":0,"enemies":"Replay:BlueRogue","floor":13,"turns":7},{"damage":1,"enemies":"3 Louse","floor":14,"turns":2},{"damage":29,"enemies":"Fading Forest","floor":16,"turns":11},{"damage":15,"enemies":"3 Byrds","floor":18,"turns":4},{"damage":0,"enemies":"Chosen","floor":19,"turns":2},{"damage":6,"enemies":"conspire:HollyBat","floor":20,"turns":8},{"damage":5,"enemies":"Snake Plant","floor":21,"turns":5},{"damage":2,"enemies":"Sentry and Sphere","floor":22,"turns":3},{"damage":13,"enemies":"conspire:SneckoGhost","floor":23,"turns":7},{"damage":0,"enemies":"Cultist and Chosen","floor":24,"turns":3},{"damage":0,"enemies":"Slavers","floor":25,"turns":4},{"damage":17,"enemies":"Shelled Parasite and Fungi","floor":27,"turns":6},{"damage":4,"enemies":"Snake Plant","floor":29,"turns":4},{"damage":5,"enemies":"conspire:HollyBat","floor":31,"turns":6}],"seed_played":"-2273894276625916757","potions_obtained":[{"floor":10,"key":"PowerPotion"},{"floor":13,"key":"Cursed Concoction"},{"floor":14,"key":"Adrenaline Potion"},{"floor":21,"key":"Regen Potion"},{"floor":22,"key":"Swift Potion"},{"floor":25,"key":"Swift Potion"},{"floor":27,"key":"FearPotion"}],"is_trial":false,"path_per_floor":["M","?","M","$","?","R","E","R","T","M","?","M","E","M","R","B",null,"?","?","?","?","?","E","?","E","T","?","T","?","?","?","T"],"character_chosen":"THE_SILENT","items_purchased":["Endless Agony+1"],"campfire_rested":1,"item_purchase_floors":[4],"current_hp_per_floor":[59,59,59,59,59,59,47,47,47,47,27,27,27,26,26,5,51,36,36,30,25,32,19,19,19,19,2,21,17,17,12,0,0],"gold":589,"neow_bonus":"RANDOM_COMMON_RELIC","is_daily":false,"chose_seed":false,"campfire_upgraded":3,"win_rate":0.0,"timestamp":1608847890,"path_taken":["M","?","M","?","?","R","E","R","T","M","?","M","E","M","R","BOSS","?","?","?","?","?","E","?","E","T","?","T","?","?","?","T"],"items_purchased_type":["Card"],"build_version":"2020-12-22","purchased_purges":1,"victory":false,"max_hp_per_floor":[66,66,66,66,66,66,66,66,66,66,66,66,66,66,66,66,66,66,66,66,66,66,66,66,66,66,66,66,66,66,66,66,66],"relic_stats":{"counters":[19,90],"obtain_stats":[{"StuffTheSpire:TintedRock":13,"Replay:Accelerometer":26,"Anchor":0,"StuffTheSpire:Gunfinga":9,"Lantern":25,"StuffTheSpire:Mouthbags":23,"Painkiller Herb":17,"StuffTheSpire:Nightcore":5,"Byrd Skull":7,"Ring of the Snake":0},{"StuffTheSpire:TintedRock":6,"Replay:Accelerometer":16,"Anchor":0,"StuffTheSpire:Gunfinga":3,"Lantern":16,"StuffTheSpire:Mouthbags":14,"Painkiller Herb":8,"StuffTheSpire:Nightcore":2,"Byrd Skull":3,"Ring of the Snake":0},{"StuffTheSpire:TintedRock":26,"Replay:Accelerometer":74,"Anchor":0,"StuffTheSpire:Gunfinga":17,"Lantern":74,"StuffTheSpire:Mouthbags":67,"Painkiller Herb":39,"StuffTheSpire:Nightcore":9,"Byrd Skull":17,"Ring of the Snake":0}],"Ring of the Snake":[40]},"card_choices":[{"not_picked":["Leg Sweep","Acrobatics"],"picked":"Flying Knee","floor":1},{"not_picked":["PiercingWail","Skewer"],"picked":"Blade Dance","floor":3},{"not_picked":["StuffTheSpire:BumpUp","Acrobatics"],"picked":"Leg Sweep","floor":7},{"not_picked":["Prepared","Dagger Spray"],"picked":"Blade Dance","floor":10},{"not_picked":["Setup","Bane","hubris:SlightOfHand"],"picked":"SKIP","floor":12},{"not_picked":["Atom Bomb","StuffTheSpire:Injection"],"picked":"ReplayTheSpireMod:Shiv Toss","floor":13},{"not_picked":["Deadly Poison","Prepared"],"picked":"Blade Dance","floor":14},{"not_picked":["Atom Bomb","Grand Finale"],"picked":"Corpse Explosion","floor":16},{"not_picked":["ReplayTheSpireMod:Shiv Toss","Prepared+1","StuffTheSpire:ClusterCrunch"],"picked":"SKIP","floor":18},{"not_picked":["StuffTheSpire:BumpUp","Bane"],"picked":"Deflect+1","floor":19},{"not_picked":["Bane","Underhanded Strike"],"picked":"Acrobatics","floor":20},{"not_picked":["Cloak And Dagger","Outmaneuver"],"picked":"Acrobatics","floor":21},{"not_picked":["hubris:SlightOfHand","Cloak And Dagger","Underhanded Strike"],"picked":"SKIP","floor":22},{"not_picked":["Deflect","hubris:SlightOfHand","Acrobatics"],"picked":"SKIP","floor":23},{"not_picked":["Heel Hook","StuffTheSpire:Python"],"picked":"Envenom","floor":24},{"not_picked":["Outmaneuver","StuffTheSpire:Incursion","hubris:SlightOfHand"],"picked":"SKIP","floor":25},{"not_picked":["Dagger Throw","StuffTheSpire:ClusterCrunch","Choke"],"picked":"SKIP","floor":27},{"not_picked":["StuffTheSpire:Fury","Slice","Cloak And Dagger"],"picked":"SKIP","floor":29},{"not_picked":["Replay:Bag of Tricks","Eviscerate","Sucker Punch"],"picked":"SKIP","floor":31}],"player_experience":754558,"relics_obtained":[{"floor":5,"key":"StuffTheSpire:Nightcore"},{"floor":7,"key":"Byrd Skull"},{"floor":9,"key":"StuffTheSpire:Gunfinga"},{"floor":13,"key":"StuffTheSpire:TintedRock"},{"floor":23,"key":"StuffTheSpire:Mouthbags"},{"floor":25,"key":"Lantern"},{"floor":26,"key":"Replay:Accelerometer"}],"event_choices":[{"cards_removed":["Defend_G"],"damage_healed":0,"gold_gain":0,"player_choice":"Purged","damage_taken":0,"max_hp_gain":0,"max_hp_loss":0,"event_name":"Purifier","floor":2,"gold_loss":0},{"damage_healed":47,"gold_gain":0,"player_choice":"Upgrade","damage_taken":20,"max_hp_gain":0,"max_hp_loss":66,"event_name":"betterThird:BetterShining","floor":11,"gold_loss":0,"cards_upgraded":["Survivor","Blade Dance"]}],"is_beta":false,"boss_relics":[{"not_picked":["SlaversCollar","Fusion Hammer"],"picked":"Painkiller Herb"}],"items_purged_floors":[4],"is_endless":false,"potions_floor_spawned":[10,13,14,21,22,25,27],"ascension_level":15}}