{"host":"baymyijz6sxaqj5s","time":1608801520,"event":{"mods":["AchievementEnabler","BaseMod","Colored Map","Colored Powertips","DeckTracker","KOR Keyword Fix","Keyboard Shortcuts","Minty Spire (QoL Compilation)","Quick Restart","StSLib","SuperFastMode"],"gold_per_floor":[109,125,137,137,152,152,170,227,252,252,252],"floor_reached":10,"playtime":305,"items_purged":[],"score":63,"play_id":"1b5edfc4-80cc-47cb-893d-b2e22bab97b8","local_time":"20201224181840","is_ascension_mode":true,"campfire_choices":[{"data":"Seeing Red","floor":6,"key":"SMITH"}],"circlet_count":0,"master_deck":["Strike_R","Strike_R","Strike_R","Strike_R","Strike_R","Defend_R","Defend_R","Defend_R","Defend_R","Bash","Seeing Red+1","Thunderclap","Limit Break","Ghostly Armor","Sword Boomerang"],"relics":["Burning Blood","Potion Belt","Juzu Bracelet"],"acts_visited":["Exordium"],"potions_floor_usage":[3,7,8],"damage_taken":[{"damage":5,"enemies":"Small Slimes","floor":1,"turns":4},{"damage":2,"enemies":"2 Louse","floor":2,"turns":3},{"damage":6,"enemies":"Jaw Worm","floor":3,"turns":4},{"damage":13,"enemies":"Blue Slaver","floor":5,"turns":6},{"damage":5,"enemies":"Looter","floor":7,"turns":3},{"damage":46,"enemies":"Lagavulin Event","floor":8,"turns":6},{"damage":56,"enemies":"Lagavulin","floor":10,"turns":8}],"seed_played":"7643301659893912433","potions_obtained":[{"floor":2,"key":"SteroidPotion"},{"floor":3,"key":"AttackPotion"},{"floor":7,"key":"Strength Potion"}],"is_trial":false,"path_per_floor":["M","M","M","$","M","R","M","?","T","E"],"character_chosen":"IRONCLAD","items_purchased":[],"campfire_rested":0,"item_purchase_floors":[],"current_hp_per_floor":[88,88,88,88,81,81,82,42,42,0,0],"gold":252,"neow_bonus":"TEN_PERCENT_HP_BONUS","is_daily":false,"chose_seed":false,"campfire_upgraded":1,"win_rate":0.0,"timestamp":1608801520,"path_taken":["M","M","M","$","M","R","M","?","T","E"],"items_purchased_type":[],"build_version":"2020-12-22","purchased_purges":0,"victory":false,"max_hp_per_floor":[88,88,88,88,88,88,88,88,88,88,88],"card_choices":[{"not_picked":["Iron Wave","Rage"],"picked":"Seeing Red","floor":1},{"not_picked":["Seeing Red","Pommel Strike"],"picked":"Thunderclap","floor":2},{"not_picked":["Iron Wave","Anger"],"picked":"Limit Break","floor":3},{"not_picked":["Warcry","Cleave","Bloodletting"],"picked":"SKIP","floor":5},{"not_picked":["Warcry","Blood for Blood"],"picked":"Ghostly Armor","floor":7},{"not_picked":["Twin Strike","Rampage"],"picked":"Sword Boomerang","floor":8}],"player_experience":219203,"relics_obtained":[{"floor":8,"key":"Potion Belt"},{"floor":9,"key":"Juzu Bracelet"}],"event_choices":[{"damage_healed":0,"gold_gain":0,"player_choice":"Searched \u00272\u0027 times","damage_taken":0,"max_hp_gain":0,"max_hp_loss":0,"event_name":"Dead Adventurer","floor":8,"gold_loss":0}],"is_beta":false,"boss_relics":[],"items_purged_floors":[],"is_endless":false,"potions_floor_spawned":[2,3,7],"killed_by":"Lagavulin","ascension_level":1}}