{"host":"52jmisti11ysmja4","time":1608829963,"event":{"mods":["Aspiration","BaseMod","Better Third Choice","Hermit","Koishi","Minty Spire (QoL Compilation)","Remove Card Discount Mod","Shade Mod","StSLib","The Cursed","The Servant 0.9.4","The Vixen"],"gold_per_floor":[215,290,226,226,242,271,271,285,285,313,327,327,327],"floor_reached":12,"playtime":533,"items_purged":["Defend_R","Defend_R","Strike_R","Strike_R","Strike_R","Strike_R","Strike_R"],"score":176,"play_id":"3fbabba4-2833-42b0-a394-c7a4696c5022","local_time":"20201224091243","is_ascension_mode":true,"campfire_choices":[{"data":"Flex","floor":7,"key":"SMITH"}],"circlet_count":0,"master_deck":["AscendersBane","Defend_R","Defend_R+1","Bash","Rampage+1","Flex+1","Armaments+1","Bloodletting","Twin Strike","Berserk","Cleave+1"],"relics":["Burning Blood","Singing Bowl","Molten Egg 2","War Paint"],"acts_visited":["Exordium"],"potions_floor_usage":[10,11],"damage_taken":[{"damage":4,"enemies":"2 Louse","floor":1,"turns":3},{"damage":0,"enemies":"Small Slimes","floor":5,"turns":2},{"damage":7,"enemies":"Gremlin Nob","floor":6,"turns":3},{"damage":1,"enemies":"Cultist","floor":8,"turns":4},{"damage":30,"enemies":"Lagavulin","floor":10,"turns":4},{"damage":21,"enemies":"Large Slime","floor":11,"turns":4},{"damage":4,"enemies":"Gremlin Nob","floor":12,"turns":3}],"seed_played":"-1716916869811179069","potions_obtained":[{"floor":1,"key":"DistilledChaos"},{"floor":10,"key":"BloodPotion"}],"is_trial":false,"path_per_floor":["M","?","$","?","M","E","R","M","T","E","M","E"],"character_chosen":"IRONCLAD","items_purchased":["Flex"],"campfire_rested":0,"item_purchase_floors":[3],"current_hp_per_floor":[70,59,59,59,65,64,64,69,69,45,45,41,41],"gold":327,"neow_bonus":"HUNDRED_GOLD","is_daily":false,"chose_seed":false,"campfire_upgraded":1,"win_rate":0.0,"timestamp":1608829963,"path_taken":["M","?","$","?","M","E","R","?","T","E","M","E"],"items_purchased_type":["Card"],"build_version":"2020-12-22","purchased_purges":7,"victory":false,"max_hp_per_floor":[75,75,75,75,75,75,75,75,75,75,75,75,75],"card_choices":[{"not_picked":["Feel No Pain","Armaments"],"picked":"Rampage","floor":1},{"not_picked":["True Grit","Second Wind"],"picked":"Armaments","floor":5},{"not_picked":["Headbutt","Blood for Blood"],"picked":"Bloodletting","floor":6},{"not_picked":["Havoc","Shrug It Off"],"picked":"Twin Strike","floor":8},{"not_picked":["Shockwave","Warcry"],"picked":"Berserk","floor":10},{"not_picked":["Shrug It Off","Warcry"],"picked":"Cleave+1","floor":11}],"player_experience":606424,"relics_obtained":[{"floor":6,"key":"Singing Bowl"},{"floor":9,"key":"Molten Egg 2"},{"floor":10,"key":"War Paint"}],"event_choices":[{"damage_healed":0,"gold_gain":75,"player_choice":"Gold","damage_taken":11,"max_hp_gain":0,"max_hp_loss":0,"event_name":"betterThird:BetterGoop","floor":2,"gold_loss":0},{"damage_healed":0,"gold_gain":0,"player_choice":"Upgraded","damage_taken":0,"max_hp_gain":0,"max_hp_loss":0,"event_name":"Upgrade Shrine","floor":4,"gold_loss":0,"cards_upgraded":["Rampage"]}],"is_beta":false,"boss_relics":[],"items_purged_floors":[3,3,3,3,3,3,3],"is_endless":false,"potions_floor_spawned":[1,10],"killed_by":"Gremlin Nob","ascension_level":20}}