{"host":"580ga1x1z8x1b2ni","time":1608815531,"event":{"mods":["Act Like it!","BaseMod","BetterRewards","Hallownest","Hubris","Minty Spire (QoL Compilation)","Replay The Spire","StSLib","Waifu the Spire","[IsaacMod]ÒÔÈö¼âËþ","vexMod"],"gold_per_floor":[112,112,123,123,123,148,148,148,199,72,72,72,105,118,128,128,145,145,156,143,203,215,277,341,385,397,421,461,473,582,594,623,635,647,673,712,782,816,703,715,763,813,825,737,612,612,723,723,745,745,745,745,764,794,794,794,869,869,901,936,975,975,975,1082,1082,1108,1083,808,829,829,829,829,847,890,904,927,927,948,980,980,1089,1089,1106,852,907,928,773,812,812,832,864,880,880,899,909,824,824,931,931,949,949,1001,1020,945,996,1014,1036,1071,1085,1104,1131,1151,1189,1189,1305,1305,1318,1238,1238,1238],"floor_reached":105,"playtime":3646,"items_purged":["Havoc","Shrug It Off","Shrug It Off"],"score":4231,"play_id":"e8bd7ca0-e572-48af-8581-47ff75d43c19","local_time":"20201224211211","daily_mods":["SealedDeck","Vintage","Colorless Cards","Heirloom","Time Dilation","Flight","Elite Swarm","Lethality","Binary"],"is_ascension_mode":true,"campfire_choices":[{"data":"Finesse","floor":7.0,"key":"SMITH"},{"data":"Searing Blow+2","floor":12.0,"key":"SMITH"},{"data":"Havoc","floor":15.0,"key":"SMITH"},{"data":"Searing Blow+4","floor":15.0,"key":"SMITH"},{"data":"Disarm","floor":29.0,"key":"PURGE"},{"data":"Heavy Blade","floor":41.0,"key":"SMITH"},{"floor":49.0,"key":"DIG"},{"data":"Berserk","floor":57.0,"key":"SMITH"},{"floor":66.0,"key":"DIG"},{"data":"Searing Blow+7","floor":75.0,"key":"SMITH"},{"floor":79.0,"key":"DIG"},{"data":"Hallownest:skillKingdomsEdgeMap","floor":83.0,"key":"SMITH"}],"circlet_count":0,"master_deck":["Searing Blow+9","ReplayReversal+1","Finesse+1","Heavy Blade+1","Berserk+1","Replay:AllIn","Hallownest:skillKingdomsEdgeMap+1","DeusExMachina","Hallownest:skillCityofTearsMap+1","hubris:DuctTapeCard"],"relics":["Unceasing Top","Busted Crown","HushsDoor","MoneyPower","Ginger","HowToJump","hubris:SphereOfDissonance","Matryoshka","hubris:Towel","ReplayTheSpireMod:Ninjato","Hallownest:DreamNailRelic","Vajra","TheBean","GuppysHead","vexMod:Dragonfruit","Replay:Multitool","Replay:Mystery Machine","MawBank","Odd Mushroom","hubris:Icosahedron","hubris:ChampionShield","Sundial","vexMod:MemoryStick","Shuriken","Replay:Accelerometer","hubris:Metronome","Sozu","CaptainsWheel","Thread and Needle","Replay:Bandana","Garlic","Bag of Marbles","Anchor","Hallownest:SoulVesselRelic","hubris:DisguiseKit","Chaos","Lizard Tail","SteamSale","GuppysTail","hubris:GlazedTorus","Toy Ornithopter","hubris:DuctTape","hubris:EmptyBottle","Kunai","MyShadow","GuppysPaw","GuppysHairball","hubris:HerbalPaste","ReplayTheSpireMod:Shallot","BFFS","Art of War","Red Mask","Painkiller Herb","Blue Doll","YumHeart","Black Star","Mercury Hourglass","Snack Pack","Eternal Feather","hubris:TinFlute","hubris:ScarierMask","hubris:SlimyHat","Lee\u0027s Waffle","ReplayTheSpireMod:TigerMarble","TheBattery","FossilizedHelix","WristBlade","Paper Frog","MagicMushroom","TungstenRod","Ring of the Snake","Toxic Egg 2","Membership Card","Hallownest:BankAccountRelic","Bird Faced Urn","Bag of Preparation","hubris:HollowSoul","Meat on the Bone","Replay:Arrowhead","JudasShadow","Brimstone"],"acts_visited":["Hallownest:Greenpath","Hallownest:KingdomsEdge","Hallownest:Greenpath","Hallownest:CityofTears","Hallownest:KingdomsEdge","Hallownest:Greenpath","Hallownest:CityofTears"],"potions_floor_usage":[],"damage_taken":[{"damage":0.0,"enemies":"Hallownest:2_Tiktiks_and_1_Crawlid","floor":1.0,"turns":2.0},{"damage":15.0,"enemies":"Hallownest:2_Baldur","floor":3.0,"turns":2.0},{"damage":0.0,"enemies":"Hallownest:eliteMossKnight","floor":6.0,"turns":2.0},{"damage":0.0,"enemies":"Hallownest:eliteCrystalGuardian","floor":13.0,"turns":1.0},{"damage":0.0,"enemies":"Hallownest:2_MossCreeps","floor":14.0,"turns":2.0},{"damage":0.0,"enemies":"Cultist","floor":1.0,"turns":1.0},{"damage":0.0,"enemies":"2 Louse","floor":3.0,"turns":1.0},{"damage":0.0,"enemies":"Jaw Worm","floor":5.0,"turns":1.0},{"damage":0.0,"enemies":"The Mushroom Lair","floor":7.0,"turns":1.0},{"damage":0.0,"enemies":"Lagavulin","floor":11.0,"turns":3.0},{"damage":0.0,"enemies":"Exordium Thugs","floor":13.0,"turns":1.0},{"damage":0.0,"enemies":"Gremlin Nob","floor":14.0,"turns":1.0},{"damage":0.0,"enemies":"Hexaghost","floor":16.0,"turns":2.0},{"damage":0.0,"enemies":"Hallownest:3_Siblings","floor":18.0,"turns":2.0},{"damage":0.0,"enemies":"Hallownest:Shield_Heavy","floor":21.0,"turns":2.0},{"damage":0.0,"enemies":"Hiden Room Battle","floor":23.0,"turns":2.0},{"damage":0.0,"enemies":"Hallownest:Shield_Sturdy","floor":24.0,"turns":2.0},{"damage":0.0,"enemies":"Hallownest:StalkingDevout","floor":27.0,"turns":1.0},{"damage":0.0,"enemies":"Hallownest:eliteCollector","floor":28.0,"turns":2.0},{"damage":0.0,"enemies":"Hallownest:BossGreyPrinceZote","floor":33.0,"turns":1.0},{"damage":0.0,"enemies":"Hallownest:monsterHuskGuard","floor":35.0,"turns":1.0},{"damage":0.0,"enemies":"Hallownest:monsterHuskWarrior","floor":39.0,"turns":1.0},{"damage":0.0,"enemies":"Hallownest:eliteMossKnight","floor":40.0,"turns":1.0},{"damage":0.0,"enemies":"Hallownest:eliteVengeflyKing","floor":45.0,"turns":1.0},{"damage":0.0,"enemies":"Hallownest:eliteMossKnight","floor":46.0,"turns":1.0},{"damage":0.0,"enemies":"Hallownest:eliteCrystalGuardian","floor":47.0,"turns":1.0},{"damage":0.0,"enemies":"Hallownest:BossHornet","floor":50.0,"turns":1.0},{"damage":0.0,"enemies":"Hallownest:3_Youths","floor":52.0,"turns":1.0},{"damage":0.0,"enemies":"Hallownest:Guard_and_Sentry","floor":55.0,"turns":1.0},{"damage":0.0,"enemies":"Hallownest:3_Mistakes","floor":59.0,"turns":1.0},{"damage":0.0,"enemies":"Hallownest:eliteWatcherKnight","floor":60.0,"turns":5.0},{"damage":0.0,"enemies":"Hallownest:2_Husk_Sentries","floor":61.0,"turns":1.0},{"damage":0.0,"enemies":"Hallownest:monsterShrumalOgre","floor":62.0,"turns":1.0},{"damage":0.0,"enemies":"Hallownest:2_Flukemon","floor":64.0,"turns":2.0},{"damage":0.0,"enemies":"Hallownest:eliteSoulWarrior","floor":65.0,"turns":1.0},{"damage":0.0,"enemies":"Hallownest:BossSoulMaster","floor":67.0,"turns":1.0},{"damage":0.0,"enemies":"Hallownest:3_Siblings","floor":69.0,"turns":2.0},{"damage":0.0,"enemies":"Hallownest:2_Littles","floor":72.0,"turns":1.0},{"damage":0.0,"enemies":"Hallownest:eliteHiveKnight","floor":74.0,"turns":1.0},{"damage":0.0,"enemies":"Hallownest:2_Wing_and_1_Kings","floor":76.0,"turns":1.0},{"damage":0.0,"enemies":"Hallownest:eliteCollector","floor":77.0,"turns":1.0},{"damage":0.0,"enemies":"Hallownest:2_Great","floor":78.0,"turns":1.0},{"damage":0.0,"enemies":"Hallownest:2_Soldiers_and_1_Guardian","floor":80.0,"turns":1.0},{"damage":0.0,"enemies":"Hallownest:Shield_Sturdy","floor":81.0,"turns":1.0},{"damage":0.0,"enemies":"Hallownest:BossHollowKnight","floor":84.0,"turns":4.0},{"damage":0.0,"enemies":"Hallownest:monsterHuskWarrior","floor":86.0,"turns":1.0},{"damage":0.0,"enemies":"Hiden Room Battle","floor":88.0,"turns":1.0},{"damage":0.0,"enemies":"2_ Uuma","floor":89.0,"turns":1.0},{"damage":0.0,"enemies":"Hallownest:2_Tiktiks_and_1_Crawlid","floor":92.0,"turns":1.0},{"damage":0.0,"enemies":"Hallownest:MossCreep_and_Mosskin","floor":93.0,"turns":2.0},{"damage":0.0,"enemies":"Hallownest:eliteCrystalGuardian","floor":94.0,"turns":1.0},{"damage":0.0,"enemies":"Hallownest:Guard_and_Warrior","floor":95.0,"turns":1.0},{"damage":0.0,"enemies":"Hallownest:1_Ooma_and_2_Uuma","floor":96.0,"turns":1.0},{"damage":0.0,"enemies":"Hallownest:eliteVengeflyKing","floor":97.0,"turns":1.0},{"damage":0.0,"enemies":"Hallownest:monsterFoolEater","floor":98.0,"turns":1.0},{"damage":0.0,"enemies":"Hallownest:eliteCrystalGuardian","floor":99.0,"turns":1.0},{"damage":0.0,"enemies":"Delirium","floor":101.0,"turns":18.0},{"damage":0.0,"enemies":"Hallownest:Guard_and_Sentry","floor":103.0,"turns":1.0},{"damage":0,"enemies":"Hallownest:3_Youths","floor":105,"turns":1}],"seed_played":"6077375770850026369","potions_obtained":[{"floor":1.0,"key":"Block Potion"},{"floor":14.0,"key":"PowerPotion"},{"floor":3.0,"key":"Toxic Potion"},{"floor":7.0,"key":"Milkshake"}],"is_trial":true,"path_per_floor":["M","?","M","?","?","E","R","?","T","$","?","R","E","M","R","M","?","M","?","M","R","?","?","T","T","E","$","M","E","R","B",null,"M","?","?","M","T","R","M","?","T","E","E","R","$","$","R","B",null,"M","?","?","?","M","E","R","?","T","R","E","E","E","?","R","B",null,"M","?","$","M","?","R","?","M","E","?","?","T","?","E","T","B",null,"?","T","?","?","T","E","T","?","E","?","T","?","?","?","T","B",null,"?","?","?","?","?","T","?","?","E","?","?","E","?","E","T","B",null,"?","?","?"],"character_chosen":"IRONCLAD","items_purchased":["Searing Blow+1","GuppysTail","GuppysPaw","GuppysHairball","ReplayTheSpireMod:Shallot","BFFS","Berserk","vexMod:BerryBomb","hubris:TinFlute","Lee\u0027s Waffle","ReplayTheSpireMod:TigerMarble"],"campfire_rested":0,"item_purchase_floors":[10,34,51,51,54,54,54,70,70,73,73],"current_hp_per_floor":[72,32,17,17,17,17,17,17,17,17,17,17,17,22,69,69,69,69,69,69,69,69,69,69,69,69,69,69,69,69,81,81,81,81,81,81,66,66,66,66,66,66,66,66,66,66,66,73,73,73,64,49,49,49,49,58,58,83,83,83,83,83,83,83,64,64,64,64,64,64,64,64,64,64,64,64,64,64,64,64,64,64,64,70,53,53,77,77,77,77,77,77,77,77,77,77,77,77,84,84,84,70,70,70,73,73,82,84,84,84,84,84,84,75,84,84,84,84,84,84],"gold":1238,"neow_bonus":"","is_daily":false,"chose_seed":false,"campfire_upgraded":8,"win_rate":0.0,"timestamp":1608815531,"path_taken":["M","?","?","?","?","E","R","?","T","?","?","R","E","?","R","M","?","M","?","?","R","?","?","T","?","E","?","?","E","R","BOSS","M","?","?","?","?","R","?","?","T","E","E","R","?","$","R","BOSS","M","?","?","?","?","E","R","?","T","R","E","E","?","?","R","BOSS","M","?","$","M","?","R","?","?","E","?","?","T","?","E","T","BOSS","?","T","?","?","T","E","T","?","E","?","T","?","?","?","T","BOSS","?","?","?","?","?","T","?","?","E","?","?","E","?","E","T","BOSS","?","?","?"],"items_purchased_type":["Card","Relic","Relic","Relic","Relic","Relic","Card","Relic","Relic","Relic","Relic"],"build_version":"2020-12-22","purchased_purges":3,"victory":false,"max_hp_per_floor":[80,80,80,80,80,80,80,80,80,80,80,80,80,85,85,85,85,85,85,85,85,85,85,85,85,85,85,85,85,85,85,85,85,85,85,85,85,85,85,85,85,85,85,85,85,85,85,75,75,75,75,75,75,75,75,84,84,84,84,84,84,84,84,84,64,64,64,64,64,64,64,64,64,64,64,64,64,64,64,64,64,64,64,70,70,70,77,77,77,77,77,77,77,77,77,77,77,77,84,84,84,84,84,84,84,84,84,84,84,84,84,84,84,84,84,84,84,84,84,84],"card_choices":[{"not_picked":["Blasphemy"],"picked":"SKIP","floor":27.0},{"not_picked":["ConjureBlade"],"picked":"SKIP","floor":28.0},{"not_picked":["Scrawl"],"picked":"SKIP","floor":40.0},{"not_picked":["Scrawl"],"picked":"SKIP","floor":45.0},{"not_picked":["Blasphemy"],"picked":"SKIP","floor":46.0},{"not_picked":["Replay:LoomingThreat"],"picked":"SKIP","floor":47.0},{"not_picked":["Blasphemy"],"picked":"SKIP","floor":60.0},{"not_picked":["Omniscience"],"picked":"SKIP","floor":65.0},{"not_picked":[],"picked":"Replay:AllIn","floor":67.0},{"not_picked":["ConjureBlade"],"picked":"SKIP","floor":74.0},{"not_picked":["MasterReality"],"picked":"SKIP","floor":77.0},{"not_picked":[],"picked":"DeusExMachina","floor":84.0},{"not_picked":["MasterReality"],"picked":"SKIP","floor":94.0},{"not_picked":["Ragnarok"],"picked":"SKIP","floor":97.0},{"not_picked":["Judgement"],"picked":"SKIP","floor":99.0}],"player_experience":227280,"relics_obtained":[{"floor":1.0,"key":"ForgetMeNow"},{"floor":3.0,"key":"Matryoshka"},{"floor":6.0,"key":"ReplayTheSpireMod:Ninjato"},{"floor":9.0,"key":"Vajra"},{"floor":9.0,"key":"TheBean"},{"floor":13.0,"key":"GuppysHead"},{"floor":14.0,"key":"vexMod:Dragonfruit"},{"floor":1.0,"key":"Replay:Multitool"},{"floor":3.0,"key":"Replay:Mystery Machine"},{"floor":5.0,"key":"MawBank"},{"floor":7.0,"key":"Odd Mushroom"},{"floor":9.0,"key":"hubris:ChampionShield"},{"floor":9.0,"key":"Sundial"},{"floor":10.0,"key":"vexMod:MemoryStick"},{"floor":11.0,"key":"Shuriken"},{"floor":13.0,"key":"Replay:Accelerometer"},{"floor":14.0,"key":"hubris:Metronome"},{"floor":18.0,"key":"CaptainsWheel"},{"floor":21.0,"key":"Thread and Needle"},{"floor":22.0,"key":"Replay:Bandana"},{"floor":23.0,"key":"Garlic"},{"floor":23.0,"key":"Bag of Marbles"},{"floor":24.0,"key":"Anchor"},{"floor":26.0,"key":"hubris:DisguiseKit"},{"floor":27.0,"key":"Chaos"},{"floor":28.0,"key":"Lizard Tail"},{"floor":35.0,"key":"hubris:GlazedTorus"},{"floor":39.0,"key":"hubris:DuctTape"},{"floor":43.0,"key":"hubris:EmptyBottle"},{"floor":49.0,"key":"Kunai"},{"floor":52.0,"key":"hubris:HerbalPaste"},{"floor":55.0,"key":"Art of War"},{"floor":59.0,"key":"Painkiller Herb"},{"floor":61.0,"key":"Blue Doll"},{"floor":62.0,"key":"YumHeart"},{"floor":64.0,"key":"Black Star"},{"floor":66.0,"key":"Mercury Hourglass"},{"floor":69.0,"key":"Eternal Feather"},{"floor":71.0,"key":"hubris:ScarierMask"},{"floor":72.0,"key":"hubris:SlimyHat"},{"floor":76.0,"key":"TheBattery"},{"floor":78.0,"key":"FossilizedHelix"},{"floor":80.0,"key":"WristBlade"},{"floor":81.0,"key":"Paper Frog"},{"floor":86.0,"key":"TungstenRod"},{"floor":88.0,"key":"Ring of the Snake"},{"floor":88.0,"key":"Toxic Egg 2"},{"floor":89.0,"key":"Membership Card"},{"floor":92.0,"key":"Bird Faced Urn"},{"floor":93.0,"key":"Bag of Preparation"},{"floor":95.0,"key":"hubris:HollowSoul"},{"floor":96.0,"key":"Meat on the Bone"},{"floor":98.0,"key":"Replay:Arrowhead"},{"floor":103.0,"key":"Brimstone"}],"event_choices":[{"damage_healed":0.0,"max_hp_gain":0.0,"max_hp_loss":0.0,"gold_gain":0.0,"event_name":"Mushrooms","player_choice":"Fought Mushrooms","floor":7.0,"gold_loss":0.0,"damage_taken":0.0},{"damage_healed":0.0,"max_hp_gain":0.0,"max_hp_loss":0.0,"gold_gain":0.0,"event_name":"HidenRoomEvent","player_choice":"Fight","floor":23.0,"gold_loss":0.0,"damage_taken":0.0},{"damage_healed":0.0,"max_hp_gain":0.0,"max_hp_loss":0.0,"gold_gain":0.0,"event_name":"HidenRoomEvent","player_choice":"Fight","floor":88.0,"gold_loss":0.0,"damage_taken":0.0}],"is_beta":false,"boss_relics":[{"not_picked":["Runic Cube","hubris:TerracottaHorce"],"picked":"Sozu"},{"not_picked":[]},{"not_picked":["Carrot","Gremlin Food"],"picked":"SteamSale"},{"not_picked":[]},{"not_picked":["hubris:AncientText","AnarchistCookbook"],"picked":"MyShadow"},{"not_picked":[]},{"not_picked":["MealTicket","Replay:Drink Me"],"picked":"Snack Pack"},{"not_picked":[]},{"not_picked":["PunchingBag","hubris:MedicalManual"],"picked":"MagicMushroom"},{"not_picked":[]},{"not_picked":["Geode","Strawberry"],"picked":"JudasShadow"},{"not_picked":[]}],"items_purged_floors":[10,30,31],"is_endless":true,"potions_floor_spawned":[1,14,3,7,11,18,27,28,33,40,45,46,55,61,62,65,67,69,77,78,81,84,86,88,93,96,97,99,103],"killed_by":"Hallownest:3_Youths","ascension_level":9}}