{"host":"ue7jlgf7uv134an9","time":1608823239,"event":{"mods":["BaseMod","Better Third Choice","Defuse TimeMaze Blight","Minty Spire (QoL Compilation)","Quick Restart","Rare Cards Sparkle","Relic Stats","StSLib","UnlockEverythingMod"],"gold_per_floor":[212,362,362,380,399,399,399],"floor_reached":6,"playtime":171,"items_purged":[],"score":72,"play_id":"442df4db-1589-482d-a6db-568584b2747b","local_time":"20201224102039","is_ascension_mode":true,"campfire_choices":[],"circlet_count":0,"master_deck":["AscendersBane","Strike_G","Strike_G","Strike_G","Strike_G","Strike_G","Defend_G","Defend_G","Defend_G","Defend_G","Defend_G","Survivor","Neutralize","Dagger Spray","Doubt","Sucker Punch","Flying Knee"],"relics":["Ring of the Snake","FaceOfCleric"],"acts_visited":["Exordium"],"potions_floor_usage":[6],"damage_taken":[{"damage":8,"enemies":"Small Slimes","floor":1,"turns":5},{"damage":0,"enemies":"2 Louse","floor":4,"turns":3},{"damage":10,"enemies":"Cultist","floor":5,"turns":5},{"damage":49,"enemies":"Gremlin Nob","floor":6,"turns":4}],"seed_played":"553234032815099993","potions_obtained":[{"floor":5,"key":"Energy Potion"}],"is_trial":false,"path_per_floor":["M","?","?","M","M","E"],"character_chosen":"THE_SILENT","items_purchased":[],"campfire_rested":0,"item_purchase_floors":[],"current_hp_per_floor":[51,51,51,52,43,0,0],"gold":399,"neow_bonus":"HUNDRED_GOLD","is_daily":false,"chose_seed":false,"campfire_upgraded":0,"win_rate":0.0,"timestamp":1608823239,"path_taken":["M","?","?","M","M","E"],"items_purchased_type":[],"build_version":"2020-12-22","purchased_purges":0,"victory":false,"max_hp_per_floor":[66,66,66,67,68,68,68],"relic_stats":{"FaceOfCleric":2,"counters":[4,17],"obtain_stats":[{"FaceOfCleric":3,"Ring of the Snake":0},{"FaceOfCleric":1,"Ring of the Snake":0},{"FaceOfCleric":5,"Ring of the Snake":0}],"Ring of the Snake":[8]},"card_choices":[{"not_picked":["Prepared","Cloak And Dagger"],"picked":"Dagger Spray","floor":1},{"not_picked":["Prepared","Backflip"],"picked":"Sucker Punch","floor":4},{"not_picked":["A Thousand Cuts","Blur"],"picked":"Flying Knee","floor":5}],"player_experience":46909,"relics_obtained":[],"event_choices":[{"damage_healed":0,"gold_gain":150,"player_choice":"AGREE","damage_taken":212,"max_hp_gain":0,"max_hp_loss":0,"event_name":"betterThird:BetterSerpent","floor":2,"gold_loss":0},{"damage_healed":0,"gold_gain":0,"player_choice":"Trade","damage_taken":0,"relics_obtained":["FaceOfCleric"],"max_hp_gain":0,"max_hp_loss":0,"event_name":"FaceTrader","floor":3,"gold_loss":0}],"is_beta":false,"boss_relics":[],"items_purged_floors":[],"is_endless":false,"potions_floor_spawned":[5],"killed_by":"Gremlin Nob","ascension_level":20}}