{"host":"x039aayur7qovk2d","time":1608771044,"event":{"mods":["AchievementEnabler","BaseMod","Block Reminder","Colored Map","Colored Powertips","DeckTracker","Googly Eyes","Highlight Path","Minty Spire (QoL Compilation)","Permanent Neow","Quick Restart","Rare Cards Sparkle","Relic Sorter","Relic Stats"],"gold_per_floor":[130,185,185,222,78,78,147,198,198,198,240,280,325,355,355,460,460,475,28,65,82,123,148,148,148,148,182,182,235,235,235,235,334,334,375,427,439,439,480,480,507,522,522,148,148,176,190,234,234,234,234,234,0,60,60,60],"floor_reached":55,"playtime":4494,"items_purged":["Writhe"],"score":874,"play_id":"ac496ff5-0207-4825-8cc8-c15de9fed7e7","local_time":"20201223165044","is_ascension_mode":false,"campfire_choices":[{"data":"HandOfGreed","floor":6,"key":"SMITH"},{"data":"Intimidate","floor":10,"key":"SMITH"},{"floor":15,"key":"RECALL"},{"floor":25,"key":"REST"},{"data":"Inflame","floor":28,"key":"SMITH"},{"data":"Shockwave","floor":30,"key":"SMITH"},{"data":"Metallicize","floor":32,"key":"SMITH"},{"data":"Dramatic Entrance","floor":40,"key":"SMITH"},{"data":"Panacea","floor":49,"key":"SMITH"},{"data":"Impervious","floor":52,"key":"SMITH"}],"circlet_count":0,"master_deck":["Strike_R+1","Strike_R+1","Strike_R+1","Strike_R+1","Strike_R+1","Defend_R+1","Defend_R+1","Defend_R+1","Defend_R+1","Bash","HandOfGreed+1","Disarm","Metallicize+1","Clothesline","Clash","Intimidate+1","Anger","Inflame+1","Warcry","Battle Trance","Bludgeon","Twin Strike+1","Infernal Blade+1","Clothesline","Dropkick","Shrug It Off+1","Shockwave+1","Impervious+1","Uppercut+1","Seeing Red+1","Wild Strike+1","Panacea+1","Dramatic Entrance+1","Heavy Blade","Cleave","Rampage+1","Doubt","Inflame","Armaments+1","Fiend Fire"],"relics":["Burning Blood","PreservedInsect","Mercury Hourglass","Letter Opener","Smiling Mask","SlaversCollar","TungstenRod","Anchor","Paper Frog","Bag of Preparation","Orichalcum","War Paint","Mark of Pain","Calipers","Question Card","The Courier","Sling","Strawberry","Potion Belt","Vajra"],"acts_visited":["Exordium","TheCity","TheBeyond","TheEnding"],"potions_floor_usage":[8,8,16,22,29,29,33,39,46,46,50,50,50,54,55,55,55,55],"damage_taken":[{"damage":6,"enemies":"Cultist","floor":1,"turns":4},{"damage":0,"enemies":"Small Slimes","floor":2,"turns":4},{"damage":2,"enemies":"2 Louse","floor":4,"turns":3},{"damage":6,"enemies":"2 Fungi Beasts","floor":7,"turns":4},{"damage":0,"enemies":"Lagavulin","floor":8,"turns":6},{"damage":0,"enemies":"Exordium Wildlife","floor":11,"turns":3},{"damage":4,"enemies":"Red Slaver","floor":12,"turns":2},{"damage":1,"enemies":"Exordium Thugs","floor":13,"turns":4},{"damage":18,"enemies":"Gremlin Nob","floor":14,"turns":4},{"damage":28,"enemies":"Hexaghost","floor":16,"turns":10},{"damage":18,"enemies":"Spheric Guardian","floor":18,"turns":5},{"damage":0,"enemies":"Chosen","floor":20,"turns":3},{"damage":10,"enemies":"Shelled Parasite and Fungi","floor":21,"turns":5},{"damage":11,"enemies":"3 Cultists","floor":22,"turns":4},{"damage":31,"enemies":"Gremlin Leader","floor":23,"turns":6},{"damage":4,"enemies":"Book of Stabbing","floor":27,"turns":3},{"damage":0,"enemies":"Slavers","floor":29,"turns":3},{"damage":30,"enemies":"Automaton","floor":33,"turns":8},{"damage":10,"enemies":"3 Shapes","floor":35,"turns":5},{"damage":22,"enemies":"2 Orb Walkers","floor":36,"turns":6},{"damage":9,"enemies":"3 Darklings","floor":37,"turns":6},{"damage":13,"enemies":"Sphere and 2 Shapes","floor":39,"turns":4},{"damage":27,"enemies":"Reptomancer","floor":41,"turns":4},{"damage":5,"enemies":"Maw","floor":42,"turns":9},{"damage":27,"enemies":"Nemesis","floor":46,"turns":5},{"damage":0,"enemies":"Transient","floor":47,"turns":5},{"damage":8,"enemies":"Sphere and 2 Shapes","floor":48,"turns":4},{"damage":78,"enemies":"Donu and Deca","floor":50,"turns":11},{"damage":50,"enemies":"Shield and Spear","floor":54,"turns":4},{"damage":61,"enemies":"The Heart","floor":55,"turns":6}],"seed_played":"4288940423274894792","potions_obtained":[{"floor":1,"key":"EssenceOfSteel"},{"floor":7,"key":"CultistPotion"},{"floor":8,"key":"EssenceOfSteel"},{"floor":11,"key":"BloodPotion"},{"floor":20,"key":"Weak Potion"},{"floor":21,"key":"Explosive Potion"},{"floor":27,"key":"Explosive Potion"},{"floor":29,"key":"Dexterity Potion"},{"floor":35,"key":"BlessingOfTheForge"},{"floor":42,"key":"BlessingOfTheForge"},{"floor":46,"key":"BloodPotion"},{"floor":47,"key":"ColorlessPotion"},{"floor":48,"key":"BloodPotion"}],"is_trial":false,"path_per_floor":["M","M","?","M","$","R","M","E","T","R","M","M","M","E","R","B",null,"M","$","M","M","M","E","?","R","T","E","R","E","R","?","R","B",null,"M","?","M","?","M","R","E","M","T","$","?","E","M","M","R","B",null,"R","$","E","B"],"character_chosen":"IRONCLAD","items_purchased":["PreservedInsect","TungstenRod","Anchor","Sling","Strawberry","PowerPotion","Weak Potion","CultistPotion","FearPotion","HeartOfIron","SkillPotion"],"campfire_rested":1,"item_purchase_floors":[5,19,19,44,44,44,44,53,53,53,53],"current_hp_per_floor":[56,62,62,66,66,66,66,72,72,72,78,80,80,68,68,46,80,68,68,74,70,65,40,40,64,64,66,66,72,72,72,72,48,80,76,60,57,53,62,62,41,42,42,49,87,66,72,70,70,15,87,87,87,43,0,0],"gold":60,"neow_bonus":"RANDOM_COLORLESS_2","is_daily":false,"chose_seed":false,"campfire_upgraded":8,"win_rate":0.0,"timestamp":1608771044,"path_taken":["M","M","?","M","?","R","M","E","T","R","?","M","M","E","R","BOSS","M","$","M","M","M","E","?","R","T","E","R","E","R","?","R","BOSS","M","?","M","?","M","R","E","M","T","$","?","E","M","?","R","BOSS","R","$","E","BOSS"],"items_purchased_type":["Relic","Relic","Relic","Relic","Relic","Potion","Potion","Potion","Potion","Potion","Potion"],"build_version":"2020-12-22","purchased_purges":1,"victory":false,"max_hp_per_floor":[80,80,80,80,80,80,80,80,80,80,80,80,80,80,80,80,80,80,80,80,80,80,80,80,80,80,80,80,80,80,80,80,80,80,80,80,80,80,80,80,80,80,80,87,87,87,87,87,87,87,87,87,87,87,87,87],"relic_stats":{"counters":[30,150],"PreservedInsect":347,"Bag of Preparation":[30],"Letter Opener":[119],"Orichalcum":[96],"War Paint":["Shrug It Off","Defend_R"],"Smiling Mask":10,"Question Card":5,"obtain_stats":[{"Potion Belt":46,"Calipers":36,"Vajra":54,"PreservedInsect":5,"The Courier":43,"Bag of Preparation":24,"Letter Opener":9,"Orichalcum":27,"War Paint":29,"Smiling Mask":14,"Question Card":41,"Sling":44,"Burning Blood":0,"Mercury Hourglass":8,"SlaversCollar":17,"Anchor":19,"Strawberry":44,"Mark of Pain":34,"TungstenRod":19,"Paper Frog":23},{"Potion Belt":25,"Calipers":20,"Vajra":29,"PreservedInsect":3,"The Courier":24,"Bag of Preparation":15,"Letter Opener":5,"Orichalcum":16,"War Paint":17,"Smiling Mask":9,"Question Card":23,"Sling":24,"Burning Blood":0,"Mercury Hourglass":5,"SlaversCollar":10,"Anchor":11,"Strawberry":24,"Mark of Pain":18,"TungstenRod":11,"Paper Frog":15},{"Potion Belt":120,"Calipers":92,"Vajra":144,"PreservedInsect":11,"The Courier":115,"Bag of Preparation":67,"Letter Opener":21,"Orichalcum":70,"War Paint":73,"Smiling Mask":34,"Question Card":106,"Sling":115,"Burning Blood":0,"Mercury Hourglass":21,"SlaversCollar":44,"Anchor":49,"Strawberry":115,"Mark of Pain":81,"TungstenRod":49,"Paper Frog":67}],"Burning Blood":169,"TungstenRod":72,"Mercury Hourglass":[476]},"card_choices":[{"not_picked":["Mayhem","Panache"],"picked":"HandOfGreed","floor":0},{"not_picked":["Thunderclap","Shrug It Off"],"picked":"Disarm","floor":1},{"not_picked":["Iron Wave","Uppercut"],"picked":"Metallicize","floor":2},{"not_picked":["Sword Boomerang","Combust","Body Slam"],"picked":"SKIP","floor":4},{"not_picked":["Pommel Strike","Flex"],"picked":"Clash","floor":7},{"not_picked":["Clash","Offering"],"picked":"Intimidate","floor":8},{"not_picked":["Sword Boomerang","Spot Weakness"],"picked":"Anger","floor":11},{"not_picked":["Iron Wave","Pommel Strike"],"picked":"Inflame","floor":12},{"not_picked":["Clothesline","True Grit"],"picked":"Warcry","floor":13},{"not_picked":["Body Slam","Combust"],"picked":"Battle Trance","floor":14},{"not_picked":["Reaper","Brutality"],"picked":"Bludgeon","floor":16},{"not_picked":["Clash+1","Inflame"],"picked":"Twin Strike+1","floor":18},{"not_picked":["Rupture+1","Feel No Pain+1","Dark Embrace"],"picked":"SKIP","floor":20},{"not_picked":["Evolve","Armaments"],"picked":"Infernal Blade+1","floor":21},{"not_picked":["Sword Boomerang","True Grit"],"picked":"Clothesline","floor":22},{"not_picked":["Searing Blow+1","Infernal Blade"],"picked":"Dropkick","floor":23},{"not_picked":["Metallicize","Havoc"],"picked":"Shrug It Off","floor":27},{"not_picked":["Clash","Shrug It Off"],"picked":"Shockwave","floor":29},{"not_picked":["Berserk","Limit Break"],"picked":"Impervious","floor":33},{"not_picked":["Second Wind+1","Wild Strike"],"picked":"Uppercut+1","floor":35},{"not_picked":["Searing Blow+1","Anger+1"],"picked":"Seeing Red+1","floor":36},{"not_picked":["Sword Boomerang","Havoc"],"picked":"Wild Strike+1","floor":37},{"not_picked":["Madness","Forethought"],"picked":"Panacea","floor":38},{"not_picked":["Finesse","Jack Of All Trades"],"picked":"Dramatic Entrance","floor":38},{"not_picked":["Seeing Red+1","Intimidate+1"],"picked":"Heavy Blade","floor":39},{"not_picked":["Warcry","Shockwave"],"picked":"Cleave","floor":41},{"not_picked":["Reaper","Pommel Strike","Sentinel+1"],"picked":"Rampage+1","floor":42},{"not_picked":["Clothesline","Clash","Corruption"],"picked":"Inflame","floor":46},{"not_picked":["Feel No Pain","Seeing Red+1","Havoc","Shockwave+1"],"picked":"SKIP","floor":47},{"not_picked":["Rage","Anger","Dual Wield+1"],"picked":"Armaments+1","floor":48},{"not_picked":["Armaments+1","Twin Strike+1","Clash+1"],"picked":"Fiend Fire","floor":54}],"player_experience":60994,"relics_obtained":[{"floor":8,"key":"Mercury Hourglass"},{"floor":9,"key":"Letter Opener"},{"floor":14,"key":"Smiling Mask"},{"floor":23,"key":"Paper Frog"},{"floor":27,"key":"Orichalcum"},{"floor":29,"key":"War Paint"},{"floor":36,"key":"Calipers"},{"floor":41,"key":"Question Card"},{"floor":43,"key":"The Courier"},{"floor":46,"key":"Potion Belt"},{"floor":54,"key":"Vajra"}],"event_choices":[{"damage_healed":0,"gold_gain":0,"player_choice":"1 cards matched","damage_taken":0,"max_hp_gain":0,"max_hp_loss":0,"event_name":"Match and Keep!","floor":3,"gold_loss":0,"cards_obtained":["Clothesline"]},{"damage_healed":0,"gold_gain":0,"player_choice":"Opened","damage_taken":0,"relics_obtained":["Bag of Preparation"],"max_hp_gain":0,"max_hp_loss":0,"event_name":"The Mausoleum","floor":24,"gold_loss":0,"cards_obtained":["Writhe"]},{"damage_healed":0,"gold_gain":0,"player_choice":"Simplicity","damage_taken":0,"max_hp_gain":0,"max_hp_loss":0,"event_name":"Back to Basics","floor":31,"gold_loss":0,"cards_upgraded":["Strike_R","Strike_R","Strike_R","Strike_R","Strike_R","Defend_R","Defend_R","Defend_R"]},{"damage_healed":0,"gold_gain":0,"player_choice":"Fight","damage_taken":0,"max_hp_gain":0,"max_hp_loss":0,"event_name":"Mysterious Sphere","floor":36,"gold_loss":0},{"damage_healed":0,"gold_gain":0,"player_choice":"Memory 2","damage_taken":5,"max_hp_gain":0,"max_hp_loss":0,"event_name":"SensoryStone","floor":38,"gold_loss":0},{"damage_healed":38,"gold_gain":0,"player_choice":"Heal","damage_taken":0,"max_hp_gain":0,"max_hp_loss":0,"event_name":"MindBloom","floor":45,"gold_loss":0,"cards_obtained":["Doubt"]}],"is_beta":false,"boss_relics":[{"not_picked":["Velvet Choker","SacredBark"],"picked":"SlaversCollar"},{"not_picked":["Philosopher\u0027s Stone","Fusion Hammer"],"picked":"Mark of Pain"}],"items_purged_floors":[44],"is_endless":false,"potions_floor_spawned":[1,7,8,11,20,21,27,29,35,42,46,47,48],"killed_by":"The Heart","ascension_level":0}}