{"host":"0a7cgrrfh5edm4wz","time":1608786124,"event":{"mods":["BaseMod","Colored Map","Keyboard Shortcuts","Minty Spire (QoL Compilation)","Quick Restart","StSLib","SuperFastMode"],"gold_per_floor":[15,15,30,44,44,44,74,84,130,130,130],"floor_reached":10,"playtime":166,"items_purged":[],"score":136,"play_id":"97762e31-af4e-4a7f-a5df-c016247c2914","local_time":"20201224140204","is_ascension_mode":true,"campfire_choices":[{"data":"Noxious Fumes","floor":6.0,"key":"SMITH"}],"circlet_count":0,"master_deck":["AscendersBane","Strike_G","Strike_G","Strike_G","Strike_G","Defend_G","Defend_G","Defend_G","Defend_G","Survivor","Neutralize","Distraction","Concentrate","Deadly Poison","Noxious Fumes+1","Flying Knee","Leg Sweep","Escape Plan"],"relics":["Ring of the Snake","Eternal Feather","Omamori"],"acts_visited":["Exordium"],"potions_floor_usage":[],"damage_taken":[{"damage":1.0,"enemies":"Cultist","floor":1.0,"turns":4.0},{"damage":1.0,"enemies":"Jaw Worm","floor":3.0,"turns":3.0},{"damage":8.0,"enemies":"2 Louse","floor":4.0,"turns":3.0},{"damage":36.0,"enemies":"3 Sentries","floor":7.0,"turns":9.0},{"damage":8.0,"enemies":"Exordium Wildlife","floor":8.0,"turns":4.0},{"damage":15,"enemies":"Lagavulin","floor":10,"turns":4}],"seed_played":"1597079400380677948","potions_obtained":[{"floor":1.0,"key":"Dexterity Potion"},{"floor":7.0,"key":"CunningPotion"}],"is_trial":false,"path_per_floor":["M","$","M","M","?","R","E","M","T","E"],"character_chosen":"THE_SILENT","items_purchased":[],"campfire_rested":0,"item_purchase_floors":[],"current_hp_per_floor":[58,58,57,49,49,49,13,5,5,0,0],"gold":130,"neow_bonus":"TRANSFORM_TWO_CARDS","is_daily":false,"chose_seed":false,"campfire_upgraded":1,"win_rate":0.0,"timestamp":1608786124,"path_taken":["M","$","M","?","?","R","E","M","T","E"],"items_purchased_type":[],"build_version":"2020-12-22","purchased_purges":0,"victory":false,"max_hp_per_floor":[66,66,66,66,66,66,66,66,66,66,66],"card_choices":[{"not_picked":["Terror","Blade Dance"],"picked":"Deadly Poison","floor":1.0},{"not_picked":["Blur","Tactician"],"picked":"Noxious Fumes","floor":3.0},{"not_picked":["Predator","Cloak And Dagger"],"picked":"Flying Knee","floor":4.0},{"not_picked":["Dagger Spray","Heel Hook"],"picked":"Leg Sweep","floor":7.0},{"not_picked":["Prepared","Deadly Poison"],"picked":"Escape Plan","floor":8.0}],"player_experience":884222,"relics_obtained":[{"floor":7.0,"key":"Eternal Feather"},{"floor":9.0,"key":"Omamori"}],"event_choices":[{"damage_healed":0.0,"max_hp_gain":0.0,"max_hp_loss":0.0,"gold_gain":0.0,"event_name":"The Cleric","player_choice":"Leave","floor":5.0,"gold_loss":0.0,"damage_taken":0.0}],"is_beta":false,"boss_relics":[],"items_purged_floors":[],"is_endless":false,"potions_floor_spawned":[1,7],"killed_by":"Lagavulin","ascension_level":20}}