{"host":"0msxzbajcl1c78mb","time":1608794600,"event":{"mods":["AchievementEnabler","BaseMod","Colored Map","Colored Powertips","Highlight Path","Minty Spire (QoL Compilation)","Relic Sorter","Relic Stats","StSLib","The Jungle","everything is the same but u backflip on backflip"],"gold_per_floor":[118,118,118,43,8,52,52,88,88,107,125,143,179,202,202,332,332,345,361,261,136,154,154,198,217,217,240,240,258,294,315,315,435,435,456,456,477,493,493,531,312,355,408,429,429,463,463,496,496,496,496,496,101,136,136],"floor_reached":56,"playtime":3487,"items_purged":["Defend_R","Strike_R","Strike_R","Strike_R","Battle Trance"],"score":2196,"play_id":"8314b42c-d3c0-45b0-bfc8-95b24677cfc7","local_time":"20201224022320","is_ascension_mode":true,"campfire_choices":[{"data":"Berserk","floor":15,"key":"SMITH"},{"data":"Corruption","floor":23,"key":"SMITH"},{"data":"Fire Breathing","floor":28,"key":"SMITH"},{"data":"Offering","floor":32,"key":"SMITH"},{"data":"Barricade","floor":45,"key":"SMITH"},{"floor":47,"key":"RECALL"},{"data":"Juggernaut","floor":49,"key":"SMITH"},{"data":"Entrench","floor":52,"key":"SMITH"}],"circlet_count":0,"master_deck":["Defend_R","Defend_R","Defend_R","Bash","Ghostly Armor","Power Through","Berserk+1","True Grit","Corruption+1","CurseOfTheBell","Sentinel","Havoc+1","Warcry+1","Fire Breathing+1","Offering+1","Second Wind+1","Juggernaut+1","Offering+1","Seeing Red","Havoc+1","Infernal Blade","Body Slam","Seeing Red","Barricade+1","Havoc+1","Entrench+1","Feel No Pain"],"relics":["Burning Blood","NeowsBlessing","Golden Idol","Orichalcum","PreservedInsect","Dead Branch","Gremlin Horn","Centennial Puzzle","Vajra","Calling Bell","Oddly Smooth Stone","Mummified Hand","Unceasing Top","Anchor","MealTicket","Runic Dome","The Courier","Gambling Chip","Dream Catcher","Akabeko","Bottled Tornado","Shuriken","Champion Belt"],"acts_visited":["Exordium","TheCity","TheBeyond","TheEnding"],"potions_floor_usage":[12,12,16,24,40,55,55,55,55],"damage_taken":[{"damage":0,"enemies":"Jaw Worm","floor":1,"turns":1},{"damage":0,"enemies":"3 Sentries","floor":6,"turns":2},{"damage":0,"enemies":"Lagavulin","floor":8,"turns":1},{"damage":2,"enemies":"2 Louse","floor":10,"turns":3},{"damage":0,"enemies":"Cultist","floor":11,"turns":4},{"damage":11,"enemies":"Gremlin Gang","floor":12,"turns":4},{"damage":8,"enemies":"3 Sentries","floor":13,"turns":7},{"damage":9,"enemies":"Slime Boss","floor":16,"turns":11},{"damage":0,"enemies":"3 Byrds","floor":18,"turns":3},{"damage":1,"enemies":"Chosen","floor":19,"turns":4},{"damage":0,"enemies":"Snake Plant","floor":22,"turns":3},{"damage":4,"enemies":"Book of Stabbing","floor":24,"turns":3},{"damage":3,"enemies":"3 Cultists","floor":25,"turns":4},{"damage":0,"enemies":"Snecko","floor":27,"turns":3},{"damage":0,"enemies":"Centurion and Healer","floor":29,"turns":2},{"damage":6,"enemies":"Gremlin Leader","floor":30,"turns":1},{"damage":6,"enemies":"Snake Plant","floor":31,"turns":3},{"damage":6,"enemies":"Collector","floor":33,"turns":4},{"damage":6,"enemies":"3 Shapes","floor":35,"turns":1},{"damage":12,"enemies":"Orb Walker","floor":37,"turns":1},{"damage":15,"enemies":"Sphere and 2 Shapes","floor":38,"turns":2},{"damage":0,"enemies":"Reptomancer","floor":40,"turns":3},{"damage":35,"enemies":"Nemesis","floor":42,"turns":5},{"damage":0,"enemies":"Maw","floor":44,"turns":5},{"damage":6,"enemies":"Reptomancer","floor":46,"turns":2},{"damage":0,"enemies":"Giant Head","floor":48,"turns":1},{"damage":10,"enemies":"Time Eater","floor":50,"turns":6},{"damage":6,"enemies":"Shield and Spear","floor":54,"turns":3},{"damage":0,"enemies":"The Heart","floor":55,"turns":7}],"seed_played":"-3613831850284832398","potions_obtained":[{"floor":1,"key":"SpeedPotion"},{"floor":10,"key":"SkillPotion"},{"floor":11,"key":"AttackPotion"},{"floor":12,"key":"Regen Potion"},{"floor":22,"key":"SkillPotion"},{"floor":27,"key":"FairyPotion"},{"floor":29,"key":"Fire Potion"},{"floor":37,"key":"Swift Potion"},{"floor":40,"key":"EntropicBrew"},{"floor":44,"key":"BloodPotion"},{"floor":54,"key":"CultistPotion"}],"is_trial":false,"path_per_floor":["M","?","?","$","?","E","?","E","T","M","M","M","E","T","R","B",null,"M","M","$","$","M","R","E","M","T","M","R","M","E","M","R","B",null,"M","?","M","M","?","E","$","E","T","M","R","E","R","E","R","B",null,"R","$","E","B",null],"character_chosen":"IRONCLAD","items_purchased":["Body Slam","Seeing Red","Shuriken","Feel No Pain"],"campfire_rested":0,"item_purchase_floors":[41,41,53,53],"current_hp_per_floor":[78,58,58,58,78,80,77,80,80,80,80,75,73,73,73,70,78,80,80,80,80,80,80,80,80,80,80,80,80,80,80,80,80,80,80,80,74,65,65,71,80,51,51,57,57,57,57,63,63,59,75,75,80,80,80],"gold":136,"neow_bonus":"THREE_ENEMY_KILL","is_daily":false,"chose_seed":false,"campfire_upgraded":7,"win_rate":0.0,"timestamp":1608794600,"path_taken":["M","?","?","$","?","E","?","E","T","?","M","M","E","?","R","BOSS","M","M","?","$","M","R","E","M","T","?","R","M","E","M","R","BOSS","M","?","M","?","?","E","$","E","T","M","R","E","R","E","R","BOSS","R","$","E","BOSS"],"items_purchased_type":["Card","Card","Relic","Card"],"build_version":"2020-12-22","purchased_purges":5,"victory":true,"max_hp_per_floor":[80,80,80,80,80,80,80,80,80,80,80,80,80,80,80,80,80,80,80,80,80,80,80,80,80,80,80,80,80,80,80,80,80,80,80,80,80,80,80,80,80,80,80,80,80,80,80,80,80,80,80,80,80,80,80],"relic_stats":{"Gremlin Horn":[18,26],"counters":[29,99],"Golden Idol":233,"Dead Branch":[522],"PreservedInsect":505,"Orichalcum":[36],"Burning Blood":119,"Centennial Puzzle":[42],"Dream Catcher":0,"Mummified Hand":[118],"Shuriken":[6],"Gambling Chip":[14],"MealTicket":14,"Champion Belt":[2],"obtain_stats":[{"NeowsBlessing":0,"Gremlin Horn":9,"Golden Idol":2,"Dead Branch":8,"Vajra":14,"Oddly Smooth Stone":17,"PreservedInsect":7,"The Courier":40,"Orichalcum":6,"Bottled Tornado":48,"Burning Blood":0,"Akabeko":46,"Calling Bell":17,"Runic Dome":34,"Centennial Puzzle":13,"Anchor":24,"Dream Catcher":43,"Mummified Hand":17,"Shuriken":53,"Gambling Chip":42,"MealTicket":30,"Champion Belt":54,"Unceasing Top":17},{"NeowsBlessing":0,"Gremlin Horn":3,"Golden Idol":1,"Dead Branch":3,"Vajra":7,"Oddly Smooth Stone":8,"PreservedInsect":2,"The Courier":22,"Orichalcum":2,"Bottled Tornado":26,"Burning Blood":0,"Akabeko":25,"Calling Bell":8,"Runic Dome":18,"Centennial Puzzle":7,"Anchor":12,"Dream Catcher":23,"Mummified Hand":8,"Shuriken":27,"Gambling Chip":23,"MealTicket":16,"Champion Belt":28,"Unceasing Top":8},{"NeowsBlessing":0,"Gremlin Horn":4,"Golden Idol":1,"Dead Branch":4,"Vajra":22,"Oddly Smooth Stone":33,"PreservedInsect":3,"The Courier":70,"Orichalcum":3,"Bottled Tornado":83,"Burning Blood":0,"Akabeko":82,"Calling Bell":33,"Runic Dome":63,"Centennial Puzzle":22,"Anchor":46,"Dream Catcher":75,"Mummified Hand":33,"Shuriken":89,"Gambling Chip":75,"MealTicket":56,"Champion Belt":92,"Unceasing Top":33}],"Unceasing Top":[3]},"card_choices":[{"not_picked":["Bloodletting","Perfected Strike"],"picked":"Ghostly Armor","floor":1},{"not_picked":["Infernal Blade","Anger","Hemokinesis"],"picked":"SKIP","floor":6},{"not_picked":["Wild Strike","Entrench"],"picked":"Berserk","floor":8},{"not_picked":["Fire Breathing","Havoc"],"picked":"True Grit","floor":10},{"not_picked":["Clash","Heavy Blade"],"picked":"Battle Trance","floor":11},{"not_picked":["Whirlwind","Fire Breathing","Wild Strike"],"picked":"SKIP","floor":12},{"not_picked":["Cleave","Reckless Charge","Burning Pact"],"picked":"SKIP","floor":13},{"not_picked":["Double Tap","Berserk"],"picked":"Corruption","floor":16},{"not_picked":["Perfected Strike","Second Wind"],"picked":"Sentinel","floor":18},{"not_picked":["Headbutt+1","Heavy Blade","Thunderclap"],"picked":"SKIP","floor":19},{"not_picked":["Sword Boomerang+1","Pummel","Twin Strike"],"picked":"SKIP","floor":22},{"not_picked":["Combust","Heavy Blade"],"picked":"Havoc+1","floor":24},{"not_picked":["Infernal Blade","Pommel Strike"],"picked":"Warcry+1","floor":25},{"not_picked":["Armaments","Clothesline"],"picked":"Fire Breathing","floor":27},{"not_picked":["Second Wind","Disarm"],"picked":"Offering","floor":29},{"not_picked":["Warcry","Heavy Blade","Anger"],"picked":"SKIP","floor":30},{"not_picked":["Disarm+1","Warcry+1"],"picked":"Second Wind+1","floor":31},{"not_picked":["Feed","Corruption"],"picked":"Juggernaut","floor":33},{"not_picked":["Perfected Strike+1","Dark Embrace","Thunderclap+1"],"picked":"SKIP","floor":35},{"not_picked":["Armaments","Pommel Strike"],"picked":"Seeing Red","floor":37},{"not_picked":["Sword Boomerang+1","Whirlwind+1"],"picked":"Havoc+1","floor":38},{"not_picked":["Warcry","Iron Wave","Thunderclap"],"picked":"SKIP","floor":40},{"not_picked":["Wild Strike+1","Double Tap"],"picked":"Barricade","floor":42},{"not_picked":["Warcry","Headbutt"],"picked":"Havoc+1","floor":44},{"not_picked":["Intimidate+1","Twin Strike+1","Anger"],"picked":"SKIP","floor":46},{"not_picked":["Thunderclap","Heavy Blade+1"],"picked":"Entrench","floor":48},{"not_picked":["Havoc","Carnage+1","Cleave+1"],"picked":"SKIP","floor":54}],"player_experience":289719,"relics_obtained":[{"floor":6,"key":"Orichalcum"},{"floor":8,"key":"Dead Branch"},{"floor":9,"key":"Gremlin Horn"},{"floor":13,"key":"Centennial Puzzle"},{"floor":14,"key":"Vajra"},{"floor":17,"key":"Oddly Smooth Stone"},{"floor":17,"key":"Mummified Hand"},{"floor":17,"key":"Unceasing Top"},{"floor":24,"key":"Anchor"},{"floor":30,"key":"MealTicket"},{"floor":40,"key":"The Courier"},{"floor":42,"key":"Gambling Chip"},{"floor":43,"key":"Dream Catcher"},{"floor":46,"key":"Akabeko"},{"floor":48,"key":"Bottled Tornado"},{"floor":54,"key":"Champion Belt"}],"event_choices":[{"damage_healed":0,"gold_gain":0,"player_choice":"Take Damage","damage_taken":20,"relics_obtained":["Golden Idol"],"max_hp_gain":0,"max_hp_loss":0,"event_name":"Golden Idol","floor":2,"gold_loss":0},{"damage_healed":0,"gold_gain":0,"cards_transformed":["Strike_R"],"player_choice":"Change","damage_taken":0,"max_hp_gain":0,"max_hp_loss":0,"event_name":"Living Wall","floor":3,"gold_loss":0,"cards_obtained":["Power Through"]},{"damage_healed":20,"gold_gain":0,"player_choice":"Healed","damage_taken":0,"max_hp_gain":0,"max_hp_loss":0,"event_name":"The Cleric","floor":5,"gold_loss":35},{"damage_healed":0,"gold_gain":0,"player_choice":"Success","damage_taken":3,"relics_obtained":["PreservedInsect"],"max_hp_gain":0,"max_hp_loss":0,"event_name":"Scrap Ooze","floor":7,"gold_loss":0},{"damage_healed":0,"gold_gain":0,"player_choice":"Copied","damage_taken":0,"max_hp_gain":0,"max_hp_loss":0,"event_name":"Duplicator","floor":36,"gold_loss":0,"cards_obtained":["Offering"]},{"damage_healed":0,"gold_gain":0,"cards_transformed":["Strike_R"],"player_choice":"Transformed","damage_taken":0,"max_hp_gain":0,"max_hp_loss":0,"event_name":"Transmorgrifier","floor":39,"gold_loss":0,"cards_obtained":["Infernal Blade"]}],"is_beta":false,"boss_relics":[{"not_picked":["Sozu","Runic Cube"],"picked":"Calling Bell"},{"not_picked":["Tiny House","Snecko Eye"],"picked":"Runic Dome"}],"items_purged_floors":[4,20,21,41,53],"is_endless":false,"potions_floor_spawned":[1,10,11,12,22,27,29,37,40,42,44,46,54],"ascension_level":9}}