{"host":"873t0y8ybyo38pfq","time":1608816519,"event":{"mods":["BaseMod","Colored Map","Highlight Path","Minty Spire (QoL Compilation)","Rare Cards Sparkle","StSLib"],"gold_per_floor":[365,365,381,381,53,53,64,100,100,126,126,154,36,59,59,145,154,181,168,219,241,133,133,170,170,170,179,197,224,61,84,84,171,171,198,198,50,59,119,163,175,224,236,248,271,359,30,48,48,48,48,48],"floor_reached":51,"playtime":1965,"items_purged":["Strike_G"],"score":1392,"play_id":"3a03b529-5511-4de0-93f7-803ed0a377eb","local_time":"20201224082839","is_ascension_mode":true,"campfire_choices":[{"floor":6,"key":"REST"},{"floor":15,"key":"REST"},{"floor":23,"key":"REST"},{"data":"Wraith Form v2","floor":25,"key":"SMITH"},{"data":"Footwork","floor":32,"key":"SMITH"},{"data":"Catalyst","floor":41,"key":"SMITH"},{"data":"Night Terror","floor":44,"key":"SMITH"},{"floor":49,"key":"RECALL"}],"circlet_count":0,"master_deck":["AscendersBane","Strike_G","Strike_G+1","Strike_G","Strike_G+1","Defend_G","Defend_G","Defend_G","Defend_G","Survivor","Neutralize+1","Deadly Poison+1","Distraction","Adrenaline","All Out Attack","Calculated Gamble","Sucker Punch","PiercingWail","Cloak And Dagger","Distraction","Night Terror+1","CurseOfTheBell","Catalyst+1","Blur","Backflip+1","Footwork+1","Bouncing Flask","Wraith Form v2+1","Crippling Poison","Neutralize","A Thousand Cuts","Acrobatics","Glass Knife","PiercingWail","Wraith Form v2+1","Writhe","Acrobatics+1","Acrobatics","Die Die Die"],"relics":["Ring of the Snake","Ornamental Fan","Anchor","CeramicFish","HornCleat","Calling Bell","Tiny Chest","Ninja Scroll","Du-Vu Doll","MealTicket","Eternal Feather","Whetstone","ClockworkSouvenir","Philosopher\u0027s Stone","DollysMirror","Tough Bandages","MawBank","Smiling Mask","Bottled Flame","Frozen Egg 2","TungstenRod"],"acts_visited":["TheCity","TheBeyond"],"potions_floor_usage":[16,16,30,33,39],"damage_taken":[{"damage":3,"enemies":"Cultist","floor":1,"turns":5},{"damage":0,"enemies":"2 Louse","floor":3,"turns":2},{"damage":7,"enemies":"Jaw Worm","floor":7,"turns":5},{"damage":35,"enemies":"Gremlin Nob","floor":8,"turns":4},{"damage":0,"enemies":"Gremlin Gang","floor":10,"turns":3},{"damage":1,"enemies":"3 Louse","floor":12,"turns":4},{"damage":0,"enemies":"Red Slaver","floor":14,"turns":3},{"damage":29,"enemies":"Hexaghost","floor":16,"turns":10},{"damage":0,"enemies":"Chosen","floor":18,"turns":4},{"damage":0,"enemies":"2 Thieves","floor":19,"turns":4},{"damage":20,"enemies":"Snake Plant","floor":21,"turns":6},{"damage":15,"enemies":"Slavers","floor":24,"turns":8},{"damage":22,"enemies":"Sentry and Sphere","floor":31,"turns":6},{"damage":25,"enemies":"Automaton","floor":33,"turns":11},{"damage":0,"enemies":"Orb Walker","floor":35,"turns":3},{"damage":14,"enemies":"2 Orb Walkers","floor":39,"turns":6},{"damage":7,"enemies":"Nemesis","floor":40,"turns":9},{"damage":56,"enemies":"Reptomancer","floor":42,"turns":9},{"damage":11,"enemies":"3 Darklings","floor":45,"turns":7},{"damage":0,"enemies":"Jaw Worm Horde","floor":48,"turns":5},{"damage":61,"enemies":"Donu and Deca","floor":50,"turns":14},{"damage":40,"enemies":"Time Eater","floor":51,"turns":8}],"seed_played":"2667650103237480527","potions_obtained":[{"floor":7,"key":"LiquidMemories"},{"floor":8,"key":"Block Potion"},{"floor":10,"key":"Regen Potion"},{"floor":21,"key":"FairyPotion"},{"floor":24,"key":"Fruit Juice"},{"floor":31,"key":"ColorlessPotion"},{"floor":35,"key":"Poison Potion"},{"floor":45,"key":"FearPotion"}],"is_trial":false,"path_per_floor":["M","?","M","?","$","R","M","E","T","M","?","M","$","M","R","B",null,"M","M","T","M","$","R","E","R","T","?","?","T","$","M","R","B",null,"M","?","$","?","?","E","R","E","T","R","M","T","$","M","R","B","B"],"character_chosen":"THE_SILENT","items_purchased":["Anchor","Adrenaline","Cloak And Dagger","Footwork","Bouncing Flask","ClockworkSouvenir","DollysMirror","TungstenRod"],"campfire_rested":3,"item_purchase_floors":[5,5,13,22,22,30,37,47],"current_hp_per_floor":[56,56,56,30,30,48,41,6,6,6,6,5,5,5,23,9,47,47,47,47,27,27,45,30,30,30,30,30,30,50,28,46,21,54,54,54,65,65,51,44,65,9,9,30,19,19,34,34,55,19,0,0],"gold":48,"neow_bonus":"TWO_FIFTY_GOLD","is_daily":false,"chose_seed":false,"campfire_upgraded":4,"win_rate":0.0,"timestamp":1608816519,"path_taken":["M","?","M","?","?","R","?","E","T","M","?","M","$","M","R","BOSS","M","M","?","M","$","R","E","R","T","?","?","?","$","M","R","BOSS","M","?","$","?","?","E","R","E","T","R","M","?","$","M","R","BOSS","BOSS"],"items_purchased_type":["Relic","Card","Card","Card","Card","Relic","Relic","Relic"],"build_version":"2020-12-22","purchased_purges":1,"victory":false,"max_hp_per_floor":[60,60,60,60,60,60,60,60,60,60,60,60,60,60,60,60,60,60,60,60,60,60,60,60,60,60,60,60,60,65,65,65,65,65,65,65,65,65,65,65,65,65,65,65,65,65,65,65,65,65,65,65],"card_choices":[{"not_picked":["Blade Dance","Flying Knee"],"picked":"Deadly Poison","floor":1},{"not_picked":["Cloak And Dagger","Sucker Punch"],"picked":"Distraction","floor":3},{"not_picked":["Infinite Blades","Deadly Poison"],"picked":"All Out Attack","floor":7},{"not_picked":["Sucker Punch","Prepared"],"picked":"Calculated Gamble","floor":8},{"not_picked":["Dagger Throw","Slice"],"picked":"Sucker Punch","floor":10},{"not_picked":["Concentrate","Quick Slash"],"picked":"PiercingWail","floor":12},{"not_picked":["Deflect","Poisoned Stab"],"picked":"Distraction","floor":14},{"not_picked":["Unload","Grand Finale"],"picked":"Night Terror","floor":16},{"not_picked":["Underhanded Strike","Dodge and Roll"],"picked":"Catalyst","floor":18},{"not_picked":["Cloak And Dagger","Distraction"],"picked":"Blur","floor":19},{"not_picked":["Sucker Punch","Dagger Spray"],"picked":"Backflip+1","floor":21},{"not_picked":["Escape Plan","Dagger Throw"],"picked":"Wraith Form v2","floor":24},{"not_picked":["Infinite Blades","Outmaneuver"],"picked":"Acrobatics","floor":31},{"not_picked":["A Thousand Cuts","Storm of Steel"],"picked":"Glass Knife","floor":33},{"not_picked":["Skewer","Bouncing Flask"],"picked":"PiercingWail","floor":35},{"not_picked":["Bane","Flying Knee+1"],"picked":"Acrobatics+1","floor":39},{"not_picked":["Flying Knee+1","Underhanded Strike"],"picked":"Acrobatics","floor":40},{"not_picked":["Poisoned Stab","Setup"],"picked":"Die Die Die","floor":42},{"not_picked":["Endless Agony+1","Dodge and Roll+1","Footwork"],"picked":"SKIP","floor":45},{"not_picked":["Prepared","Dodge and Roll+1","Poisoned Stab"],"picked":"SKIP","floor":48}],"player_experience":1340590,"relics_obtained":[{"floor":8,"key":"CeramicFish"},{"floor":9,"key":"HornCleat"},{"floor":17,"key":"Tiny Chest"},{"floor":17,"key":"Ninja Scroll"},{"floor":17,"key":"Du-Vu Doll"},{"floor":24,"key":"MealTicket"},{"floor":26,"key":"Eternal Feather"},{"floor":29,"key":"Whetstone"},{"floor":39,"key":"Tough Bandages"},{"floor":40,"key":"MawBank"},{"floor":42,"key":"Smiling Mask"},{"floor":43,"key":"Bottled Flame"},{"floor":46,"key":"Frozen Egg 2"}],"event_choices":[{"damage_healed":0,"gold_gain":0,"player_choice":"Grow","damage_taken":0,"max_hp_gain":0,"max_hp_loss":0,"event_name":"Living Wall","floor":2,"gold_loss":0,"cards_upgraded":["Deadly Poison"]},{"damage_healed":0,"gold_gain":0,"player_choice":"Success","damage_taken":26,"relics_obtained":["Ornamental Fan"],"max_hp_gain":0,"max_hp_loss":0,"event_name":"Scrap Ooze","floor":4,"gold_loss":0},{"damage_healed":0,"gold_gain":0,"player_choice":"Upgraded","damage_taken":0,"max_hp_gain":0,"max_hp_loss":0,"event_name":"Upgrade Shrine","floor":11,"gold_loss":0,"cards_upgraded":["Neutralize"]},{"damage_healed":0,"gold_gain":0,"player_choice":"Read","damage_taken":0,"max_hp_gain":0,"max_hp_loss":0,"event_name":"The Library","floor":27,"gold_loss":0,"cards_obtained":["Crippling Poison"]},{"damage_healed":0,"gold_gain":0,"player_choice":"2 cards matched","damage_taken":0,"max_hp_gain":0,"max_hp_loss":0,"event_name":"Match and Keep!","floor":28,"gold_loss":0,"cards_obtained":["Neutralize","A Thousand Cuts"]},{"cards_removed":["Defend_G"],"damage_healed":0,"gold_gain":0,"player_choice":"Removed Skill","damage_taken":0,"max_hp_gain":0,"max_hp_loss":0,"event_name":"Falling","floor":36,"gold_loss":0},{"damage_healed":13,"gold_gain":0,"player_choice":"Writhe","damage_taken":0,"max_hp_gain":0,"max_hp_loss":0,"event_name":"Winding Halls","floor":38,"gold_loss":0,"cards_obtained":["Writhe"]},{"damage_healed":0,"gold_gain":0,"player_choice":"Fight","damage_taken":0,"max_hp_gain":0,"max_hp_loss":0,"event_name":"Mysterious Sphere","floor":39,"gold_loss":0}],"is_beta":false,"boss_relics":[{"not_picked":["SacredBark","Ectoplasm"],"picked":"Calling Bell"},{"not_picked":["HoveringKite","Runic Dome"],"picked":"Philosopher\u0027s Stone"}],"items_purged_floors":[13],"is_endless":false,"potions_floor_spawned":[7,8,10,14,21,24,31,35,45],"killed_by":"Time Eater","ascension_level":20}}