{"host":"cij6922spxtbkai3","time":1608835635,"event":{"mods":["2.2 Compatiblity","AchievementEnabler","BaseMod","Colored Map","DeckTracker","Highlight Path","Keyboard Shortcuts","Minty Spire (QoL Compilation)","Permanent Neow","Quick Restart","Rare Cards Sparkle","SuperFastMode","everything is the same but u backflip on backflip"],"gold_per_floor":[118,193,213,213,230,262,275,275,275],"floor_reached":8,"playtime":665,"items_purged":[],"score":58,"play_id":"cbaa8115-d164-4a9d-ab29-827193ed150c","local_time":"20201225034715","is_ascension_mode":false,"campfire_choices":[],"circlet_count":0,"master_deck":["Strike_R","Strike_R","Strike_R","Defend_R","Defend_R","Defend_R","Bash","Shrug It Off","Thunderclap","Pummel"],"relics":["Burning Blood","MealTicket"],"acts_visited":["Exordium"],"potions_floor_usage":[6,6,6],"damage_taken":[{"damage":7,"enemies":"2 Louse","floor":1,"turns":3},{"damage":2,"enemies":"Cultist","floor":3,"turns":4},{"damage":0,"enemies":"Small Slimes","floor":5,"turns":4},{"damage":41,"enemies":"3 Sentries","floor":6,"turns":11},{"damage":14,"enemies":"Gremlin Gang","floor":7,"turns":7},{"damage":45,"enemies":"Gremlin Nob","floor":8,"turns":5}],"seed_played":"-3753434855877494790","potions_obtained":[{"floor":1,"key":"Fire Potion"},{"floor":3,"key":"SpeedPotion"},{"floor":5,"key":"BloodPotion"}],"is_trial":false,"path_per_floor":["M","?","M","?","M","E","M","E"],"character_chosen":"IRONCLAD","items_purchased":[],"campfire_rested":0,"item_purchase_floors":[],"current_hp_per_floor":[71,60,64,64,70,49,41,0,0],"gold":275,"neow_bonus":"REMOVE_TWO","is_daily":false,"chose_seed":false,"campfire_upgraded":0,"win_rate":0.0,"timestamp":1608835635,"path_taken":["M","?","M","?","?","E","M","E"],"items_purchased_type":[],"build_version":"2020-12-22","purchased_purges":0,"victory":false,"max_hp_per_floor":[72,72,72,72,72,72,72,72,72],"card_choices":[{"not_picked":["Power Through","Headbutt"],"picked":"Shrug It Off","floor":1},{"not_picked":["Whirlwind","True Grit"],"picked":"Thunderclap","floor":3},{"not_picked":["Feel No Pain","Shrug It Off","Twin Strike"],"picked":"SKIP","floor":5},{"not_picked":["Searing Blow","Berserk","Iron Wave"],"picked":"SKIP","floor":6},{"not_picked":["Sword Boomerang","Uppercut"],"picked":"Pummel","floor":7}],"player_experience":21312,"relics_obtained":[{"floor":6,"key":"MealTicket"}],"event_choices":[{"damage_healed":0,"gold_gain":75,"player_choice":"Gather Gold","damage_taken":11,"max_hp_gain":0,"max_hp_loss":0,"event_name":"World of Goop","floor":2,"gold_loss":0},{"cards_removed":["Strike_R"],"damage_healed":0,"gold_gain":0,"player_choice":"Offered Basic","damage_taken":0,"max_hp_gain":0,"max_hp_loss":0,"event_name":"Bonfire Elementals","floor":4,"gold_loss":0}],"is_beta":false,"boss_relics":[],"items_purged_floors":[],"is_endless":false,"potions_floor_spawned":[1,3,5],"killed_by":"Gremlin Nob","ascension_level":0}}