{"host":"mjau5a91be6b66g4","time":1608808888,"event":{"mods":["BaseMod","Minty Spire (QoL Compilation)","StSLib","The Animator","The Bug Knight","The Jungle"],"gold_per_floor":[119,26,26,101,117,117,148,160,160,160,180,77,77,88,88,185,185,199,199,210,223,238,238,249,267,267,267,139,189,207,220,220,317,317,335,352,352,352,371,371,371],"floor_reached":40,"playtime":2555,"items_purged":[],"score":492,"play_id":"7d2d7aa4-880d-4cba-80ac-5ce44b14f8a3","local_time":"20201224192128","is_ascension_mode":false,"campfire_choices":[{"data":"True Grit","floor":6,"key":"SMITH"},{"data":"Havoc","floor":10,"key":"SMITH"},{"floor":13,"key":"REST"},{"data":"Shrug It Off","floor":15,"key":"SMITH"},{"floor":23,"key":"REST"},{"floor":27,"key":"REST"},{"floor":32,"key":"REST"}],"circlet_count":0,"master_deck":["Strike_R","Strike_R","Strike_R","Strike_R","Strike_R","Defend_R","Defend_R","Defend_R","Defend_R","Bash","Headbutt","Feel No Pain","True Grit+1","Power Through","Shrug It Off+1","Havoc+1","Feed+1","Anger+1","Cleave+1","Sever Soul+1","Feed+1","Flex+1","Blood for Blood+1","Second Wind+1","Anger+1","True Grit+1","Clash+1","Dark Embrace","Havoc","Wild Strike+1","Fire Breathing+1","Reaper+1","Cleave+1","Iron Wave+1","Purity","Hemokinesis+1"],"relics":["Black Blood","NeowsBlessing","Molten Egg 2","Kunai","SlaversCollar","FossilizedHelix"],"acts_visited":["Exordium","TheCity","TheBeyond"],"potions_floor_usage":[16,24,25,31,33,33],"damage_taken":[{"damage":0,"enemies":"2 Louse","floor":1,"turns":1},{"damage":0,"enemies":"Cultist","floor":5,"turns":1},{"damage":0,"enemies":"HollowMod:MossKnight","floor":7,"turns":1},{"damage":9,"enemies":"Jaw Worm","floor":8,"turns":3},{"damage":29,"enemies":"Gremlin Gang","floor":11,"turns":8},{"damage":16,"enemies":"Blue Slaver","floor":14,"turns":3},{"damage":38,"enemies":"The Guardian","floor":16,"turns":12},{"damage":17,"enemies":"3 Byrds","floor":18,"turns":7},{"damage":2,"enemies":"Spheric Guardian","floor":20,"turns":5},{"damage":18,"enemies":"Snecko","floor":21,"turns":5},{"damage":7,"enemies":"Centurion and Healer","floor":22,"turns":7},{"damage":10,"enemies":"Chosen and Byrds","floor":24,"turns":4},{"damage":47,"enemies":"Cultist and Chosen","floor":25,"turns":5},{"damage":33,"enemies":"3 Cultists","floor":30,"turns":5},{"damage":0,"enemies":"Snecko","floor":31,"turns":4},{"damage":65,"enemies":"Champ","floor":33,"turns":13},{"damage":10,"enemies":"Orb Walker","floor":35,"turns":4},{"damage":65,"enemies":"3 Darklings","floor":36,"turns":8},{"damage":64,"enemies":"Sphere and 2 Shapes","floor":39,"turns":6},{"damage":21,"enemies":"Writhing Mass","floor":40,"turns":2}],"seed_played":"-2156408552649219311","potions_obtained":[{"floor":5,"key":"Weak Potion"},{"floor":11,"key":"Explosive Potion"},{"floor":16,"key":"Strength Potion"},{"floor":21,"key":"LiquidBronze"},{"floor":24,"key":"EssenceOfSteel"},{"floor":25,"key":"Dexterity Potion"}],"is_trial":false,"path_per_floor":["M","$","?","?","M","R","E","M","T","R","M","$","R","M","R","B",null,"M","?","M","M","M","R","M","M","T","R","$","?","M","M","R","B",null,"M","M","$","?","M","M"],"character_chosen":"IRONCLAD","items_purchased":["Feel No Pain","True Grit","Anger+1","Cleave+1","Dark Embrace","Havoc"],"campfire_rested":4,"item_purchase_floors":[2,2,12,12,28,28],"current_hp_per_floor":[80,80,85,77,83,83,85,82,82,82,59,59,84,74,74,42,85,78,72,80,68,67,93,93,56,56,86,86,86,59,65,95,40,105,109,56,56,56,18,0,0],"gold":371,"neow_bonus":"THREE_ENEMY_KILL","is_daily":false,"chose_seed":false,"campfire_upgraded":3,"win_rate":0.0,"timestamp":1608808888,"path_taken":["M","$","?","?","M","R","E","M","T","R","M","$","R","M","R","BOSS","M","?","M","?","M","R","M","M","T","R","$","?","?","?","R","BOSS","M","M","$","?","?","M"],"items_purchased_type":["Card","Card","Card","Card","Card","Card"],"build_version":"2020-12-22","purchased_purges":0,"victory":false,"max_hp_per_floor":[80,80,85,85,85,85,85,85,85,85,85,85,85,85,85,85,85,89,89,93,93,93,93,97,101,101,101,101,101,101,101,101,105,105,109,109,109,109,113,113,113],"card_choices":[{"not_picked":["Wild Strike","Carnage"],"picked":"Headbutt","floor":1},{"not_picked":["Sword Boomerang","Flex"],"picked":"Power Through","floor":5},{"not_picked":["Bloodletting","Warcry"],"picked":"Shrug It Off","floor":7},{"not_picked":["Rampage+1","Anger+1"],"picked":"Havoc","floor":8},{"not_picked":["Shockwave","Rupture"],"picked":"Feed+1","floor":11},{"not_picked":["Feel No Pain","Clash+1"],"picked":"Sever Soul+1","floor":14},{"not_picked":["Fiend Fire+1","Impervious"],"picked":"Feed+1","floor":16},{"not_picked":["Ghostly Armor+1","Clothesline+1"],"picked":"Flex+1","floor":18},{"not_picked":["Flame Barrier","Shrug It Off"],"picked":"Blood for Blood+1","floor":20},{"not_picked":["Rampage+1","Feel No Pain"],"picked":"Second Wind+1","floor":21},{"not_picked":["Armaments","Cleave+1"],"picked":"Anger+1","floor":22},{"not_picked":["Spot Weakness+1","Sword Boomerang+1"],"picked":"True Grit+1","floor":24},{"not_picked":["Corruption","Perfected Strike+1"],"picked":"Clash+1","floor":25},{"not_picked":["Thunderclap+1","Sever Soul+1"],"picked":"Wild Strike+1","floor":30},{"not_picked":["Evolve","Heavy Blade+1"],"picked":"Fire Breathing+1","floor":31},{"not_picked":["Corruption","Double Tap"],"picked":"Reaper+1","floor":33},{"not_picked":["Havoc+1","Evolve+1"],"picked":"Cleave+1","floor":35},{"not_picked":["Dropkick+1","Thunderclap+1"],"picked":"Iron Wave+1","floor":36},{"not_picked":["Anger+1","Power Through"],"picked":"Hemokinesis+1","floor":39}],"player_experience":212059,"relics_obtained":[{"floor":7,"key":"Molten Egg 2"},{"floor":9,"key":"Kunai"},{"floor":26,"key":"FossilizedHelix"}],"event_choices":[{"damage_healed":0,"gold_gain":0,"player_choice":"Donut","damage_taken":0,"max_hp_gain":5,"max_hp_loss":0,"event_name":"Big Fish","floor":3,"gold_loss":0},{"damage_healed":0,"gold_gain":75,"player_choice":"Touch","damage_taken":8,"max_hp_gain":0,"max_hp_loss":0,"event_name":"FaceTrader","floor":4,"gold_loss":0},{"damage_healed":0,"gold_gain":0,"player_choice":"","damage_taken":6,"max_hp_gain":0,"max_hp_loss":0,"event_name":"Knowing Skull","floor":19,"potions_obtained":[],"gold_loss":0,"cards_obtained":[]},{"damage_healed":0,"gold_gain":100,"player_choice":"Bet on Murderer","damage_taken":0,"max_hp_gain":0,"max_hp_loss":0,"event_name":"The Joust","floor":29,"gold_loss":50},{"damage_healed":0,"gold_gain":0,"player_choice":"1 cards matched","damage_taken":0,"max_hp_gain":0,"max_hp_loss":0,"event_name":"Match and Keep!","floor":38,"gold_loss":0,"cards_obtained":["Purity"]}],"is_beta":false,"boss_relics":[{"not_picked":["Busted Crown","Snecko Eye"],"picked":"SlaversCollar"},{"not_picked":["Empty Cage","Sozu"],"picked":"Black Blood"}],"items_purged_floors":[],"is_endless":false,"potions_floor_spawned":[5,11,16,21,24,25],"killed_by":"Writhing Mass","ascension_level":0}}