{"host":"konjmgczbcns2r3g","time":1608780208,"event":{"mods":["AchievementEnabler","BaseMod","Colored Powertips","Hermit","Infinite Spire","Minty Spire (QoL Compilation)","Replay The Spire","StSLib","The Cursed","The Necromancer","The Servant 0.9.4"],"gold_per_floor":[112,132,5,19,35,35,54,54,80,111,131,206,224,234,234,332,332,348,366,366,385,30,30,64,75,75,75,75,75,23,23,23,128,128,173,173,206,247,280,336,336,372,397,437,470,518,555,614,614,634,634],"floor_reached":50,"playtime":3601,"items_purged":[],"score":606,"play_id":"554c10c4-06d6-4133-acc8-91eb455efbed","local_time":"20201223222328","is_ascension_mode":false,"campfire_choices":[{"floor":6,"key":"REST"},{"floor":8,"key":"REST"},{"floor":15,"key":"REST"},{"floor":23,"key":"REST"},{"floor":32,"key":"REST"},{"floor":41,"key":"REST"},{"floor":49,"key":"REST"}],"circlet_count":0,"master_deck":["Strike_S+1","Strike_S+1","Strike_S+1","Strike_S+1","Defend_S+1","Defend_S+1","Defend_S+1","Defend_S+1","KidneyShot","Exchange","KillingDoll","SilverBlades","Contraction+1","Rearm+1","Comet","TimeWarp","InstantArmor","Defy","SurpressingFire","Revamp","Ricochet","FastForward","Embodiment","DualDimension+1","Luminosity+1","Hightail+1","WasteNot","Rearm","ShatteredReality","Sunlight","Defy","SurpressingFire","Replay:Dark Deal","Sadistic Nature","Flash of Steel","Dark Shackles","Dilation","Spin","infinitespire:Collect","Sunlight","Misdirection","infinitespire:Punishment","infinitespire:Oblivion","ShatteredReality+1","Read","TimeWarp+1","Desolation+1","Starlight","DualDimension+1","Potential+1","Starlight+1","Desolation","Parasite","Ricochet"],"relics":["SplendidAttire","War Paint","Vajra","Orrery","ReplayTheSpireMod:ShopPack","ReplayTheSpireMod:TigerMarble","Replay:Bandana","Question Card","Ring of Chaos","Orichalcum","infinitespire:PuzzleCube","Replay:Rubber Ducky"],"acts_visited":["Exordium","TheCity","TheBeyond"],"potions_floor_usage":[10,10,16,19,25,31,37,40,45,50],"damage_taken":[{"damage":15,"enemies":"Jaw Worm","floor":1,"turns":5},{"damage":0,"enemies":"Cultist","floor":2,"turns":3},{"damage":14,"enemies":"2 Louse","floor":4,"turns":3},{"damage":25,"enemies":"Large Slime","floor":5,"turns":10},{"damage":1,"enemies":"Blue Slaver","floor":7,"turns":2},{"damage":0,"enemies":"Lagavulin","floor":10,"turns":4},{"damage":10,"enemies":"Gremlin Gang","floor":11,"turns":6},{"damage":5,"enemies":"Lots of Slimes","floor":13,"turns":3},{"damage":2,"enemies":"Large Slime","floor":14,"turns":3},{"damage":0,"enemies":"Slime Boss","floor":16,"turns":8},{"damage":10,"enemies":"Spheric Guardian","floor":18,"turns":6},{"damage":0,"enemies":"Chosen","floor":19,"turns":3},{"damage":27,"enemies":"Shelled Parasite and Fungi","floor":21,"turns":6},{"damage":0,"enemies":"Gremlin Leader","floor":24,"turns":6},{"damage":19,"enemies":"Sentry and Sphere","floor":25,"turns":4},{"damage":0,"enemies":"Cultist and Chosen","floor":31,"turns":1},{"damage":0,"enemies":"Collector","floor":33,"turns":1},{"damage":0,"enemies":"Orb Walker","floor":35,"turns":3},{"damage":0,"enemies":"3 Shapes","floor":37,"turns":2},{"damage":0,"enemies":"Jaw Worm Horde","floor":38,"turns":3},{"damage":19,"enemies":"Sphere and 2 Shapes","floor":39,"turns":5},{"damage":24,"enemies":"Giant Head","floor":40,"turns":11},{"damage":13,"enemies":"Writhing Mass","floor":42,"turns":5},{"damage":0,"enemies":"Jaw Worm Horde","floor":44,"turns":3},{"damage":0,"enemies":"Sphere and 2 Shapes","floor":45,"turns":4},{"damage":8,"enemies":"4 Shapes","floor":46,"turns":2},{"damage":0,"enemies":"Transient","floor":47,"turns":5},{"damage":0,"enemies":"Writhing Mass","floor":48,"turns":4},{"damage":45,"enemies":"Time Eater","floor":50,"turns":4}],"seed_played":"1090682528219535143","potions_obtained":[{"floor":5,"key":"Swift Potion"},{"floor":7,"key":"Energy Potion"},{"floor":11,"key":"SpeedPotion"},{"floor":14,"key":"EssenceOfSteel"},{"floor":16,"key":"Elixir"},{"floor":18,"key":"Strength Potion"},{"floor":24,"key":"Strength Potion"},{"floor":25,"key":"SmokeBomb"},{"floor":35,"key":"BlessingOfTheForge"},{"floor":44,"key":"Toxic Potion"},{"floor":45,"key":"Elixir"},{"floor":46,"key":"Elixir"}],"is_trial":false,"path_per_floor":["M","M","$","M","M","R","M","R","T","E","M","?","M","M","R","B",null,"M","M","AVR","M","$","R","E","M","T","?","?","T","$","M","R","B",null,"M","AVR","M","M","M","E","R","M","T","M","M","M","M","M","R","B"],"character_chosen":"THE_SERVANT","items_purchased":["Rearm","Comet","ReplayTheSpireMod:ShopPack","SurpressingFire","Replay:Dark Deal","Block Potion"],"campfire_rested":7,"item_purchase_floors":[3,3,22,22,22,30],"current_hp_per_floor":[50,50,50,36,11,30,29,48,48,48,38,32,27,25,44,44,65,55,55,55,28,28,47,47,28,28,11,11,11,11,11,30,30,65,65,65,65,65,46,22,41,28,28,28,28,20,20,20,39,0,0],"gold":634,"neow_bonus":"ONE_RANDOM_RARE_CARD","is_daily":false,"chose_seed":false,"campfire_upgraded":0,"win_rate":0.0,"timestamp":1608780208,"path_taken":["M","M","$","M","M","R","M","R","T","E","M","?","M","?","R","BOSS","M","M","AVR","M","$","R","E","M","T","?","?","?","$","M","R","BOSS","M","AVR","?","M","M","E","R","M","T","M","M","M","?","M","R","BOSS"],"items_purchased_type":["Card","Card","Relic","Card","Card","Potion"],"build_version":"2020-12-22","purchased_purges":0,"victory":false,"max_hp_per_floor":[65,65,65,65,65,65,65,65,65,65,65,65,65,65,65,65,65,65,65,65,65,65,65,65,65,65,65,65,65,65,65,65,65,65,65,65,65,65,65,65,65,65,65,65,65,65,65,65,65,65,65],"card_choices":[{"not_picked":["BottledTime","MoonPhase"],"picked":"SilverBlades","floor":1},{"not_picked":["Spin","Rewind"],"picked":"Contraction","floor":2},{"not_picked":["Replace","DoubleEdge"],"picked":"TimeWarp","floor":4},{"not_picked":["Alleviate","Defy"],"picked":"InstantArmor","floor":5},{"not_picked":["Ricochet","Potential"],"picked":"Defy","floor":7},{"not_picked":["Ricochet","Hightail"],"picked":"SurpressingFire","floor":10},{"not_picked":["Replace","MoonPhase"],"picked":"Revamp","floor":11},{"not_picked":["Spin","Alleviate"],"picked":"Ricochet","floor":13},{"not_picked":["Spin","ForgedInTime"],"picked":"FastForward","floor":14},{"not_picked":["Initiator","Sunlight"],"picked":"Embodiment","floor":16},{"not_picked":["TimeWarp","DoubleEdge+1"],"picked":"DualDimension+1","floor":18},{"not_picked":["Unruled+1","Rewind"],"picked":"Luminosity+1","floor":19},{"not_picked":["Replace+1","Contraction"],"picked":"Hightail+1","floor":20},{"not_picked":["Defy","Spin"],"picked":"WasteNot","floor":20},{"not_picked":["Unruled","DoubleEdge"],"picked":"Rearm","floor":20},{"not_picked":["DoubleEdge","Manipulate"],"picked":"ShatteredReality","floor":20},{"not_picked":["Desolation","FanOfKnives"],"picked":"Sunlight","floor":20},{"not_picked":["Revamp","Replace"],"picked":"Defy","floor":21},{"not_picked":["Secret Technique","ReplayTheSpireMod:Necrogeddon"],"picked":"Sadistic Nature","floor":22},{"not_picked":["Deep Breath","Secret Weapon"],"picked":"Flash of Steel","floor":22},{"not_picked":["ReplayTheSpireMod:Uncanny Aura","Midas Touch"],"picked":"Dark Shackles","floor":22},{"not_picked":["RealityMarble","Revamp"],"picked":"Dilation","floor":24},{"not_picked":["DoubleEdge","Hightail"],"picked":"Spin","floor":25},{"not_picked":["infinitespire:TheBestDefense","infinitespire:Oblivion"],"picked":"infinitespire:Collect","floor":27},{"not_picked":["LightFlow","Duplication","Embodiment"],"picked":"Sunlight","floor":33},{"not_picked":["Spin","DoubleEdge","FanOfKnives"],"picked":"Misdirection","floor":35},{"not_picked":["Read","ShiftingGears+1","Defy+1"],"picked":"ShatteredReality+1","floor":37},{"not_picked":["FastForward","DoubleEdge","ShatteredReality"],"picked":"Read","floor":38},{"not_picked":["Alleviate+1","FanOfKnives+1","InstantArmor"],"picked":"TimeWarp+1","floor":39},{"not_picked":["Alleviate","Potential","RealityMarble"],"picked":"Desolation+1","floor":40},{"not_picked":["Rewind","DoubleEdge+1","Alleviate+1"],"picked":"Starlight","floor":42},{"not_picked":["SurpressingFire","Revamp","DoubleEdge+1"],"picked":"DualDimension+1","floor":44},{"not_picked":["InstantArmor+1","Dilation","Read+1"],"picked":"Potential+1","floor":45},{"not_picked":["DualDimension","Unruled","Rearm+1"],"picked":"Starlight+1","floor":46},{"not_picked":["Luminosity","TimeWarp+1","BottledTime"],"picked":"Desolation","floor":47},{"not_picked":["SilverBlades","FastForward","Revamp"],"picked":"Ricochet","floor":48}],"player_experience":279352,"relics_obtained":[{"floor":9,"key":"War Paint"},{"floor":10,"key":"Vajra"},{"floor":24,"key":"ReplayTheSpireMod:TigerMarble"},{"floor":26,"key":"Replay:Bandana"},{"floor":29,"key":"Question Card"},{"floor":40,"key":"infinitespire:PuzzleCube"},{"floor":43,"key":"Replay:Rubber Ducky"}],"event_choices":[{"damage_healed":0,"gold_gain":75,"player_choice":"Touch","damage_taken":6,"max_hp_gain":0,"max_hp_loss":0,"event_name":"FaceTrader","floor":12,"gold_loss":0},{"damage_healed":0,"gold_gain":0,"player_choice":"Simplicity","damage_taken":0,"max_hp_gain":0,"max_hp_loss":0,"event_name":"Back to Basics","floor":28,"gold_loss":0,"cards_upgraded":["Strike_S","Strike_S","Strike_S","Strike_S","Defend_S","Defend_S","Defend_S","Defend_S"]}],"is_beta":false,"boss_relics":[{"not_picked":["Busted Crown","Replay:Ancient Bell"],"picked":"SplendidAttire"},{"not_picked":["Fusion Hammer","Sozu"],"picked":"Ring of Chaos"}],"items_purged_floors":[],"is_endless":false,"potions_floor_spawned":[5,7,11,14,16,18,24,25,35,44,45,46],"killed_by":"Time Eater","ascension_level":0}}