{"host":"9b7hrp48q3pna783","time":1608803599,"event":{"mods":["BaseMod","Colored Map","Colored Powertips","Highlight Path","Minty Spire (QoL Compilation)","Relic Stats"],"gold_per_floor":[115,131,147,167,177,177,163,88,88,88,105,105,130,130,130,233,233,245,245,7,22,37,37,64,76,76,76,76,76],"floor_reached":28,"playtime":3060,"items_purged":["Strike_G","Strike_G"],"score":242,"play_id":"6b765daa-949f-4159-9dcf-23688897e8ed","local_time":"20201224045319","is_ascension_mode":false,"campfire_choices":[{"data":"Sucker Punch","floor":6,"key":"SMITH"},{"data":"Backflip","floor":10,"key":"SMITH"},{"data":"Dash","floor":12,"key":"SMITH"},{"floor":15,"key":"REST"},{"data":"Envenom","floor":23,"key":"SMITH"}],"circlet_count":0,"master_deck":["Strike_G","Strike_G","Strike_G","Defend_G","Defend_G+1","Defend_G","Defend_G+1","Defend_G","Survivor","Neutralize+1","Heel Hook","Sucker Punch+1","Acrobatics","Caltrops","Catalyst+1","Backflip+1","Dash+1","Dagger Spray","Envenom+1","Blade Dance","Crippling Poison","Dagger Spray","Bane","Deflect","A Thousand Cuts","Slice"],"relics":["Ring of the Snake","Sundial","Question Card","Sozu","Enchiridion","Bag of Preparation","Pantograph"],"acts_visited":["Exordium","TheCity"],"potions_floor_usage":[4,7,13],"damage_taken":[{"damage":0,"enemies":"Cultist","floor":1,"turns":5},{"damage":3,"enemies":"Small Slimes","floor":2,"turns":4},{"damage":0,"enemies":"2 Louse","floor":3,"turns":2},{"damage":13,"enemies":"Large Slime","floor":4,"turns":7},{"damage":3,"enemies":"Gremlin Gang","floor":5,"turns":7},{"damage":10,"enemies":"Exordium Thugs","floor":7,"turns":4},{"damage":0,"enemies":"Blue Slaver","floor":11,"turns":4},{"damage":15,"enemies":"3 Sentries","floor":13,"turns":11},{"damage":14,"enemies":"Hexaghost","floor":16,"turns":12},{"damage":4,"enemies":"3 Byrds","floor":18,"turns":5},{"damage":3,"enemies":"Shell Parasite","floor":21,"turns":5},{"damage":11,"enemies":"Snecko","floor":22,"turns":4},{"damage":29,"enemies":"Book of Stabbing","floor":24,"turns":6},{"damage":0,"enemies":"Centurion and Healer","floor":25,"turns":6},{"damage":9,"enemies":"Cultist and Chosen","floor":28,"turns":5}],"seed_played":"-5172649293073171498","potions_obtained":[{"floor":1,"key":"GamblersBrew"},{"floor":4,"key":"EssenceOfSteel"},{"floor":5,"key":"CultistPotion"},{"floor":13,"key":"SteroidPotion"}],"is_trial":false,"path_per_floor":["M","M","M","M","M","R","M","$","T","R","M","R","E","?","R","B",null,"M","?","$","M","M","R","E","M","T","?","M"],"character_chosen":"THE_SILENT","items_purchased":["Crippling Poison","Dagger Spray","Bane"],"campfire_rested":1,"item_purchase_floors":[20,20,20],"current_hp_per_floor":[70,67,67,54,51,51,41,41,41,41,41,41,26,12,33,19,70,66,50,50,47,36,36,7,7,7,7,0,0],"gold":76,"neow_bonus":"UPGRADE_CARD","is_daily":false,"chose_seed":false,"campfire_upgraded":4,"win_rate":0.0,"timestamp":1608803599,"path_taken":["M","M","M","M","M","R","M","?","T","R","M","R","E","?","R","BOSS","M","?","$","M","M","R","E","M","T","?","M"],"items_purchased_type":["Card","Card","Card"],"build_version":"2020-12-22","purchased_purges":2,"victory":false,"max_hp_per_floor":[70,70,70,70,70,70,70,70,70,70,70,70,70,70,70,70,70,70,70,70,70,70,70,70,70,70,70,70,70],"relic_stats":{"Sozu":4,"counters":[15,87],"Sundial":[8],"Pantograph":0,"Bag of Preparation":[4],"Question Card":6,"obtain_stats":[{"Sozu":17,"Sundial":9,"Pantograph":26,"Enchiridion":19,"Bag of Preparation":24,"Question Card":13,"Ring of the Snake":0},{"Sozu":9,"Sundial":6,"Pantograph":14,"Enchiridion":10,"Bag of Preparation":13,"Question Card":8,"Ring of the Snake":0},{"Sozu":56,"Sundial":29,"Pantograph":82,"Enchiridion":61,"Bag of Preparation":76,"Question Card":44,"Ring of the Snake":0}],"Ring of the Snake":[30]},"card_choices":[{"not_picked":["Reflex","Flying Knee"],"picked":"Heel Hook","floor":1},{"not_picked":["Heel Hook","Dagger Spray"],"picked":"Sucker Punch","floor":2},{"not_picked":["Terror","All Out Attack"],"picked":"Acrobatics","floor":3},{"not_picked":["Footwork","Quick Slash"],"picked":"Caltrops","floor":4},{"not_picked":["Flechettes","Dagger Throw"],"picked":"Catalyst","floor":5},{"not_picked":["Blade Dance","Caltrops"],"picked":"Backflip","floor":7},{"not_picked":["Infinite Blades","Expertise"],"picked":"Dash","floor":11},{"not_picked":["Bullet Time","Dash"],"picked":"Dagger Spray","floor":13},{"not_picked":["Burst","Bullet Time","Die Die Die"],"picked":"Envenom","floor":16},{"not_picked":["Outmaneuver+1","Dodge and Roll","Dagger Throw"],"picked":"Blade Dance","floor":18},{"not_picked":["Footwork","Quick Slash","Tactician"],"picked":"Deflect","floor":21},{"not_picked":["PiercingWail+1","Escape Plan","Underhanded Strike"],"picked":"A Thousand Cuts","floor":22},{"not_picked":["Dagger Throw+1","Expertise+1","Underhanded Strike"],"picked":"Slice","floor":24},{"not_picked":["Dash","Tactician","Flechettes","Quick Slash+1"],"picked":"SKIP","floor":25}],"player_experience":28354,"relics_obtained":[{"floor":9,"key":"Sundial"},{"floor":13,"key":"Question Card"},{"floor":19,"key":"Enchiridion"},{"floor":24,"key":"Bag of Preparation"},{"floor":26,"key":"Pantograph"}],"event_choices":[{"damage_healed":0,"gold_gain":0,"player_choice":"Entered Light","damage_taken":14,"max_hp_gain":0,"max_hp_loss":0,"event_name":"Shining Light","floor":14,"gold_loss":0,"cards_upgraded":["Defend_G","Defend_G"]},{"damage_healed":0,"gold_gain":0,"player_choice":"Obtained Book","damage_taken":16,"max_hp_gain":0,"max_hp_loss":0,"event_name":"Cursed Tome","floor":19,"gold_loss":0},{"damage_healed":0,"gold_gain":0,"player_choice":"Upgraded","damage_taken":0,"max_hp_gain":0,"max_hp_loss":0,"event_name":"Upgrade Shrine","floor":27,"gold_loss":0,"cards_upgraded":["Catalyst"]}],"is_beta":false,"boss_relics":[{"not_picked":["Snecko Eye","SlaversCollar"],"picked":"Sozu"}],"items_purged_floors":[8,20],"is_endless":false,"potions_floor_spawned":[1,4,5,13,18,22,24,25],"killed_by":"Cultist and Chosen","ascension_level":0}}