{"host":"diy71vlueofrnn1o","time":1608793936,"event":{"mods":["2.2 Compatiblity","AchievementEnabler","BaseMod","Best Route Mod","Colored Map","Curses Come First","DeckTracker","Minty Spire (QoL Compilation)","Quick Restart","Rare Cards Sparkle","StSLib","SuperFastMode"],"gold_per_floor":[114,129,139,149,50,76,76,111,137,137,137,137,212,237,237,340,340,357,163,177,195,207,207,207],"floor_reached":23,"playtime":908,"items_purged":["Strike_G","Regret"],"score":285,"play_id":"0890463b-5acf-4127-8dd8-e4fc6a9868a5","local_time":"20201224081216","is_ascension_mode":true,"campfire_choices":[{"data":"Dash","floor":7,"key":"SMITH"},{"data":"Dash","floor":10,"key":"SMITH"},{"data":"Sucker Punch","floor":12,"key":"SMITH"},{"floor":15,"key":"DIG"}],"circlet_count":0,"master_deck":["Strike_G","Strike_G","Strike_G","Strike_G","Defend_G","Defend_G","Defend_G","Defend_G","Defend_G","Survivor+1","Neutralize","Dash+1","Dagger Throw","Sucker Punch+1","Slice","Slice","Tactician+1","Dash+1","Prepared","Glass Knife","Backstab+1"],"relics":["Ring of the Snake","NeowsBlessing","Smiling Mask","Akabeko","War Paint","Regal Pillow","Shovel","Meat on the Bone","Fusion Hammer","Juzu Bracelet"],"acts_visited":["Exordium","TheCity"],"potions_floor_usage":[6,16,16,18,21,23],"damage_taken":[{"damage":0,"enemies":"Jaw Worm","floor":1,"turns":1},{"damage":0,"enemies":"Small Slimes","floor":2,"turns":1},{"damage":0,"enemies":"2 Louse","floor":3,"turns":1},{"damage":6,"enemies":"Exordium Thugs","floor":4,"turns":6},{"damage":4,"enemies":"3 Sentries","floor":6,"turns":7},{"damage":5,"enemies":"Gremlin Nob","floor":8,"turns":4},{"damage":4,"enemies":"Lagavulin","floor":14,"turns":5},{"damage":14,"enemies":"Slime Boss","floor":16,"turns":8},{"damage":2,"enemies":"2 Thieves","floor":18,"turns":4},{"damage":0,"enemies":"Spheric Guardian","floor":20,"turns":2},{"damage":9,"enemies":"Snake Plant","floor":21,"turns":5},{"damage":23,"enemies":"Cultist and Chosen","floor":22,"turns":8},{"damage":41,"enemies":"Gremlin Leader","floor":23,"turns":7}],"seed_played":"6926816233305834516","potions_obtained":[{"floor":3,"key":"CunningPotion"},{"floor":4,"key":"SkillPotion"},{"floor":8,"key":"SkillPotion"},{"floor":16,"key":"CunningPotion"},{"floor":20,"key":"Block Potion"},{"floor":22,"key":"Ancient Potion"}],"is_trial":false,"path_per_floor":["M","M","M","M","$","E","R","E","T","R","?","R","?","E","R","B",null,"M","$","M","M","M","E"],"character_chosen":"THE_SILENT","items_purchased":["Slice","Juzu Bracelet"],"campfire_rested":0,"item_purchase_floors":[5,19],"current_hp_per_floor":[63,63,63,57,57,53,53,48,48,48,48,48,37,33,33,31,60,58,58,58,49,38,0,0],"gold":207,"neow_bonus":"THREE_ENEMY_KILL","is_daily":false,"chose_seed":false,"campfire_upgraded":3,"win_rate":0.0,"timestamp":1608793936,"path_taken":["M","M","M","M","$","E","R","E","T","R","?","R","?","E","R","BOSS","M","$","M","M","M","E"],"items_purchased_type":["Card","Relic"],"build_version":"2020-12-22","purchased_purges":2,"victory":false,"max_hp_per_floor":[70,70,70,70,70,70,70,70,70,70,70,70,70,70,70,70,70,70,70,70,70,70,70,70],"card_choices":[{"not_picked":["Backflip","Predator"],"picked":"Dash","floor":1},{"not_picked":["Blade Dance","Distraction"],"picked":"Dagger Throw","floor":2},{"not_picked":["Bane","PiercingWail"],"picked":"Sucker Punch","floor":3},{"not_picked":["Prepared","Escape Plan"],"picked":"Slice","floor":4},{"not_picked":["Wraith Form v2","Sucker Punch"],"picked":"Tactician","floor":6},{"not_picked":["PiercingWail","Catalyst"],"picked":"Dash","floor":8},{"not_picked":["Eviscerate","Deadly Poison"],"picked":"Prepared","floor":14},{"not_picked":["Burst","Wraith Form v2"],"picked":"Glass Knife","floor":16},{"not_picked":["Blade Dance","Escape Plan","Bane+1"],"picked":"SKIP","floor":18},{"not_picked":["Dodge and Roll","Cloak And Dagger"],"picked":"Backstab+1","floor":20},{"not_picked":["Underhanded Strike","Deflect","Crippling Poison"],"picked":"SKIP","floor":21},{"not_picked":["Flechettes","Tactician","Deflect"],"picked":"SKIP","floor":22}],"player_experience":385726,"relics_obtained":[{"floor":6,"key":"Smiling Mask"},{"floor":8,"key":"Akabeko"},{"floor":9,"key":"War Paint"},{"floor":14,"key":"Shovel"},{"floor":15,"key":"Meat on the Bone"}],"event_choices":[{"damage_healed":0,"gold_gain":0,"player_choice":"Box","damage_taken":0,"relics_obtained":["Regal Pillow"],"max_hp_gain":0,"max_hp_loss":0,"event_name":"Big Fish","floor":11,"gold_loss":0,"cards_obtained":["Regret"]},{"damage_healed":0,"gold_gain":75,"player_choice":"Gather Gold","damage_taken":11,"max_hp_gain":0,"max_hp_loss":0,"event_name":"World of Goop","floor":13,"gold_loss":0}],"is_beta":false,"boss_relics":[{"not_picked":["Coffee Dripper","Astrolabe"],"picked":"Fusion Hammer"}],"items_purged_floors":[5,19],"is_endless":false,"potions_floor_spawned":[3,4,8,16,20,22],"killed_by":"Gremlin Leader","ascension_level":7}}