{"host":"8by3m8mve9y2rhh4","time":1608772442,"event":{"mods":["BaseMod","Minty Spire (QoL Compilation)","Quick Restart"],"gold_per_floor":[114,133,133,133,144,172,184,184,184,194,17,48,62,77,77,180,180,200,125,125,141,159,192,210,309,309,337,337,370,388,405,405,405,405],"floor_reached":33,"playtime":1386,"items_purged":["Dual Wield+1"],"score":337,"play_id":"c636b0aa-a036-43e4-9487-868e376848c8","local_time":"20201224011402","is_ascension_mode":true,"campfire_choices":[{"floor":8,"key":"REST"},{"floor":15,"key":"REST"},{"floor":32,"key":"REST"}],"circlet_count":0,"master_deck":["Strike_R","Strike_R","Defend_R+1","Defend_R","Defend_R","Defend_R","Bash","Twin Strike","Battle Trance+1","Cleave","Limit Break","Disarm","Apotheosis","Seeing Red","Whirlwind","Juggernaut","Immolate+1","Berserk+1","Shrug It Off","Sword Boomerang","Intimidate+1","Iron Wave","Cleave+1"],"relics":["Burning Blood","TungstenRod","Bronze Scales","Ornamental Fan","Paper Frog","Astrolabe","Nilry\u0027s Codex","Blue Candle","Pantograph","Happy Flower","Nunchaku"],"acts_visited":["Exordium","TheCity"],"potions_floor_usage":[5,6,14,22,24,27,27,30],"damage_taken":[{"damage":1,"enemies":"Jaw Worm","floor":1,"turns":6},{"damage":9,"enemies":"2 Louse","floor":2,"turns":3},{"damage":0,"enemies":"Small Slimes","floor":5,"turns":3},{"damage":21,"enemies":"Lagavulin","floor":6,"turns":6},{"damage":6,"enemies":"3 Louse","floor":7,"turns":3},{"damage":4,"enemies":"2 Fungi Beasts","floor":10,"turns":3},{"damage":29,"enemies":"Gremlin Nob","floor":12,"turns":5},{"damage":6,"enemies":"Looter","floor":13,"turns":3},{"damage":6,"enemies":"Blue Slaver","floor":14,"turns":3},{"damage":32,"enemies":"The Guardian","floor":16,"turns":10},{"damage":0,"enemies":"3 Byrds","floor":18,"turns":3},{"damage":1,"enemies":"Chosen","floor":21,"turns":5},{"damage":9,"enemies":"Centurion and Healer","floor":22,"turns":4},{"damage":29,"enemies":"Book of Stabbing","floor":23,"turns":6},{"damage":21,"enemies":"Shelled Parasite and Fungi","floor":24,"turns":8},{"damage":9,"enemies":"Slavers","floor":27,"turns":3},{"damage":47,"enemies":"Book of Stabbing","floor":29,"turns":6},{"damage":9,"enemies":"3 Cultists","floor":30,"turns":3},{"damage":1,"enemies":"Cultist and Chosen","floor":31,"turns":4},{"damage":96,"enemies":"Automaton","floor":33,"turns":10}],"seed_played":"-1838364289577767701","potions_obtained":[{"floor":2,"key":"DistilledChaos"},{"floor":5,"key":"FearPotion"},{"floor":12,"key":"BloodPotion"},{"floor":14,"key":"Fruit Juice"},{"floor":18,"key":"ColorlessPotion"},{"floor":22,"key":"BloodPotion"},{"floor":23,"key":"LiquidMemories"},{"floor":24,"key":"Energy Potion"}],"is_trial":false,"path_per_floor":["M","M","?","?","M","E","M","R","T","M","$","E","M","M","R","B",null,"M","$","?","M","M","E","M","?","T","E","?","E","M","M","R","B"],"character_chosen":"IRONCLAD","items_purchased":["Apotheosis"],"campfire_rested":3,"item_purchase_floors":[11],"current_hp_per_floor":[61,58,63,47,53,38,38,63,63,65,65,42,42,47,74,48,90,90,90,78,83,80,57,60,60,60,57,57,16,31,36,63,0,0],"gold":405,"neow_bonus":"ONE_RARE_RELIC","is_daily":false,"chose_seed":false,"campfire_upgraded":0,"win_rate":0.0,"timestamp":1608772442,"path_taken":["M","M","?","?","M","E","M","R","T","M","$","E","M","M","R","BOSS","M","$","?","M","M","E","M","?","T","E","?","E","M","M","R","BOSS"],"items_purchased_type":["Card"],"build_version":"2020-12-22","purchased_purges":1,"victory":false,"max_hp_per_floor":[80,80,85,85,85,85,85,85,85,85,85,85,85,90,90,90,90,90,90,90,90,90,90,90,90,90,90,90,90,90,90,90,90,90],"card_choices":[{"not_picked":["Heavy Blade","Carnage"],"picked":"Twin Strike","floor":1},{"not_picked":["Clothesline","Perfected Strike"],"picked":"Battle Trance","floor":2},{"not_picked":["Body Slam","Dual Wield"],"picked":"Cleave","floor":5},{"not_picked":["Anger","Heavy Blade"],"picked":"Limit Break","floor":6},{"not_picked":["Warcry","Clash","Perfected Strike"],"picked":"SKIP","floor":7},{"not_picked":["Clothesline","Rampage"],"picked":"Disarm","floor":10},{"not_picked":["Body Slam","Fiend Fire","Dual Wield"],"picked":"SKIP","floor":12},{"not_picked":["Second Wind","Dropkick"],"picked":"Seeing Red","floor":13},{"not_picked":["Heavy Blade","Sever Soul"],"picked":"Whirlwind","floor":14},{"not_picked":["Fiend Fire","Bludgeon"],"picked":"Juggernaut","floor":16},{"not_picked":["Warcry+1","Wild Strike+1","Twin Strike"],"picked":"SKIP","floor":18},{"not_picked":["Bloodletting","Infernal Blade"],"picked":"Shrug It Off","floor":21},{"not_picked":["Wild Strike","Heavy Blade"],"picked":"Sword Boomerang","floor":22},{"not_picked":["Clash+1","Intimidate+1","Pommel Strike"],"picked":"SKIP","floor":23},{"not_picked":["Clash+1","Pommel Strike"],"picked":"Intimidate+1","floor":23},{"not_picked":["Barricade","Dark Embrace+1"],"picked":"Iron Wave","floor":24},{"not_picked":["Twin Strike","Anger","Warcry+1"],"picked":"SKIP","floor":27},{"not_picked":["Warcry","Perfected Strike"],"picked":"Cleave+1","floor":29},{"not_picked":["Wild Strike","Warcry+1","Clash"],"picked":"SKIP","floor":30},{"not_picked":["Cleave+1","Clothesline","Entrench"],"picked":"SKIP","floor":31}],"player_experience":594249,"relics_obtained":[{"floor":6,"key":"Bronze Scales"},{"floor":9,"key":"Ornamental Fan"},{"floor":12,"key":"Paper Frog"},{"floor":20,"key":"Nilry\u0027s Codex"},{"floor":23,"key":"Blue Candle"},{"floor":26,"key":"Pantograph"},{"floor":27,"key":"Happy Flower"},{"floor":29,"key":"Nunchaku"}],"event_choices":[{"damage_healed":0,"gold_gain":0,"player_choice":"Donut","damage_taken":0,"max_hp_gain":5,"max_hp_loss":0,"event_name":"Big Fish","floor":3,"gold_loss":0},{"damage_healed":0,"gold_gain":0,"player_choice":"Entered Light","damage_taken":17,"max_hp_gain":0,"max_hp_loss":0,"event_name":"Shining Light","floor":4,"gold_loss":0,"cards_upgraded":["Battle Trance","Defend_R"]},{"damage_healed":0,"gold_gain":0,"player_choice":"Obtained Book","damage_taken":16,"max_hp_gain":0,"max_hp_loss":0,"event_name":"Cursed Tome","floor":20,"gold_loss":0},{"damage_healed":0,"gold_gain":99,"player_choice":"Stole From Cult","damage_taken":0,"max_hp_gain":0,"max_hp_loss":0,"event_name":"Nest","floor":25,"gold_loss":0},{"damage_healed":0,"gold_gain":0,"player_choice":"Ignored","damage_taken":0,"max_hp_gain":0,"max_hp_loss":0,"event_name":"Ghosts","floor":28,"gold_loss":0}],"is_beta":false,"boss_relics":[{"not_picked":["SacredBark","Velvet Choker"],"picked":"Astrolabe"}],"items_purged_floors":[19],"is_endless":false,"potions_floor_spawned":[2,5,12,14,18,22,23,24],"killed_by":"Automaton","ascension_level":1}}