{"host":"sav7uxregyirlf69","time":1608779332,"event":{"mods":["AchievementEnabler","BaseMod","Colored Map","DeckTracker","Keyboard Shortcuts","Minty Spire (QoL Compilation)","READ ME - Guardian Mod","StSLib","SuperFastMode"],"gold_per_floor":[115,190,190,115,115,154,154,188,242,142,165,165,200,2,2,131,131,147,147,147,163,188,188,188,188],"floor_reached":24,"playtime":450,"items_purged":["Strike_G","Strike_G","Defend_G"],"score":375,"play_id":"e3e73940-e2dd-40d3-9650-da6df39ca24e","local_time":"20201224120852","is_ascension_mode":true,"campfire_choices":[{"data":"Neutralize","floor":7,"key":"SMITH"},{"data":"Poisoned Stab","floor":15,"key":"SMITH"},{"floor":23,"key":"REST"}],"circlet_count":0,"master_deck":["AscendersBane","Strike_G","Strike_G","Strike_G","Defend_G","Defend_G","Defend_G","Defend_G","Survivor","Neutralize+1","Dagger Throw","Backflip","Dagger Spray","Blur","Poisoned Stab+1","Adrenaline","Well Laid Plans","Footwork","Blade Dance","Noxious Fumes"],"relics":["Ring of the Snake","NeowsBlessing","Golden Idol","Toy Ornithopter","Boot","Strawberry","Odd Mushroom","SlaversCollar"],"acts_visited":["Exordium","TheCity"],"potions_floor_usage":[16,16],"damage_taken":[{"damage":0,"enemies":"Jaw Worm","floor":1,"turns":1},{"damage":0,"enemies":"Gremlin Nob","floor":6,"turns":1},{"damage":0,"enemies":"3 Sentries","floor":8,"turns":2},{"damage":0,"enemies":"2 Louse","floor":11,"turns":2},{"damage":9,"enemies":"The Mushroom Lair","floor":13,"turns":4},{"damage":31,"enemies":"Hexaghost","floor":16,"turns":11},{"damage":25,"enemies":"Shell Parasite","floor":18,"turns":8},{"damage":2,"enemies":"Chosen","floor":21,"turns":6},{"damage":32,"enemies":"Shelled Parasite and Fungi","floor":22,"turns":7},{"damage":34,"enemies":"Snake Plant","floor":24,"turns":4}],"seed_played":"8962735530715359073","potions_obtained":[{"floor":6,"key":"Weak Potion"},{"floor":22,"key":"LiquidMemories"}],"is_trial":false,"path_per_floor":["M","?","?","$","?","E","R","E","T","$","M","?","?","$","R","B",null,"M","?","?","M","M","R","M"],"character_chosen":"THE_SILENT","items_purchased":["Poisoned Stab","Poison Potion"],"campfire_rested":1,"item_purchase_floors":[14,14],"current_hp_per_floor":[63,52,52,52,52,52,52,52,59,59,59,64,55,55,55,34,66,41,41,41,39,7,30,0,0],"gold":188,"neow_bonus":"THREE_ENEMY_KILL","is_daily":false,"chose_seed":false,"campfire_upgraded":2,"win_rate":0.0,"timestamp":1608779332,"path_taken":["M","?","?","$","?","E","R","E","T","$","M","?","?","$","R","BOSS","M","?","?","M","M","R","M"],"items_purchased_type":["Card","Potion"],"build_version":"2020-12-22","purchased_purges":3,"victory":false,"max_hp_per_floor":[70,70,65,65,65,65,65,65,72,72,72,77,77,77,77,77,77,77,77,77,77,77,77,77,77],"card_choices":[{"not_picked":["Skewer","Noxious Fumes"],"picked":"Dagger Throw","floor":1},{"not_picked":["Dodge and Roll","Bane"],"picked":"Backflip","floor":6},{"not_picked":["Distraction","Prepared"],"picked":"Dagger Spray","floor":8},{"not_picked":["Choke","Bane","Outmaneuver"],"picked":"SKIP","floor":11},{"not_picked":["Blade Dance","Die Die Die"],"picked":"Blur","floor":13},{"not_picked":["Burst","Wraith Form v2"],"picked":"Adrenaline","floor":16},{"not_picked":["PiercingWail","Expertise+1"],"picked":"Well Laid Plans","floor":18},{"not_picked":["Acrobatics","Slice"],"picked":"Blade Dance","floor":21},{"not_picked":["Poisoned Stab+1","Finisher+1"],"picked":"Noxious Fumes","floor":22}],"player_experience":997028,"relics_obtained":[{"floor":6,"key":"Toy Ornithopter"},{"floor":8,"key":"Boot"},{"floor":9,"key":"Strawberry"},{"floor":13,"key":"Odd Mushroom"}],"event_choices":[{"damage_healed":0,"gold_gain":75,"player_choice":"Gather Gold","damage_taken":11,"max_hp_gain":0,"max_hp_loss":0,"event_name":"World of Goop","floor":2,"gold_loss":0},{"damage_healed":0,"gold_gain":0,"player_choice":"Lose Max HP","damage_taken":0,"relics_obtained":["Golden Idol"],"max_hp_gain":0,"max_hp_loss":5,"event_name":"Golden Idol","floor":3,"gold_loss":0},{"damage_healed":0,"gold_gain":0,"player_choice":"Ignored","damage_taken":0,"max_hp_gain":0,"max_hp_loss":0,"event_name":"Liars Game","floor":5,"gold_loss":0},{"damage_healed":0,"gold_gain":0,"player_choice":"Donut","damage_taken":0,"max_hp_gain":5,"max_hp_loss":0,"event_name":"Big Fish","floor":12,"gold_loss":0},{"damage_healed":0,"gold_gain":0,"player_choice":"Fought Mushrooms","damage_taken":0,"max_hp_gain":0,"max_hp_loss":0,"event_name":"Mushrooms","floor":13,"gold_loss":0},{"damage_healed":0,"gold_gain":0,"player_choice":"Read","damage_taken":0,"max_hp_gain":0,"max_hp_loss":0,"event_name":"The Library","floor":19,"gold_loss":0,"cards_obtained":["Footwork"]},{"damage_healed":0,"gold_gain":0,"player_choice":"Ignored","damage_taken":0,"max_hp_gain":0,"max_hp_loss":0,"event_name":"Cursed Tome","floor":20,"gold_loss":0}],"is_beta":false,"boss_relics":[{"not_picked":["Ectoplasm","Fusion Hammer"],"picked":"SlaversCollar"}],"items_purged_floors":[4,10,14],"is_endless":false,"potions_floor_spawned":[6,22],"killed_by":"Snake Plant","ascension_level":10}}