{"host":"k0kjm4m87pwj4phr","time":1608806689,"event":{"mods":["ATMod(°¢èªMod)","BaseMod","Colored Map","Colored Powertips","Minty Spire (QoL Compilation)","Permanent Neow","Quick Restart","Relic Stats","Replay The Spire","StSLib","The Dragon Tamer"],"gold_per_floor":[118,118,136,146,158,158,193,118,143,143,155,155,168,200,200,304,304,320,49,67,82,22,22,52,52,132,163,163,178,203,128,128,229,229,247,247,247,301,315,346,346,373,399,4,66,111,147,203,203,328,328,328,52,128,153],"floor_reached":56,"playtime":2684,"items_purged":["Pain","Decay","AT_WindRun"],"score":2330,"play_id":"96126af4-9e2b-49e5-8fe4-a2797b78d013","local_time":"20201224184449","is_ascension_mode":true,"campfire_choices":[{"floor":6.0,"key":"RECALL"},{"floor":10.0,"key":"REST"},{"floor":15.0,"key":"REST"},{"floor":23.0,"key":"REST"},{"floor":28.0,"key":"REST"},{"floor":32.0,"key":"REST"},{"floor":41,"key":"REST"},{"floor":49,"key":"REST"},{"floor":52,"key":"REST"}],"circlet_count":0,"master_deck":["AscendersBane","Survivor","Neutralize","AT_FamilyPortrait","Backstab","Calculated Gamble+1","Cloak And Dagger+1","Tactician+1","Tools of the Trade+1","Night Terror+1","Grand Finale+1","Wraith Form v2+1","Envenom","Envenom+1","Tactician+1","AT_WindRun+1","A Thousand Cuts+1","After Image","AT_ArcaneSupremacy","Draining Mist","AT_WindFlip","AT_Desolate+1","Blade Dance","Skewer","Backstab+1","AT_TinkerSharpsword+1","Hallucinations","AT_FocusSwordFire+1"],"relics":["Ring of the Snake","AT_ATBox","AT_TrinityForce","Fusion Hammer","WarpedTongs","War Paint","AT_SunfireAegis","The Specimen","Replay:Grab Bag","Cursed Key","Sozu","Astrolabe","WristBlade","Gremlin Food","Sundial","Pear","Meat on the Bone","AT_RedNoBalance","Garlic","Pandora\u0027s Box","Lizard Tail","Nunchaku","ReplayTheSpireMod:TigerMarble","Orichalcum","AT_Manta","AT_MibuBalloonWealth","Snack Pack","Guide Book","Centennial Puzzle"],"acts_visited":["Exordium","TheCity","TheBeyond","TheEnding"],"potions_floor_usage":[55,55],"damage_taken":[{"damage":0.0,"enemies":"Jaw Worm","floor":1.0,"turns":1.0},{"damage":3.0,"enemies":"Cultist","floor":3.0,"turns":1.0},{"damage":3.0,"enemies":"2 Louse","floor":4.0,"turns":2.0},{"damage":6.0,"enemies":"Blue Slaver","floor":5.0,"turns":2.0},{"damage":19.0,"enemies":"Lagavulin","floor":7.0,"turns":4.0},{"damage":1.0,"enemies":"Exordium Thugs","floor":11.0,"turns":2.0},{"damage":0.0,"enemies":"2 Fungi Beasts","floor":13.0,"turns":2.0},{"damage":10.0,"enemies":"3 Sentries","floor":14.0,"turns":4.0},{"damage":21.0,"enemies":"Hexaghost","floor":16.0,"turns":7.0},{"damage":8.0,"enemies":"3 Byrds","floor":18.0,"turns":4.0},{"damage":0.0,"enemies":"2 Thieves","floor":20.0,"turns":2.0},{"damage":0.0,"enemies":"Snecko","floor":21.0,"turns":4.0},{"damage":8.0,"enemies":"Book of Stabbing","floor":24.0,"turns":3.0},{"damage":9.0,"enemies":"Gremlin Leader","floor":27.0,"turns":3.0},{"damage":9.0,"enemies":"Centurion and Healer","floor":29.0,"turns":5.0},{"damage":14.0,"enemies":"Replay:Snechameleon","floor":30.0,"turns":3.0},{"damage":14.0,"enemies":"Pondfish","floor":33.0,"turns":7.0},{"damage":0.0,"enemies":"Orb Walker","floor":35.0,"turns":1.0},{"damage":0,"enemies":"2 Orb Walkers","floor":38,"turns":2},{"damage":3,"enemies":"3 Shapes","floor":39,"turns":2},{"damage":19,"enemies":"R_Hoarder","floor":40,"turns":4},{"damage":0,"enemies":"Giant Head","floor":42,"turns":6},{"damage":0,"enemies":"Transient","floor":46,"turns":4},{"damage":0,"enemies":"Spire Growth","floor":47,"turns":1},{"damage":0,"enemies":"Nemesis","floor":48,"turns":1},{"damage":46,"enemies":"Awakened One","floor":50,"turns":5},{"damage":2,"enemies":"Shield and Spear","floor":54,"turns":4},{"damage":68,"enemies":"The Heart","floor":55,"turns":4}],"seed_played":"-6106017157392002396","potions_obtained":[{"floor":3.0,"key":"Reflective Coating"},{"floor":5.0,"key":"PowerPotion"},{"floor":11.0,"key":"Dexterity Potion"}],"is_trial":false,"path_per_floor":["M","?","M","M","M","R","E","$","T","R","M","T","M","E","R","B",null,"M","$","M","M","?","R","E","?","T","E","R","M","E","?","R","B",null,"M","?","?","?","M","E","R","E","T","$","?","M","M","E","R","B",null,"R","$","E","B",null],"character_chosen":"THE_SILENT","items_purchased":["Gremlin Food","Envenom","AT_Manta","Guide Book"],"campfire_rested":8,"item_purchase_floors":[19,19,44,53],"current_hp_per_floor":[63,63,60,57,51,51,32,32,32,53,52,52,52,42,63,42,63,55,55,55,55,55,70,62,72,72,63,80,43,38,38,61,36,67,67,67,67,67,64,45,68,68,68,68,68,68,68,68,77,47,70,77,77,75,28],"gold":153,"neow_bonus":"DOUBLE_BOSS_RELIC","is_daily":false,"chose_seed":false,"campfire_upgraded":0,"win_rate":0.0,"timestamp":1608806689,"path_taken":["M","?","M","?","M","R","E","?","T","R","M","?","M","E","R","BOSS","M","?","?","M","?","R","E","?","T","E","R","?","E","?","R","BOSS","M","?","?","?","M","E","R","E","T","$","?","M","M","E","R","BOSS","R","$","E","BOSS"],"items_purchased_type":["Relic","Card","Relic","Relic"],"build_version":"2020-12-22","purchased_purges":3,"victory":true,"max_hp_per_floor":[70,70,70,70,70,70,70,70,70,70,70,70,70,70,70,70,70,70,70,70,70,70,70,70,80,80,80,80,80,80,77,77,77,77,77,77,77,77,77,77,77,77,77,77,77,77,77,77,77,77,77,77,77,77,77],"relic_stats":{"counters":[28,90],"Astrolabe":["Grand Finale","Flechettes","Wraith Form v2"],"War Paint":["Defend_G","Defend_G"],"Orichalcum":[36],"Cursed Key":2,"WarpedTongs":[85],"Sozu":7,"Lizard Tail":0,"Nunchaku":[11],"Centennial Puzzle":[1],"Sundial":[4],"Pandora\u0027s Box":["AT_ArcaneSupremacy","Draining Mist","AT_WindFlip","AT_Desolate","AT_WindRun","Blade Dance","Skewer"],"obtain_stats":[{"AT_ATBox":0,"AT_MibuBalloonWealth":45,"Cursed Key":17,"Sozu":17,"Lizard Tail":38,"Nunchaku":40,"Centennial Puzzle":54,"WristBlade":17,"Sundial":24,"AT_TrinityForce":0,"Fusion Hammer":0,"AT_RedNoBalance":33,"Ring of the Snake":0,"Gremlin Food":19,"Pear":25,"The Specimen":14,"AT_Manta":44,"Replay:Grab Bag":17,"Astrolabe":17,"Guide Book":53,"AT_SilverBalance":27,"War Paint":7,"Orichalcum":43,"WarpedTongs":2,"Pandora\u0027s Box":34,"Garlic":30,"ReplayTheSpireMod:TigerMarble":42,"Snack Pack":48,"AT_SunfireAegis":9,"Meat on the Bone":26},{"AT_ATBox":0,"AT_MibuBalloonWealth":22,"Cursed Key":9,"Sozu":9,"Lizard Tail":19,"Nunchaku":21,"Centennial Puzzle":27,"WristBlade":9,"Sundial":13,"AT_TrinityForce":0,"Fusion Hammer":0,"AT_RedNoBalance":17,"Ring of the Snake":0,"Gremlin Food":10,"Pear":13,"The Specimen":8,"AT_Manta":22,"Replay:Grab Bag":9,"Astrolabe":9,"Guide Book":26,"AT_SilverBalance":14,"War Paint":5,"Orichalcum":22,"WarpedTongs":1,"Pandora\u0027s Box":17,"Garlic":16,"ReplayTheSpireMod:TigerMarble":22,"Snack Pack":25,"AT_SunfireAegis":5,"Meat on the Bone":13},{"AT_ATBox":0,"AT_MibuBalloonWealth":71,"Cursed Key":25,"Sozu":25,"Lizard Tail":59,"Nunchaku":65,"Centennial Puzzle":86,"WristBlade":25,"Sundial":38,"AT_TrinityForce":0,"Fusion Hammer":0,"AT_RedNoBalance":49,"Ring of the Snake":0,"Gremlin Food":29,"Pear":38,"The Specimen":18,"AT_Manta":71,"Replay:Grab Bag":25,"Astrolabe":25,"Guide Book":82,"AT_SilverBalance":41,"War Paint":10,"Orichalcum":71,"WarpedTongs":1,"Pandora\u0027s Box":56,"Garlic":49,"ReplayTheSpireMod:TigerMarble":71,"Snack Pack":77,"AT_SunfireAegis":10,"Meat on the Bone":38}],"Ring of the Snake":[56],"Meat on the Bone":60},"card_choices":[{"not_picked":["Dagger Spray","Reflex","Bane"],"picked":"SKIP","floor":1.0},{"not_picked":["Deflect","Poisoned Stab"],"picked":"Backstab","floor":3.0},{"not_picked":["Deflect","Underhanded Strike"],"picked":"Calculated Gamble","floor":4.0},{"not_picked":["Reflex","Dodge and Roll","Distraction"],"picked":"SKIP","floor":5.0},{"not_picked":["Prepared","Poisoned Stab","Flying Knee"],"picked":"SKIP","floor":7.0},{"not_picked":["Bane","Deflect"],"picked":"Cloak And Dagger","floor":11.0},{"not_picked":["Bane","PiercingWail"],"picked":"Tactician","floor":13.0},{"not_picked":["Quick Slash","Sucker Punch"],"picked":"Tools of the Trade","floor":14.0},{"not_picked":["Glass Knife","Malaise"],"picked":"Night Terror","floor":16.0},{"not_picked":["Deadly Poison","Dodge and Roll","PiercingWail"],"picked":"SKIP","floor":18.0},{"not_picked":["Deflect","Dagger Throw"],"picked":"Tactician+1","floor":20.0},{"not_picked":["Underhanded Strike","AT_TinkerSharpsword+1","AT_FocusSwordFire"],"picked":"SKIP","floor":21.0},{"not_picked":["Dagger Throw+1","Slice+1"],"picked":"AT_WindRun+1","floor":24.0},{"not_picked":["Deadly Poison","Blade Dance"],"picked":"A Thousand Cuts","floor":27.0},{"not_picked":["AT_TwilightShroud","Setup","Deadly Poison"],"picked":"SKIP","floor":29.0},{"not_picked":["Deadly Poison","ReplayTheSpireMod:Speed Training","Quick Slash"],"picked":"SKIP","floor":30.0},{"not_picked":["Doppelganger","Phantasmal Killer"],"picked":"After Image","floor":33.0},{"not_picked":["Dagger Spray+1","Draining Mist+1","Skewer+1"],"picked":"SKIP","floor":35.0},{"not_picked":["Skewer+1","Poisoned Stab+1"],"picked":"Backstab+1","floor":38},{"not_picked":["Dagger Spray","Bouncing Flask","Noxious Fumes"],"picked":"SKIP","floor":39},{"not_picked":["Dodge and Roll+1","Deflect+1","Underhanded Strike"],"picked":"SKIP","floor":40},{"not_picked":["AT_WomanClash","AT_TwilightShroud"],"picked":"AT_TinkerSharpsword+1","floor":42},{"not_picked":["Dash","Blade Dance+1"],"picked":"AT_FocusSwordFire+1","floor":45},{"not_picked":["Bouncing Flask+1","Deflect+1","Night Terror"],"picked":"SKIP","floor":46},{"not_picked":["Draining Mist+1","Masterful Stab+1","Poisoned Stab+1"],"picked":"SKIP","floor":47},{"not_picked":["Poisoned Stab","Cloak And Dagger","Escape Plan"],"picked":"SKIP","floor":48},{"not_picked":["Poisoned Stab","Dash","Underhanded Strike"],"picked":"SKIP","floor":54}],"player_experience":424603,"relics_obtained":[{"floor":7.0,"key":"War Paint"},{"floor":9.0,"key":"AT_SunfireAegis"},{"floor":14.0,"key":"The Specimen"},{"floor":24.0,"key":"Sundial"},{"floor":26.0,"key":"Meat on the Bone"},{"floor":27.0,"key":"AT_SilverBalance"},{"floor":30.0,"key":"Garlic"},{"floor":38,"key":"Lizard Tail"},{"floor":40,"key":"Nunchaku"},{"floor":42,"key":"ReplayTheSpireMod:TigerMarble"},{"floor":43,"key":"Orichalcum"},{"floor":45,"key":"AT_MibuBalloonWealth"},{"floor":48,"key":"Snack Pack"},{"floor":54,"key":"Centennial Puzzle"}],"event_choices":[{"damage_healed":0.0,"max_hp_gain":0.0,"max_hp_loss":0.0,"gold_gain":0.0,"event_name":"Accursed Blacksmith","player_choice":"Rummage","floor":2.0,"gold_loss":0.0,"damage_taken":0.0,"relics_obtained":["WarpedTongs"],"cards_obtained":["Pain"]},{"damage_healed":0.0,"max_hp_gain":0.0,"max_hp_loss":0.0,"gold_gain":0.0,"event_name":"WeMeetAgain","player_choice":"Gave Potion","floor":25.0,"gold_loss":0.0,"damage_taken":0.0,"relics_obtained":["Pear"]},{"cards_removed":["Parasite"],"damage_healed":0.0,"max_hp_gain":0.0,"max_hp_loss":0.0,"gold_gain":0.0,"event_name":"Beggar","player_choice":"Gave Gold","floor":31.0,"gold_loss":75.0,"damage_taken":0.0},{"damage_healed":0.0,"max_hp_gain":0.0,"max_hp_loss":0.0,"gold_gain":0.0,"event_name":"SensoryStone","player_choice":"Memory 1","floor":36.0,"gold_loss":0.0,"damage_taken":0.0},{"cards_removed":["Flechettes"],"damage_healed":0.0,"max_hp_gain":0.0,"max_hp_loss":0.0,"gold_gain":0.0,"event_name":"Falling","player_choice":"Removed Attack","floor":37.0,"gold_loss":0.0,"damage_taken":0.0},{"damage_healed":0,"gold_gain":0,"player_choice":"Fight","damage_taken":0,"max_hp_gain":0,"max_hp_loss":0,"event_name":"Mysterious Sphere","floor":38,"gold_loss":0}],"is_beta":false,"boss_relics":[{"not_picked":["Ring of the Serpent","Busted Crown"],"picked":"Replay:Grab Bag"},{"not_picked":["ChewingGum","Coffee Dripper"],"picked":"Cursed Key"},{"not_picked":["Runic Dome","SlaversCollar"],"picked":"Sozu"},{"not_picked":["Runic Pyramid","Snecko Eye"],"picked":"Astrolabe"},{"not_picked":["Tiny House","Honey Jar"],"picked":"WristBlade"},{"not_picked":["ReplayTheSpireMod:DimensionalGlitch","Replay:Bronze Core"],"picked":"Pandora\u0027s Box"}],"items_purged_floors":[8,44,53],"is_endless":false,"potions_floor_spawned":[3,5,11,13,16,20,21,24,35,42,48],"ascension_level":10}}