{"host":"qwttrqaysb380yri","time":1608789835,"event":{"mods":["BaseMod","Custom Start","Minty Spire (QoL Compilation)","Permanent Neow","Puzzle Mod","Relic Stats","StSLib","The Cursed","The Hierophant"],"gold_per_floor":[117,117,130,130,150,161,161,171,197,229,255,255,255],"floor_reached":12,"playtime":313,"items_purged":[],"score":158,"play_id":"2a906e35-7a84-46a4-ad58-fd5f00bbe76f","local_time":"20201224070355","is_ascension_mode":true,"campfire_choices":[{"data":"hierophant:PassingBell","floor":7,"key":"SMITH"}],"circlet_count":0,"master_deck":["AscendersBane","hierophant:Strike_Hierophant","hierophant:Strike_Hierophant","hierophant:Strike_Hierophant","hierophant:Strike_Hierophant","hierophant:Punish","hierophant:Defend_Hierophant","hierophant:Defend_Hierophant","hierophant:Defend_Hierophant+1","hierophant:Defend_Hierophant","hierophant:ChurchCoffers+1","hierophant:Smite","hierophant:PassingBell+1","hierophant:Exaltation","hierophant:Shelter","hierophant:HolyVerse","hierophant:Doubloon","hierophant:CoinFling","hierophant:PassingBell"],"relics":["hierophant:PropheticMaskRelic","Bag of Marbles","War Paint","Oddly Smooth Stone","Bronze Scales"],"acts_visited":["Exordium"],"potions_floor_usage":[6,6,11,12],"damage_taken":[{"damage":0,"enemies":"Small Slimes","floor":1,"turns":2},{"damage":7,"enemies":"Jaw Worm","floor":3,"turns":2},{"damage":0,"enemies":"2 Louse","floor":5,"turns":1},{"damage":23,"enemies":"Lagavulin","floor":6,"turns":5},{"damage":0,"enemies":"Exordium Wildlife","floor":8,"turns":1},{"damage":11,"enemies":"3 Sentries","floor":10,"turns":6},{"damage":0,"enemies":"3 Louse","floor":11,"turns":2},{"damage":29,"enemies":"Gremlin Nob","floor":12,"turns":3}],"seed_played":"-8293312608144406370","potions_obtained":[{"floor":1,"key":"PowerPotion"},{"floor":5,"key":"Block Potion"},{"floor":6,"key":"Strength Potion"},{"floor":10,"key":"GamblersBrew"}],"is_trial":false,"path_per_floor":["M","?","M","?","M","E","R","M","T","E","M","E"],"character_chosen":"HIEROPHANT","items_purchased":[],"campfire_rested":0,"item_purchase_floors":[],"current_hp_per_floor":[68,68,61,61,61,38,38,38,38,27,27,0,0],"gold":255,"neow_bonus":"RANDOM_COMMON_RELIC","is_daily":false,"chose_seed":false,"campfire_upgraded":1,"win_rate":0.0,"timestamp":1608789835,"path_taken":["M","?","M","?","M","E","R","M","T","E","M","E"],"items_purchased_type":[],"build_version":"2020-12-22","purchased_purges":0,"victory":false,"max_hp_per_floor":[75,75,75,75,75,75,75,75,75,75,75,75,75],"relic_stats":{"counters":[8,22],"Bronze Scales":[3],"War Paint":["hierophant:ChurchCoffers","hierophant:Defend_Hierophant"],"obtain_stats":[{"hierophant:PropheticMaskRelic":0,"Bronze Scales":10,"Oddly Smooth Stone":9,"Bag of Marbles":0,"War Paint":6},{"hierophant:PropheticMaskRelic":0,"Bronze Scales":6,"Oddly Smooth Stone":5,"Bag of Marbles":0,"War Paint":4},{"hierophant:PropheticMaskRelic":0,"Bronze Scales":17,"Oddly Smooth Stone":11,"Bag of Marbles":0,"War Paint":10}]},"card_choices":[{"not_picked":["hierophant:Dazzle","hierophant:FieryStrike"],"picked":"hierophant:Smite","floor":1},{"not_picked":["hierophant:Empathy","hierophant:MorningPrayer"],"picked":"hierophant:PassingBell","floor":3},{"not_picked":["hierophant:MorningPrayer","hierophant:MirrorShield"],"picked":"hierophant:Exaltation","floor":5},{"not_picked":["hierophant:Endure","hierophant:Encroach"],"picked":"hierophant:Shelter","floor":6},{"not_picked":["hierophant:Repentance","hierophant:Encroach"],"picked":"hierophant:HolyVerse","floor":8},{"not_picked":["hierophant:MintersHammer","hierophant:Upheaval"],"picked":"hierophant:CoinFling","floor":10},{"not_picked":["hierophant:SecretStash","hierophant:SealAway"],"picked":"hierophant:PassingBell","floor":11}],"player_experience":1942559,"relics_obtained":[{"floor":6,"key":"War Paint"},{"floor":9,"key":"Oddly Smooth Stone"},{"floor":10,"key":"Bronze Scales"}],"event_choices":[{"damage_healed":0,"gold_gain":0,"player_choice":"Leave","damage_taken":0,"max_hp_gain":0,"max_hp_loss":0,"event_name":"The Cleric","floor":2,"gold_loss":0},{"damage_healed":0,"gold_gain":0,"player_choice":"Ignored","damage_taken":0,"max_hp_gain":0,"max_hp_loss":0,"event_name":"Shining Light","floor":4,"gold_loss":0}],"is_beta":false,"boss_relics":[],"items_purged_floors":[],"is_endless":false,"potions_floor_spawned":[1,5,6,10],"killed_by":"Gremlin Nob","ascension_level":15}}