{"host":"cr9rpoy6dx9riis3","time":1608841304,"event":{"mods":["AchievementEnabler","BaseMod","Better Altar","Better Note","Better Sensory Stone","Better Skull","Better Third Choice","Better-Laid Plans","BetterRewards","Block Reminder","Curses Come First","Displayed Cursed Tome","Emptier Cage","Marked Mod","Minty Spire (QoL Compilation)","Permanent Neow","Relic Sorter","StSLib","The Blue Laboratory","Transform Curses"],"gold_per_floor":[113,131,151,373,392,392,412,431,431,22,22,45,45,45],"floor_reached":13,"playtime":378,"items_purged":[],"score":100,"play_id":"488d5d44-6c74-489e-98d8-18269bc7ba4a","local_time":"20201224212144","is_ascension_mode":true,"campfire_choices":[{"data":"Metallicize","floor":6,"key":"SMITH"},{"data":"Feed","floor":11,"key":"SMITH"}],"circlet_count":0,"master_deck":["Strike_R+1","Strike_R","Strike_R","Strike_R","Strike_R","Defend_R","Defend_R+1","Defend_R+1","Defend_R","Bash","Flame Barrier+1","Hemokinesis","Metallicize+1","Feed+1"],"relics":["Burning Blood","Toy Ornithopter","PreservedInsect","Self Forming Clay","Orichalcum"],"acts_visited":["Exordium"],"potions_floor_usage":[5,13],"damage_taken":[{"damage":0,"enemies":"Cultist","floor":1,"turns":3},{"damage":7,"enemies":"Jaw Worm","floor":2,"turns":3},{"damage":8,"enemies":"Small Slimes","floor":3,"turns":3},{"damage":8,"enemies":"Exordium Wildlife","floor":5,"turns":3},{"damage":8,"enemies":"Looter","floor":7,"turns":3},{"damage":5,"enemies":"3 Louse","floor":8,"turns":3},{"damage":29,"enemies":"Lagavulin","floor":13,"turns":7}],"seed_played":"-4474644055535239122","potions_obtained":[{"floor":2,"key":"Explosive Potion"},{"floor":5,"key":"blueLaboratory:BottleOfRum"}],"is_trial":false,"path_per_floor":["M","M","M","?","M","R","M","M","T","$","R","T","E"],"character_chosen":"IRONCLAD","items_purchased":["Self Forming Clay","PreservedInsect"],"campfire_rested":0,"item_purchase_floors":[10,10],"current_hp_per_floor":[78,77,75,18,21,21,19,23,23,23,23,23,0,0],"gold":45,"neow_bonus":"RANDOM_COMMON_RELIC","is_daily":false,"chose_seed":false,"campfire_upgraded":2,"win_rate":0.0,"timestamp":1608841304,"path_taken":["M","M","?","?","?","R","M","M","T","$","R","?","E"],"items_purchased_type":["Relic","Relic"],"build_version":"2020-12-22","purchased_purges":0,"victory":false,"max_hp_per_floor":[80,80,80,80,80,80,80,83,83,83,83,83,83,83],"card_choices":[{"not_picked":["Twin Strike","Infernal Blade"],"picked":"Flame Barrier","floor":1},{"not_picked":["Reckless Charge","Pommel Strike","Flex"],"picked":"SKIP","floor":2},{"not_picked":["Armaments","Cleave"],"picked":"Hemokinesis","floor":3},{"not_picked":["Inflame","Seeing Red"],"picked":"Metallicize","floor":5},{"not_picked":["Dark Embrace","Clash"],"picked":"Feed","floor":7},{"not_picked":["Battle Trance","Headbutt","Twin Strike"],"picked":"SKIP","floor":8}],"player_experience":746141,"relics_obtained":[{"floor":12,"key":"War Paint"}],"event_choices":[{"damage_healed":0,"gold_gain":222,"player_choice":"UP RE GO UP GO ","damage_taken":65,"relics_obtained":["Toy Ornithopter"],"max_hp_gain":0,"max_hp_loss":0,"event_name":"betterSkull:BetterSkull","floor":4,"gold_loss":0,"cards_upgraded":["Defend_R","Strike_R"]}],"is_beta":false,"boss_relics":[],"items_purged_floors":[],"is_endless":false,"potions_floor_spawned":[2,5],"killed_by":"Lagavulin","ascension_level":6}}