{"host":"er8s5flrc5z1a07t","time":1608769862,"event":{"mods":["2.2 Compatiblity","Act Like it!","Bard","BaseMod","Better Note","Better Third Choice","Downfall","Duelist Mod","Elementarium","Energized Spire","GifTheSpireLib","Hermit","Hubris","Infinite Spire","Minty Spire (QoL Compilation)","Relic Stats","Replay The Spire","Shop Mod","StSLib","Stuff the Spire","Synergy Search","The Cursed","The Disciple","The Mystic"],"gold_per_floor":[114,114,128,142,142,142,26,26,102,102,102,117,129,157,157,234,234,246,261,261,276,11,11,11,31,31,131,131,150,182,182,182],"floor_reached":31,"playtime":1383,"items_purged":["Strike_G","Strike_G"],"score":472,"play_id":"6185b7ee-6951-4663-ad3f-30f0b3a0dcba","local_time":"20201223193102","is_ascension_mode":true,"campfire_choices":[{"data":"Malaise","floor":6,"key":"SMITH"},{"data":"Deadly Poison","floor":8,"key":"SMITH"},{"data":"infinitespire:Fortify","floor":11,"key":"SMITH"},{"data":"Poisoned Stab","floor":15,"key":"SMITH"},{"data":"Footwork","floor":23,"key":"SMITH"},{"floor":28,"key":"REST"}],"circlet_count":0,"master_deck":["AscendersBane","Strike_G","Strike_G","Strike_G","Defend_G","Defend_G","Defend_G","Defend_G","Defend_G","Survivor","Neutralize","Malaise+1","Deadly Poison+1","StuffTheSpire:Python","Blade Dance","infinitespire:Fortify+1","PiercingWail+1","Parasite","Cloak And Dagger","Bane","Poisoned Stab+1","Wraith Form v2","Toxin Wave","Hidden Blade+1","Footwork+1","StuffTheSpire:ReptileScales+1","Expertise","PiercingWail","ReplayTheSpireMod:Tripwire"],"relics":["Ring of the Snake","hubris:Towel","Replay:WaspNest","Juzu Bracelet","Snecko Eye","hubris:Icosahedron","Art of War","StuffTheSpire:RubySignet","hubris:Spice","StuffTheSpire:ForceGauntlet","Replay:Bottled Snecko"],"acts_visited":["Exordium","TheCity"],"potions_floor_usage":[14,21,27,27,30],"damage_taken":[{"damage":2,"enemies":"2 Louse","floor":1,"turns":3},{"damage":16,"enemies":"Jaw Worm","floor":3,"turns":6},{"damage":0,"enemies":"Small Slimes","floor":4,"turns":6},{"damage":0,"enemies":"Exordium Wildlife","floor":12,"turns":4},{"damage":0,"enemies":"3 Louse","floor":13,"turns":5},{"damage":14,"enemies":"Lagavulin","floor":14,"turns":8},{"damage":2,"enemies":"Hexaghost","floor":16,"turns":9},{"damage":9,"enemies":"Shell Parasite","floor":18,"turns":7},{"damage":15,"enemies":"Spheric Guardian","floor":19,"turns":6},{"damage":4,"enemies":"Snecko","floor":21,"turns":7},{"damage":12,"enemies":"Snake Plant","floor":25,"turns":4},{"damage":12,"enemies":"Colosseum Slavers","floor":27,"turns":4},{"damage":57,"enemies":"Colosseum Nobs","floor":27,"turns":6},{"damage":8,"enemies":"Centurion and Healer","floor":29,"turns":10},{"damage":9,"enemies":"Book of Stabbing","floor":30,"turns":5},{"damage":0,"enemies":"3 Cultists","floor":31,"turns":1}],"seed_played":"-611005138563408275","potions_obtained":[{"floor":12,"key":"LiquidMemories"},{"floor":14,"key":"Strength Potion"},{"floor":16,"key":"DistilledChaos"},{"floor":21,"key":"SneckoOil"}],"is_trial":false,"path_per_floor":["M","?","M","M","?","R","$","R","T","?","R","M","M","E","R","B",null,"M","M","?","M","$","R","?","M","T","?","R","M","E","M"],"character_chosen":"THE_SILENT","items_purchased":["PiercingWail+1","Art of War"],"campfire_rested":1,"item_purchase_floors":[7,22],"current_hp_per_floor":[57,57,41,41,25,25,25,25,25,41,41,41,41,27,27,25,56,47,32,32,28,28,28,28,66,66,11,33,25,16,16,16],"gold":182,"neow_bonus":"ONE_RANDOM_RARE_CARD","is_daily":false,"chose_seed":false,"campfire_upgraded":5,"win_rate":0.0,"timestamp":1608769862,"path_taken":["M","?","M","M","?","R","$","R","T","?","R","M","M","E","R","BOSS","M","M","?","M","$","R","?","M","T","?","R","M","E","M"],"items_purchased_type":["Card","Relic"],"build_version":"2020-12-22","purchased_purges":2,"victory":false,"max_hp_per_floor":[66,66,66,66,66,66,66,66,66,66,66,66,66,66,66,66,66,66,66,66,66,66,66,66,66,66,74,74,74,74,74,74],"relic_stats":{"counters":[16,89],"Snecko Eye":[76,102,94,96],"Juzu Bracelet":0,"Art of War":[6],"obtain_stats":[{"hubris:Icosahedron":20,"hubris:Spice":27,"StuffTheSpire:ForceGauntlet":27,"Snecko Eye":17,"Replay:WaspNest":9,"Juzu Bracelet":14,"Art of War":22,"StuffTheSpire:RubySignet":26,"Replay:Bottled Snecko":30,"hubris:Towel":2,"Ring of the Snake":0},{"hubris:Icosahedron":9,"hubris:Spice":13,"StuffTheSpire:ForceGauntlet":13,"Snecko Eye":7,"Replay:WaspNest":3,"Juzu Bracelet":6,"Art of War":10,"StuffTheSpire:RubySignet":11,"Replay:Bottled Snecko":15,"hubris:Towel":1,"Ring of the Snake":0},{"hubris:Icosahedron":53,"hubris:Spice":74,"StuffTheSpire:ForceGauntlet":74,"Snecko Eye":40,"Replay:WaspNest":14,"Juzu Bracelet":31,"Art of War":60,"StuffTheSpire:RubySignet":64,"Replay:Bottled Snecko":89,"hubris:Towel":3,"Ring of the Snake":0}],"Ring of the Snake":[30]},"card_choices":[{"not_picked":["Flying Knee","Sucker Punch"],"picked":"Deadly Poison","floor":1},{"not_picked":["Dagger Spray","Backflip"],"picked":"StuffTheSpire:Python","floor":3},{"not_picked":["Prepared","StuffTheSpire:Incantation"],"picked":"Blade Dance","floor":4},{"not_picked":["Replay:Fractal Strike","ReplayTheSpireMod:Black Plague"],"picked":"infinitespire:Fortify","floor":5},{"not_picked":["Backflip","Dagger Throw"],"picked":"Cloak And Dagger","floor":12},{"not_picked":["Tools of the Trade","Cloak And Dagger"],"picked":"Bane","floor":13},{"not_picked":["Bouncing Flask","Dagger Throw"],"picked":"Poisoned Stab","floor":14},{"not_picked":["Grand Finale","StuffTheSpire:FinalStruggle"],"picked":"Wraith Form v2","floor":16},{"not_picked":["StuffTheSpire:Incursion","Sucker Punch"],"picked":"Toxin Wave","floor":18},{"not_picked":["Tactician","StuffTheSpire:BumpUp+1"],"picked":"Hidden Blade+1","floor":19},{"not_picked":["StuffTheSpire:Sprint","All Out Attack"],"picked":"Footwork","floor":21},{"not_picked":["StuffTheSpire:Incantation+1","Atom Bomb"],"picked":"StuffTheSpire:ReptileScales+1","floor":25},{"not_picked":["StuffTheSpire:Injection","StuffTheSpire:Fury+1"],"picked":"Expertise","floor":27},{"not_picked":["Quick Slash+1","Underhanded Strike"],"picked":"PiercingWail","floor":29},{"not_picked":["Sucker Punch","Reflex"],"picked":"ReplayTheSpireMod:Tripwire","floor":30}],"player_experience":1165910,"relics_obtained":[{"floor":9,"key":"Replay:WaspNest"},{"floor":14,"key":"Juzu Bracelet"},{"floor":26,"key":"StuffTheSpire:RubySignet"},{"floor":27,"key":"hubris:Spice"},{"floor":27,"key":"StuffTheSpire:ForceGauntlet"},{"floor":30,"key":"Replay:Bottled Snecko"}],"event_choices":[{"damage_healed":16,"gold_gain":0,"player_choice":"Healed and dodged fight","damage_taken":0,"max_hp_gain":0,"max_hp_loss":0,"event_name":"Mushrooms","floor":10,"gold_loss":0,"cards_obtained":["Parasite"]},{"damage_healed":0,"gold_gain":0,"player_choice":"Fight","damage_taken":0,"max_hp_gain":0,"max_hp_loss":0,"event_name":"Colosseum","floor":27,"gold_loss":0},{"damage_healed":0,"gold_gain":0,"player_choice":"Fought Nobs","damage_taken":0,"max_hp_gain":0,"max_hp_loss":0,"event_name":"Colosseum","floor":27,"gold_loss":0}],"is_beta":false,"boss_relics":[{"not_picked":["hubris:ScarierMask","Ring of the Serpent"],"picked":"Snecko Eye"}],"items_purged_floors":[7,22],"is_endless":false,"potions_floor_spawned":[12,14,16,18,21,25],"killed_by":"3 Cultists","ascension_level":17}}