{"host":"f0gpob8hq9vgebej","time":1608824857,"event":{"mods":["AchievementEnabler","BaseMod","Minty Spire (QoL Compilation)","Quick Restart","SuperFastMode"],"gold_per_floor":[111,127,202,216,229,229,239,239,239,267,192,212,29,59,59,59,59],"floor_reached":16,"playtime":547,"items_purged":["Strike_G","Defend_G"],"score":152,"play_id":"739f8f5d-2c11-4d5d-ae2d-cfad8d3e8a77","local_time":"20201225004737","is_ascension_mode":true,"campfire_choices":[{"data":"Tools of the Trade","floor":6,"key":"SMITH"},{"data":"Poisoned Stab","floor":8,"key":"SMITH"},{"data":"Dagger Spray","floor":15,"key":"SMITH"}],"circlet_count":0,"master_deck":["AscendersBane","Strike_G","Strike_G","Strike_G","Strike_G","Defend_G","Defend_G","Defend_G","Defend_G","Survivor","Neutralize","Tools of the Trade+1","Cloak And Dagger","Poisoned Stab+1","Reflex","Acrobatics","Dagger Spray+1","Finesse"],"relics":["Ring of the Snake","MealTicket","Odd Mushroom"],"acts_visited":["Exordium"],"potions_floor_usage":[7,16],"damage_taken":[{"damage":4,"enemies":"Small Slimes","floor":1,"turns":4},{"damage":0,"enemies":"2 Louse","floor":2,"turns":4},{"damage":0,"enemies":"Jaw Worm","floor":4,"turns":4},{"damage":3,"enemies":"Blue Slaver","floor":5,"turns":7},{"damage":5,"enemies":"Lots of Slimes","floor":7,"turns":7},{"damage":15,"enemies":"The Mushroom Lair","floor":10,"turns":7},{"damage":9,"enemies":"Exordium Wildlife","floor":12,"turns":5},{"damage":4,"enemies":"Slime Boss","floor":16,"turns":6}],"seed_played":"-6225641777406731366","potions_obtained":[{"floor":5,"key":"SpeedPotion"},{"floor":10,"key":"Dexterity Potion"}],"is_trial":false,"path_per_floor":["M","M","?","M","M","R","M","R","T","?","$","M","$","?","R","B"],"character_chosen":"THE_SILENT","items_purchased":["Finesse"],"campfire_rested":0,"item_purchase_floors":[13],"current_hp_per_floor":[59,59,48,48,45,45,40,40,40,25,40,31,46,46,46,42,42],"gold":59,"neow_bonus":"ONE_RANDOM_RARE_CARD","is_daily":false,"chose_seed":false,"campfire_upgraded":3,"win_rate":0.0,"timestamp":1608824857,"path_taken":["M","M","?","M","M","R","M","R","T","?","$","M","$","?","R","BOSS"],"items_purchased_type":["Card"],"build_version":"2020-12-22","purchased_purges":2,"victory":false,"max_hp_per_floor":[70,70,70,70,70,70,70,70,70,70,70,70,70,70,70,70,70],"card_choices":[{"not_picked":["Sucker Punch","Heel Hook"],"picked":"Cloak And Dagger","floor":1},{"not_picked":["Expertise","Dagger Throw"],"picked":"Poisoned Stab","floor":2},{"not_picked":["Bane","Quick Slash"],"picked":"Reflex","floor":4},{"not_picked":["Deadly Poison","Infinite Blades","Slice"],"picked":"SKIP","floor":5},{"not_picked":["Dagger Throw","Malaise"],"picked":"Acrobatics","floor":7},{"not_picked":["Deadly Poison","Deflect"],"picked":"Dagger Spray","floor":12}],"player_experience":119460,"relics_obtained":[{"floor":9,"key":"MealTicket"},{"floor":10,"key":"Odd Mushroom"}],"event_choices":[{"damage_healed":0,"gold_gain":75,"player_choice":"Gather Gold","damage_taken":11,"max_hp_gain":0,"max_hp_loss":0,"event_name":"World of Goop","floor":3,"gold_loss":0},{"damage_healed":0,"gold_gain":0,"player_choice":"Fought Mushrooms","damage_taken":0,"max_hp_gain":0,"max_hp_loss":0,"event_name":"Mushrooms","floor":10,"gold_loss":0},{"damage_healed":0,"gold_gain":30,"player_choice":"Searched \u00271\u0027 times","damage_taken":0,"max_hp_gain":0,"max_hp_loss":0,"event_name":"Dead Adventurer","floor":14,"gold_loss":0}],"is_beta":false,"boss_relics":[],"items_purged_floors":[11,13],"is_endless":false,"potions_floor_spawned":[5,10],"killed_by":"Slime Boss","ascension_level":13}}