{"host":"ged1bqtamtf4sn4x","time":1608815383,"event":{"mods":["BaseMod","Colored Map","DeckTracker","Highlight Path","Keyboard Shortcuts","Minty Spire (QoL Compilation)","Permanent Neow","Quick Restart","SuperFastMode","everything is the same but u backflip on backflip"],"gold_per_floor":[112,123,137,87,104,104,136,136,136,136,136,136,136],"floor_reached":12,"playtime":326,"items_purged":[],"score":78,"play_id":"3d3ffa67-cd65-44ca-8886-53d0031e7c36","local_time":"20201224220943","is_ascension_mode":false,"campfire_choices":[{"data":"Night Terror","floor":6,"key":"SMITH"},{"data":"Unload","floor":8,"key":"SMITH"},{"data":"Deflect","floor":11,"key":"SMITH"}],"circlet_count":0,"master_deck":["Strike_G","Strike_G","Defend_G","Defend_G","Defend_G","Defend_G","Defend_G","Survivor","Neutralize","Unload+1","Crippling Poison","Dagger Spray","PiercingWail","Night Terror+1","Dodge and Roll","Deflect+1"],"relics":["Ring of the Snake","Torii","Bottled Flame"],"acts_visited":["Exordium"],"potions_floor_usage":[12],"damage_taken":[{"damage":0.0,"enemies":"2 Louse","floor":1.0,"turns":2.0},{"damage":0,"enemies":"Small Slimes","floor":2,"turns":4},{"damage":0,"enemies":"Cultist","floor":3,"turns":4},{"damage":0,"enemies":"3 Louse","floor":5,"turns":2},{"damage":27,"enemies":"Lagavulin","floor":7,"turns":10},{"damage":24,"enemies":"Gremlin Nob","floor":12,"turns":4}],"seed_played":"-4770132158849586202","potions_obtained":[{"floor":7,"key":"EntropicBrew"}],"is_trial":false,"path_per_floor":["M","M","M","?","M","R","E","R","T","T","R","E"],"character_chosen":"THE_SILENT","items_purchased":[],"campfire_rested":0,"item_purchase_floors":[],"current_hp_per_floor":[49,49,49,49,49,49,22,22,22,22,22,0,0],"gold":136,"neow_bonus":"TRANSFORM_TWO_CARDS","is_daily":false,"chose_seed":false,"campfire_upgraded":3,"win_rate":0.0,"timestamp":1608815383,"path_taken":["M","M","M","?","M","R","E","R","T","T","R","E"],"items_purchased_type":[],"build_version":"2020-12-22","purchased_purges":0,"victory":false,"max_hp_per_floor":[70,70,70,70,70,70,70,70,70,70,70,70,70],"card_choices":[{"not_picked":["Dodge and Roll","Dash"],"picked":"Dagger Spray","floor":1.0},{"not_picked":["Heel Hook","Quick Slash"],"picked":"PiercingWail","floor":2},{"not_picked":["Dagger Throw","Underhanded Strike"],"picked":"Night Terror","floor":3},{"not_picked":["Endless Agony","Slice"],"picked":"Dodge and Roll","floor":5},{"not_picked":["PiercingWail","Quick Slash"],"picked":"Deflect","floor":7}],"player_experience":397581,"relics_obtained":[{"floor":7,"key":"Torii"},{"floor":9,"key":"Bottled Flame"}],"event_choices":[{"cards_removed":["Strike_G"],"damage_healed":0,"gold_gain":0,"player_choice":"Card Removal","damage_taken":0,"max_hp_gain":0,"max_hp_loss":0,"event_name":"The Cleric","floor":4,"gold_loss":50}],"is_beta":false,"boss_relics":[],"items_purged_floors":[],"is_endless":false,"potions_floor_spawned":[7],"killed_by":"Gremlin Nob","ascension_level":0}}