{"host":"9d83omykrosjn1d3","time":1608824856,"event":{"mods":["AchievementEnabler","BaseMod","BetterRewards","Card Forge","Downfall","Hubris","MarisaÅiñ∂âJÅ@ñÇóùçπÅj","Minty Spire (QoL Compilation)","Permanent Neow","Shop Mod","StSLib","SuperFastMode","The Administrix","The Construct","The Servant 0.9.4"],"gold_per_floor":[99,113,131,192,192,192,192,221,247,272,284,318,243,273,286,386,386,386,398,408,608,608,608,608,633,660,688,722,616,541,567,577,675,675,675,689,319,121,121,150,162,199,211,248,291,334,271,297,325,337,349,395,123,123,123],"floor_reached":56,"playtime":3053,"items_purged":["construct:SweepLaser"],"score":2025,"play_id":"6503ba0b-0b5c-4a0b-99c2-326abc3159a0","local_time":"20201225004736","daily_mods":["SealedDeck","Heirloom","Flight","downfall:Lament","DeadlyEvents","Elite Swarm"],"is_ascension_mode":false,"campfire_choices":[{"data":"construct:MetalShell","floor":1,"key":"SMITH"},{"data":"construct:MetalShell+1","floor":6,"key":"SMITH"},{"data":"hubris:DuctTapeCard+2","floor":13,"key":"SMITH"},{"data":"construct:ClockworkEgg+1","floor":18,"key":"SMITH"},{"data":"construct:HammerDown+1","floor":23,"key":"SMITH"},{"data":"construct:ReactiveShield+1","floor":30,"key":"SMITH"},{"floor":35,"key":"RECALL"},{"data":"construct:Autoturret+1","floor":47,"key":"SMITH"},{"data":"construct:SpinDrive+1","floor":54,"key":"SMITH"}],"circlet_count":0,"master_deck":["construct:MetalShell+2","construct:GuardCore+1","construct:Reserves+1","construct:HammerDown+2","construct:SpinDrive+2","construct:ClockworkEgg+2","construct:PanicFire+1","construct:Autoturret+2","construct:Autoturret+2","construct:Autoturret+1","Burst+1","Concentrate+1","Machine Learning+1"],"relics":["construct:Cogwheel","Hammer of Thor","Seething Fire","Anvil of the Gods","NeowsBlessing","Calipers","Molten Egg 2","Toxic Egg 2","Frozen Egg 2","construct:ClockworkPhoenix","Pen Nib","Pantograph","The Courier","Boot","Oddly Smooth Stone","downfall:HeartBlessingGreen","hubris:FunFungus","construct:WeddingRing","Shovel","hexamod:BolsterEngine","Blue Candle","Centennial Puzzle","PrismaticShard","Vajra","hubris:TinFlute","MerchantsRug","downfall:HeartBlessingBlue","hubris:SlimyHat","hubris:Backtick","hubris:DuctTape","Bottled Tornado","hubris:MysteriousPyramids","MawBank","hubris:CrystalStatue","Sundial","Strawberry","Nunchaku","hubris:GlazedTorus","downfall:HeartBlessingRed","Letter Opener","hubris:ClockworkCow","Happy Flower"],"acts_visited":[],"potions_floor_usage":[],"damage_taken":[{"damage":0,"enemies":"Jaw Worm","floor":2,"turns":1},{"damage":0,"enemies":"Small Slimes","floor":3,"turns":1},{"damage":0,"enemies":"3 Sentries","floor":4,"turns":1},{"damage":0,"enemies":"Lagavulin","floor":8,"turns":7},{"damage":0,"enemies":"Gremlin Nob","floor":9,"turns":3},{"damage":0,"enemies":"Lagavulin","floor":10,"turns":4},{"damage":0,"enemies":"Cultist","floor":11,"turns":2},{"damage":1,"enemies":"3 Sentries","floor":12,"turns":4},{"damage":0,"enemies":"Gremlin Nob","floor":14,"turns":3},{"damage":0,"enemies":"Exordium Wildlife","floor":15,"turns":2},{"damage":6,"enemies":"downfall:Ironclad","floor":16,"turns":6},{"damage":8,"enemies":"Shell Parasite","floor":19,"turns":4},{"damage":0,"enemies":"Spheric Guardian","floor":20,"turns":3},{"damage":6,"enemies":"Book of Stabbing","floor":25,"turns":5},{"damage":0,"enemies":"Gremlin Leader","floor":26,"turns":4},{"damage":0,"enemies":"Slavers","floor":27,"turns":3},{"damage":0,"enemies":"Gremlin Leader","floor":28,"turns":4},{"damage":0,"enemies":"downfall:FleeingMerchant","floor":29,"turns":2},{"damage":0,"enemies":"Slavers","floor":31,"turns":3},{"damage":0,"enemies":"Shelled Parasite and Fungi","floor":32,"turns":3},{"damage":0,"enemies":"downfall:Watcher","floor":33,"turns":4},{"damage":0,"enemies":"3 Darklings","floor":36,"turns":4},{"damage":0,"enemies":"Giant Head","floor":40,"turns":7},{"damage":0,"enemies":"Reptomancer","floor":42,"turns":4},{"damage":0,"enemies":"Nemesis","floor":44,"turns":3},{"damage":21,"enemies":"Reptomancer","floor":45,"turns":3},{"damage":0,"enemies":"Nemesis","floor":46,"turns":4},{"damage":0,"enemies":"3 Shapes","floor":48,"turns":4},{"damage":9,"enemies":"Spire Growth","floor":49,"turns":3},{"damage":0,"enemies":"downfall:Defect","floor":50,"turns":3},{"damage":0,"enemies":"downfall:CharBossMerchant","floor":52,"turns":4},{"damage":3,"enemies":"downfall:NeowBoss","floor":55,"turns":10}],"seed_played":"-89713361329755800","potions_obtained":[{"floor":3,"key":"SpeedPotion"},{"floor":9,"key":"Guardian:BlockOnCardUsePotion"},{"floor":10,"key":"GamblersBrew"},{"floor":27,"key":"Slimebound:ThreeZeroPotion"},{"floor":32,"key":"Weak Potion"},{"floor":44,"key":"GamblersBrew"},{"floor":45,"key":"Strength Potion"},{"floor":48,"key":"Strength Potion"},{"floor":49,"key":"sneckomod:MuddlingPotion"}],"is_trial":true,"path_per_floor":["R","M","M","?","?","R","T","E","E","E","M","E","R","E","M","B",null,"R","M","M","?","?","R","T","E","E","E","E","$","R","E","M","B",null,"R","M","$","$","?","E","T","E","$","E","E","E","R","M","M","B",null,"E","$","R","B",null],"character_chosen":"THE_CONSTRUCT_MOD","items_purchased":["PrismaticShard","Vajra","hubris:TinFlute","MerchantsRug","construct:Autoturret+1","construct:Autoturret+1","construct:Autoturret+1","Bottled Tornado","hubris:MysteriousPyramids","hubris:ClockworkCow","Happy Flower"],"campfire_rested":0,"item_purchase_floors":[29,29,29,29,37,37,37,37,38,53,53],"current_hp_per_floor":[85,85,85,85,85,85,85,85,85,85,85,84,84,84,84,81,85,85,77,77,77,77,77,77,71,71,71,71,71,81,82,82,95,95,95,95,95,95,95,95,95,95,95,102,81,82,82,83,75,101,102,102,102,102,102],"gold":123,"neow_bonus":"","is_daily":false,"chose_seed":false,"campfire_upgraded":8,"win_rate":0.0,"timestamp":1608824856,"path_taken":["R","M","M","?","?","R","T","E","E","?","?","E","R","E","M","BOSS","R","M","M","?","?","R","T","E","E","E","E","$","R","E","M","BOSS","R","M","$","$","?","E","T","E","$","E","E","E","R","?","M","BOSS","E","$","R","BOSS"],"items_purchased_type":["Relic","Relic","Relic","Relic","Card","Card","Card","Relic","Relic","Relic","Relic"],"build_version":"2020-12-22","purchased_purges":1,"victory":true,"max_hp_per_floor":[85,85,85,85,85,85,85,85,85,85,85,85,85,85,85,85,85,85,85,85,85,85,85,85,85,85,85,85,85,95,95,95,95,95,95,95,95,95,95,95,95,95,95,102,102,102,102,102,102,102,102,102,102,102,102],"card_choices":[{"not_picked":["construct:ModeShift+1","construct:GuardCore+1","construct:Antimatter+1"],"picked":"SKIP","floor":2},{"not_picked":["construct:SweepLaser+1","construct:FierceBash+1","construct:FocusedBeam+1"],"picked":"SKIP","floor":3},{"not_picked":["construct:GatlingGun+1","construct:Multistage+1"],"picked":"construct:Reserves+1","floor":8},{"not_picked":["construct:PanicFire+1","construct:GoldenBullet+1","construct:HastyRepair+1"],"picked":"SKIP","floor":9},{"not_picked":["construct:MemoryTap+1","construct:ShieldBurst+1"],"picked":"construct:HammerDown+1","floor":10},{"not_picked":["construct:ShiftGuard+1","construct:Boost+1","construct:Versatility+1"],"picked":"SKIP","floor":11},{"not_picked":["construct:MemoryTap+1","construct:BatteryCore+1"],"picked":"construct:SpinDrive+1","floor":12},{"not_picked":["construct:Multistage+1","construct:ShieldGenerator+1"],"picked":"construct:ClockworkEgg+1","floor":14},{"not_picked":["construct:LaserCore+1","construct:Reinforce+1","construct:ShiftGuard+1"],"picked":"SKIP","floor":15},{"not_picked":["construct:Reinforce+1","construct:VentSteam+1","construct:Chainstrike+1"],"picked":"SKIP","floor":19},{"not_picked":["construct:FierceBash+1","construct:Forcefield+1","construct:CriticalHit+1"],"picked":"SKIP","floor":20},{"not_picked":["construct:SiegeForm+1","construct:MemoryTap+1","construct:ShieldBurst+1"],"picked":"SKIP","floor":25},{"not_picked":["construct:Multistage+1","construct:SiegeForm+1","construct:MemoryTap+1"],"picked":"SKIP","floor":26},{"not_picked":["construct:PanicFire+1","construct:SiegeForm+1","construct:MemoryTap+1"],"picked":"SKIP","floor":27},{"not_picked":["construct:Bunker+1","construct:SiegeForm+1","construct:GatlingGun+1"],"picked":"SKIP","floor":28},{"not_picked":["construct:FierceBash+1","construct:ClusterMines+1"],"picked":"construct:ReactiveShield+1","floor":29},{"not_picked":["SpiritShield+1","sneckomod:SoulExchange+1","hexamod:UnleashSpirits+1"],"picked":"SKIP","floor":31},{"not_picked":["Advance+1","Potential+1","champ:BerserkersShout+1"],"picked":"SKIP","floor":32},{"not_picked":["hexamod:GiftsFromTheDead+1","SpiritShield+1"],"picked":"construct:PanicFire+1","floor":33},{"not_picked":["Guardian:ShieldCharger+1","Distraction+1","Go for the Eyes+1"],"picked":"SKIP","floor":36},{"not_picked":["hubris:SpecializedCircuitry+1","AdministrixMod:FalseDeath+1","Rainbow+1"],"picked":"SKIP","floor":40},{"not_picked":["FinalSpark+1","Guardian:AncientConstruct+1"],"picked":"Burst+1","floor":42},{"not_picked":["Dilation+1","expansioncontent:Corrupt+1","sneckomod:Unknown3Cost+1"],"picked":"SKIP","floor":44},{"not_picked":["AdministrixMod:HopeInTheDark+1","hexamod:ParanormalForm+1","hexamod:UnleashSpirits+1"],"picked":"SKIP","floor":45},{"not_picked":["Rainbow+1","champ:ShieldSlam+1","ForgedInTime+1"],"picked":"SKIP","floor":46},{"not_picked":["hexamod:Firestarter+1","hexamod:InspiringFlames+1","FollowUp+1"],"picked":"SKIP","floor":48},{"not_picked":["Weave+1","hexamod:RetreatToShadows+1"],"picked":"Concentrate+1","floor":49},{"not_picked":["BlazingStar+1","Doppelganger+1"],"picked":"Machine Learning+1","floor":52}],"player_experience":762668,"relics_obtained":[{"floor":4,"key":"Pen Nib"},{"floor":7,"key":"Pantograph"},{"floor":8,"key":"hubris:DuctTape"},{"floor":9,"key":"The Courier"},{"floor":10,"key":"Boot"},{"floor":12,"key":"Oddly Smooth Stone"},{"floor":14,"key":"hubris:FunFungus"},{"floor":25,"key":"Shovel"},{"floor":26,"key":"hexamod:BolsterEngine"},{"floor":27,"key":"Blue Candle"},{"floor":28,"key":"Centennial Puzzle"},{"floor":31,"key":"hubris:SlimyHat"},{"floor":40,"key":"MawBank"},{"floor":41,"key":"hubris:CrystalStatue"},{"floor":42,"key":"Sundial"},{"floor":44,"key":"Strawberry"},{"floor":45,"key":"Nunchaku"},{"floor":46,"key":"hubris:GlazedTorus"},{"floor":52,"key":"Letter Opener"}],"event_choices":[{"damage_healed":0,"gold_gain":0,"cards_transformed":["construct:VentSteam"],"player_choice":"Transformed","damage_taken":0,"max_hp_gain":0,"max_hp_loss":0,"event_name":"Transmorgrifier","floor":5,"gold_loss":0,"cards_obtained":["construct:FlameCore"]},{"cards_removed":["construct:ScopeCore"],"damage_healed":0,"gold_gain":0,"player_choice":"Elegance","damage_taken":0,"max_hp_gain":0,"max_hp_loss":0,"event_name":"Back to Basics","floor":22,"gold_loss":0}],"is_beta":false,"boss_relics":[{"not_picked":["Runic Dome","Fusion Hammer"],"picked":"construct:WeddingRing"},{"not_picked":["Runic Pyramid","hubris:CrackedHourglass"],"picked":"hubris:Backtick"}],"items_purged_floors":[37],"is_endless":false,"potions_floor_spawned":[3,9,10,12,14,15,20,25,26,27,32,44,45,48,49],"ascension_level":0}}