{"host":"rwzz6mk6bpmb57ql","time":1608769048,"event":{"mods":["AchievementEnabler","BaseMod","BetterRewards","Colored Map","Highlight Path","Hubris","Minty Spire (QoL Compilation)","Replay The Spire","StSLib"],"gold_per_floor":[6611,6623,5663,5663,5677,5690,5690,5715,5715,5732,4947,4967,4403,4416,4416,4511,4511,4528,3601,3618,3618,3618,3618,3648,3648,3648,3658,3677,3727,3752,3766,3766,3868,3868,3881,3893,3277,3277,2548,2548,1713,1742,1742,1742,1742,1758,1758,1768,1768,1768,1768,1768,1001,1028,1028],"floor_reached":56,"playtime":2623,"items_purged":["Defend_G","Strike_G","Strike_G","Defend_G","Strike_G","Defend_G","Defend_G"],"score":1695,"play_id":"1dcef396-16ae-495f-90da-0085587d6277","local_time":"20201223181728","is_ascension_mode":true,"campfire_choices":[{"floor":7,"key":"RECALL"},{"data":"Defend_G","floor":15,"key":"PURGE"},{"data":"Envenom","floor":23,"key":"SMITH"},{"data":"Blade Dance","floor":25,"key":"SMITH"},{"data":"Outmaneuver","floor":32,"key":"SMITH"},{"data":"ReplayTheSpireMod:Brewmster","floor":40,"key":"SMITH"},{"data":"Terror","floor":45,"key":"SMITH"},{"data":"ReplayTheSpireMod:Tripwire","floor":47,"key":"SMITH"},{"data":"Venomology","floor":49,"key":"SMITH"},{"data":"Panache","floor":52,"key":"SMITH"}],"circlet_count":0,"master_deck":["Strike_G+1","Survivor","Neutralize","Envenom+1","Outmaneuver+1","Blade Dance+1","Prepared","Heel Hook","Backstab","Infinite Blades","Slice","Accuracy","Bane","Slice","Panache+1","ReplayTheSpireMod:Brewmster+1","Venomology+1","Underhanded Strike","All Out Attack","Dagger Spray","Finisher","Bane","Terror+1","ReplayTheSpireMod:Tripwire+1","Slice","Envenom+1","Bane","Dagger Spray","Envenom+1","Poisoned Strike","Outmaneuver+1"],"relics":["Ring of the Snake","Potion Belt","SacredBark","hubris:EmptyBottle","hubris:DeckOfHolding","Pear","Replay:Baseball","hubris:TinFlute","Ginger","ReplayTheSpireMod:ShopPack","Regal Pillow","Centennial Puzzle","SlaversCollar","Replay:Accelerometer","hubris:Potato","Medical Kit","Tingsha","Prayer Wheel","Nunchaku","Toy Ornithopter","Painkiller Herb","Snake Skull","TungstenRod","Cauldron","Ornamental Fan","Strawberry","PreservedInsect","DollysMirror","Replay:Kaleidoscope","Smiling Mask","Replay:Ringing Soul","Chemical X","Simple Rune","Golden Egg","Replay:WaspNest"],"acts_visited":[],"potions_floor_usage":[8,8,12,12,14,14,16,16,16,16,16,16,16,16,16,16,18,18,20,20,20,20,20,20,24,24,24,24,24,24,24,24,24,24,27,27,27,27,28,28,28,28,30,30,31,31,31,31,31,31,31,31,33,33,33,33,33,33,33,33,35,35,35,35,36,36,42,42,42,42,42,42,46,46,46,48,48,48,48,48,48,50,50,50,50,50,50,50,50,50,53,53,54,54,54,54,54,54,55,55,55,55,55,55,55,55,55,55,55,55,55,55],"damage_taken":[{"damage":7,"enemies":"Jaw Worm","floor":1,"turns":5},{"damage":6,"enemies":"Cultist","floor":2,"turns":4},{"damage":6,"enemies":"2 Louse","floor":5,"turns":2},{"damage":0,"enemies":"2 Fungi Beasts","floor":6,"turns":3},{"damage":25,"enemies":"Lagavulin","floor":8,"turns":5},{"damage":10,"enemies":"Exordium Thugs","floor":10,"turns":4},{"damage":0,"enemies":"Large Slime","floor":12,"turns":1},{"damage":3,"enemies":"3 Louse","floor":14,"turns":5},{"damage":15,"enemies":"The Guardian","floor":16,"turns":4},{"damage":0,"enemies":"Chosen","floor":18,"turns":3},{"damage":0,"enemies":"Spheric Guardian","floor":20,"turns":2},{"damage":0,"enemies":"Gremlin Leader","floor":24,"turns":5},{"damage":24,"enemies":"Snake Plant","floor":27,"turns":3},{"damage":11,"enemies":"Sentry and Sphere","floor":28,"turns":3},{"damage":10,"enemies":"Book of Stabbing","floor":30,"turns":2},{"damage":27,"enemies":"Centurion and Healer","floor":31,"turns":4},{"damage":22,"enemies":"Collector","floor":33,"turns":6},{"damage":22,"enemies":"3 Darklings","floor":35,"turns":3},{"damage":0,"enemies":"3 Shapes","floor":36,"turns":1},{"damage":0,"enemies":"Reptomancer","floor":42,"turns":2},{"damage":16,"enemies":"Writhing Mass","floor":46,"turns":3},{"damage":3,"enemies":"Maw","floor":48,"turns":4},{"damage":24,"enemies":"Awakened One","floor":50,"turns":5},{"damage":9,"enemies":"Shield and Spear","floor":54,"turns":2},{"damage":0,"enemies":"The Heart","floor":55,"turns":6}],"seed_played":"-4517998084515574878","potions_obtained":[{"floor":2,"key":"Doom Potion"},{"floor":10,"key":"Weak Potion"},{"floor":12,"key":"Adrenaline Potion"},{"floor":14,"key":"Swift Potion"},{"floor":24,"key":"Dexterity Potion"},{"floor":27,"key":"Swift Potion"},{"floor":28,"key":"Fire Potion"},{"floor":35,"key":"SteroidPotion"},{"floor":39,"key":"GhostInAJar"},{"floor":39,"key":"SkillPotion"},{"floor":39,"key":"Explosive Potion"},{"floor":48,"key":"Weak Potion"}],"is_trial":false,"path_per_floor":["M","M","$","?","M","M","R","E","T","M","$","M","$","M","R_BF","B",null,"M","$","M","?","?","R","E","R","T","M","M","T","E","M","R","B",null,"?","?","T","?","T","T","T","E","T","?","T","?","T","?","T","B",null,"T","T","E","B",null],"character_chosen":"THE_SILENT","items_purchased":["hubris:EmptyBottle","hubris:DeckOfHolding","Pear","AttackPotion","Prepared","Heel Hook","BlessingOfTheForge","hubris:TinFlute","Accuracy","Ginger","AttackPotion","Slice","ReplayTheSpireMod:ShopPack","Regal Pillow","Centennial Puzzle","Replay:Accelerometer","hubris:Potato","Medical Kit","LifebloodPotion","Snake Skull","TungstenRod","Cauldron","Ornamental Fan","Strawberry","PreservedInsect","DollysMirror","Replay:Kaleidoscope","Chemical X","Simple Rune","Golden Egg","Fruit Juice","SteroidPotion","FearPotion"],"campfire_rested":0,"item_purchase_floors":[3,3,3,3,3,3,3,11,11,11,11,13,13,13,13,19,19,19,19,37,37,39,39,39,41,41,41,53,53,53,53,53,53],"current_hp_per_floor":[133,127,137,137,131,131,131,106,106,96,96,96,96,93,93,78,150,150,150,150,150,150,150,150,150,150,126,115,115,105,118,118,136,150,146,150,150,150,157,157,157,157,157,160,160,154,154,163,163,163,163,163,183,174,183],"gold":1028,"neow_bonus":"ONE_RANDOM_RARE_CARD","is_daily":false,"chose_seed":false,"campfire_upgraded":8,"win_rate":0.0,"timestamp":1608769048,"path_taken":["M","M","$","?","?","M","R","E","T","M","$","M","$","M","R_BF","BOSS","M","$","M","?","?","R","E","R","T","M","?","?","E","M","R","BOSS","?","?","T","?","T","T","T","E","T","?","T","?","T","?","T","BOSS","T","T","E","BOSS"],"items_purchased_type":["Relic","Relic","Relic","Potion","Card","Card","Potion","Relic","Card","Relic","Potion","Card","Relic","Relic","Relic","Relic","Relic","Relic","Potion","Relic","Relic","Relic","Relic","Relic","Relic","Relic","Relic","Relic","Relic","Relic","Potion","Potion","Potion"],"build_version":"2020-12-22","purchased_purges":7,"victory":true,"max_hp_per_floor":[140,140,150,150,150,150,150,150,150,150,150,150,150,150,150,150,150,150,150,150,150,150,150,150,150,150,150,150,150,150,150,150,150,150,150,150,150,150,157,157,157,157,157,160,160,163,163,163,163,163,163,163,183,183,183],"card_choices":[{"not_picked":["Dagger Throw","Well Laid Plans"],"picked":"Outmaneuver","floor":1},{"not_picked":["Hidden Blade","Dodge and Roll"],"picked":"Blade Dance","floor":2},{"not_picked":["Cloak And Dagger","Catalyst"],"picked":"Backstab","floor":5},{"not_picked":["Night Terror","Heel Hook"],"picked":"Infinite Blades","floor":6},{"not_picked":["hubris:SlightOfHand","Quick Slash","ReplayTheSpireMod:Shiv Toss"],"picked":"SKIP","floor":8},{"not_picked":["Dagger Throw","Dodge and Roll"],"picked":"Slice","floor":10},{"not_picked":["Tactician","Draining Mist"],"picked":"Bane","floor":12},{"not_picked":["Chrysalis","Violence"],"picked":"Panache","floor":13},{"not_picked":["Replay:Bootleg Shield Generator","Sadistic Nature"],"picked":"ReplayTheSpireMod:Brewmster","floor":13},{"not_picked":["Escape Plan","Caltrops","Bane"],"picked":"SKIP","floor":14},{"not_picked":["Malaise","Doppelganger"],"picked":"Venomology","floor":16},{"not_picked":["hubris:TrickCloak","Blade Dance"],"picked":"Underhanded Strike","floor":18},{"not_picked":["Reflex","Tactician","Calculated Gamble"],"picked":"SKIP","floor":20},{"not_picked":["Footwork+1","Atom Bomb"],"picked":"All Out Attack","floor":24},{"not_picked":["Dagger Throw","Cloak And Dagger"],"picked":"Dagger Spray","floor":27},{"not_picked":["Cloak And Dagger","hubris:SlightOfHand+1"],"picked":"Finisher","floor":27},{"not_picked":["Skewer+1","Dodge and Roll"],"picked":"Bane","floor":28},{"not_picked":["Masterful Stab","Quick Slash","Infinite Blades"],"picked":"SKIP","floor":28},{"not_picked":["Deadly Poison","Sucker Punch"],"picked":"Terror","floor":30},{"not_picked":["Underhanded Strike","Choke"],"picked":"ReplayTheSpireMod:Tripwire","floor":31},{"not_picked":["Poisoned Stab","Dodge and Roll"],"picked":"Slice","floor":31},{"not_picked":["Burst","Storm of Steel"],"picked":"Envenom","floor":33},{"not_picked":["Quick Slash+1","Replay:Poison Smokescreen+1","Prepared"],"picked":"SKIP","floor":35},{"not_picked":["Footwork+1","Deadly Poison+1","Dagger Throw+1"],"picked":"SKIP","floor":35},{"not_picked":["Bouncing Flask","Draining Mist+1"],"picked":"Bane","floor":36},{"not_picked":["Prepared","Eviscerate"],"picked":"Dagger Spray","floor":36},{"not_picked":["Backstab","Draining Mist+1","Caltrops"],"picked":"SKIP","floor":42},{"not_picked":["Finesse","Midas Touch"],"picked":"Poisoned Strike","floor":44},{"not_picked":["Quick Slash","Cloak And Dagger+1"],"picked":"Outmaneuver+1","floor":46},{"not_picked":["Acrobatics+1","Skewer","Flying Knee"],"picked":"SKIP","floor":46},{"not_picked":["Sneak Up","Concentrate","Finisher"],"picked":"SKIP","floor":48},{"not_picked":["Tactician","hubris:SlightOfHand+1","Acrobatics+1"],"picked":"SKIP","floor":48},{"not_picked":["Backflip","Escape Plan+1","Bouncing Flask+1"],"picked":"SKIP","floor":54}],"player_experience":114120,"relics_obtained":[{"floor":8,"key":"Replay:Baseball"},{"floor":24,"key":"Tingsha"},{"floor":26,"key":"Prayer Wheel"},{"floor":29,"key":"Nunchaku"},{"floor":30,"key":"Toy Ornithopter"},{"floor":42,"key":"Smiling Mask"},{"floor":43,"key":"Replay:Ringing Soul"},{"floor":54,"key":"Replay:WaspNest"}],"event_choices":[{"cards_removed":["Strike_G"],"damage_healed":0,"gold_gain":0,"player_choice":"Offered Basic","damage_taken":0,"max_hp_gain":0,"max_hp_loss":0,"event_name":"Bonfire Elementals","floor":4,"gold_loss":0},{"damage_healed":0,"gold_gain":0,"player_choice":"Ignored","damage_taken":0,"max_hp_gain":0,"max_hp_loss":0,"event_name":"Vampires","floor":21,"gold_loss":0},{"damage_healed":0,"gold_gain":0,"player_choice":"Leave","damage_taken":0,"max_hp_gain":0,"max_hp_loss":0,"event_name":"FaceTrader","floor":22,"gold_loss":0},{"damage_healed":0,"gold_gain":0,"player_choice":"Memory 1","damage_taken":0,"max_hp_gain":0,"max_hp_loss":0,"event_name":"SensoryStone","floor":44,"gold_loss":0}],"is_beta":false,"boss_relics":[{"not_picked":["Snecko Heart","Runic Pyramid"],"picked":"SlaversCollar"},{"not_picked":["Astrolabe","Sozu"],"picked":"Painkiller Herb"}],"items_purged_floors":[3,11,13,19,37,39,41],"is_endless":false,"potions_floor_spawned":[2,10,12,14,24,27,28,35,48],"ascension_level":4}}