{"host":"gflyg4oztsw2ozs7","time":1608827433,"event":{"mods":["AchievementEnabler","BaseMod","DeckTracker","Minty Spire (QoL Compilation)","Permanent Neow","StSLib","SuperFastMode"],"gold_per_floor":[20,39,39,39,59,59,71,89,89,99,11,27,37,67,67,166,216,226,226,71,83,114,114,213,38,38,38,51,51,64,84,84,188,188,208,430,480,527,544,572,589,589,589,589,589,307,322,335,335,335],"floor_reached":51,"playtime":1997,"items_purged":["Blade Dance","Dagger Throw","A Thousand Cuts+1"],"score":796,"play_id":"2f170508-b67c-4480-8364-c20eed826f3b","local_time":"20201225013033","is_ascension_mode":false,"campfire_choices":[{"data":"Accuracy","floor":6,"key":"SMITH"},{"data":"Defend_G","floor":15,"key":"SMITH"},{"data":"Footwork","floor":23,"key":"SMITH"},{"data":"Noxious Fumes","floor":32,"key":"SMITH"},{"data":"Phantasmal Killer","floor":42,"key":"SMITH"},{"floor":44,"key":"REST"},{"floor":49,"key":"REST"}],"circlet_count":0,"master_deck":["Survivor","Neutralize","Accuracy+1","PiercingWail","Infinite Blades+1","Backflip","Backstab","Dagger Throw","Dash","A Thousand Cuts+1","Infinite Blades+1","Cloak And Dagger+1","Cloak And Dagger+1","Cloak And Dagger+1","Blade Dance+1","Blade Dance+1","Accuracy+1","Accuracy+1","Die Die Die","Quick Slash","PiercingWail","Footwork+1","PiercingWail","Noxious Fumes+1","Terror","Phantasmal Killer+1","Prepared+1","Blade Dance+1","Backstab+1","Backstab+1","Caltrops+1","Secret Technique","Accuracy+1","Parasite","PiercingWail"],"relics":["Ring of the Snake","StoneCalendar","Odd Mushroom","Shuriken","Kunai","WristBlade","Tiny House","Red Mask","Dream Catcher","Shuriken","WristBlade","Lizard Tail","Orichalcum","Bottled Tornado","TwistedFunnel"],"acts_visited":["Exordium","TheCity","TheBeyond"],"potions_floor_usage":[40,40],"damage_taken":[{"damage":1,"enemies":"Cultist","floor":1,"turns":5},{"damage":2,"enemies":"Small Slimes","floor":2,"turns":3},{"damage":2,"enemies":"Jaw Worm","floor":5,"turns":5},{"damage":4,"enemies":"Exordium Wildlife","floor":7,"turns":6},{"damage":1,"enemies":"3 Louse","floor":8,"turns":3},{"damage":0,"enemies":"Large Slime","floor":10,"turns":3},{"damage":10,"enemies":"Looter","floor":12,"turns":2},{"damage":9,"enemies":"2 Fungi Beasts","floor":13,"turns":3},{"damage":14,"enemies":"The Mushroom Lair","floor":14,"turns":5},{"damage":22,"enemies":"Hexaghost","floor":16,"turns":4},{"damage":4,"enemies":"Shell Parasite","floor":18,"turns":3},{"damage":12,"enemies":"3 Byrds","floor":21,"turns":3},{"damage":28,"enemies":"Masked Bandits","floor":22,"turns":4},{"damage":0,"enemies":"Snecko","floor":28,"turns":2},{"damage":6,"enemies":"Chosen and Byrds","floor":30,"turns":3},{"damage":15,"enemies":"Snake Plant","floor":31,"turns":2},{"damage":18,"enemies":"Collector","floor":33,"turns":3},{"damage":11,"enemies":"3 Darklings","floor":35,"turns":2},{"damage":8,"enemies":"Mind Bloom Boss Battle","floor":37,"turns":4},{"damage":25,"enemies":"2 Orb Walkers","floor":38,"turns":3},{"damage":6,"enemies":"Orb Walker","floor":39,"turns":2},{"damage":12,"enemies":"Reptomancer","floor":40,"turns":2},{"damage":10,"enemies":"4 Shapes","floor":41,"turns":2},{"damage":10,"enemies":"Spire Growth","floor":47,"turns":3},{"damage":13,"enemies":"Writhing Mass","floor":48,"turns":3},{"damage":14,"enemies":"Donu and Deca","floor":50,"turns":3}],"seed_played":"-8815715034636081259","potions_obtained":[{"floor":2,"key":"Strength Potion"},{"floor":8,"key":"SpeedPotion"},{"floor":12,"key":"Strength Potion"}],"is_trial":false,"path_per_floor":["M","M","?","?","M","R","M","M","T","M","$","M","M","?","R","B",null,"M","?","$","M","?","R","?","$","T","T","M","?","M","M","R","B",null,"M","?","?","?","M","E","M","R","T","R","?","$","M","M","R","B",null],"character_chosen":"THE_SILENT","items_purchased":["Infinite Blades","Backflip","Footwork","Noxious Fumes","TwistedFunnel"],"campfire_rested":2,"item_purchase_floors":[11,11,20,25,46],"current_hp_per_floor":[69,67,67,60,58,58,54,53,53,53,53,43,34,20,20,48,75,71,57,57,45,17,17,17,17,17,17,17,17,71,56,56,38,80,69,69,61,36,30,18,8,8,8,32,32,32,22,9,33,19],"gold":335,"neow_bonus":"ONE_RARE_RELIC","is_daily":false,"chose_seed":false,"campfire_upgraded":5,"win_rate":0.0,"timestamp":1608827433,"path_taken":["M","?","?","?","M","R","M","M","T","?","$","M","M","?","R","BOSS","M","?","$","M","?","R","?","$","T","?","M","?","M","M","R","BOSS","M","?","?","?","M","E","M","R","T","R","?","$","M","M","R","BOSS"],"items_purchased_type":["Card","Card","Card","Card","Relic"],"build_version":"2020-12-22","purchased_purges":3,"victory":true,"max_hp_per_floor":[70,70,70,70,70,70,70,70,70,70,70,70,70,70,70,70,75,75,80,80,80,80,80,80,80,80,80,80,80,80,80,80,80,80,80,80,80,80,80,80,80,80,80,80,80,80,80,80,80,80],"card_choices":[{"not_picked":["Dagger Spray","Sucker Punch"],"picked":"Poisoned Stab","floor":1},{"not_picked":["Outmaneuver","Bane"],"picked":"Accuracy","floor":2},{"not_picked":["Malaise","Dodge and Roll"],"picked":"Dagger Throw","floor":5},{"not_picked":["Eviscerate","Bouncing Flask"],"picked":"Blade Dance","floor":7},{"not_picked":["Concentrate","Acrobatics"],"picked":"Storm of Steel","floor":8},{"not_picked":["Poisoned Stab","Flying Knee"],"picked":"PiercingWail","floor":10},{"not_picked":["Outmaneuver","Catalyst"],"picked":"Backstab","floor":12},{"not_picked":["Distraction","Predator"],"picked":"Dagger Throw","floor":13},{"not_picked":["Underhanded Strike","Tactician"],"picked":"Dash","floor":14},{"not_picked":["Glass Knife","Wraith Form v2"],"picked":"Die Die Die","floor":16},{"not_picked":["Deadly Poison","Caltrops"],"picked":"Quick Slash","floor":17},{"not_picked":["Dodge and Roll+1","Quick Slash"],"picked":"PiercingWail","floor":18},{"not_picked":["Concentrate+1","Acrobatics"],"picked":"PiercingWail","floor":21},{"not_picked":["Flying Knee","Backflip"],"picked":"Terror","floor":28},{"not_picked":["Cloak And Dagger","Sucker Punch","Backflip"],"picked":"SKIP","floor":30},{"not_picked":["Deflect+1","Poisoned Stab","Choke"],"picked":"SKIP","floor":31},{"not_picked":["Doppelganger","Night Terror"],"picked":"Phantasmal Killer","floor":33},{"not_picked":["PiercingWail","Sucker Punch","Poisoned Stab"],"picked":"SKIP","floor":35},{"not_picked":["Cloak And Dagger","Deflect"],"picked":"Prepared+1","floor":38},{"not_picked":["Sucker Punch+1","Backflip"],"picked":"Blade Dance+1","floor":39},{"not_picked":["Quick Slash+1","All Out Attack+1"],"picked":"Backstab+1","floor":40},{"not_picked":["PiercingWail+1","Blade Dance"],"picked":"Backstab+1","floor":41},{"not_picked":["Sucker Punch","Bane+1"],"picked":"Caltrops+1","floor":44},{"not_picked":["Discovery","Chrysalis"],"picked":"Secret Technique","floor":45},{"not_picked":["Poisoned Stab+1","Flying Knee"],"picked":"Accuracy+1","floor":47},{"not_picked":["Bane","Heel Hook+1","Poisoned Stab+1"],"picked":"SKIP","floor":48},{"not_picked":["Flechettes","Endless Agony"],"picked":"PiercingWail","floor":49}],"player_experience":72180,"relics_obtained":[{"floor":9,"key":"Bottled Lightning"},{"floor":14,"key":"Odd Mushroom"},{"floor":22,"key":"Red Mask"},{"floor":26,"key":"Dream Catcher"},{"floor":27,"key":"Shuriken"},{"floor":37,"key":"Lizard Tail"},{"floor":40,"key":"Orichalcum"},{"floor":43,"key":"Bottled Tornado"}],"event_choices":[{"damage_healed":0,"gold_gain":0,"player_choice":"Ignored","damage_taken":0,"max_hp_gain":0,"max_hp_loss":0,"event_name":"Shining Light","floor":3,"gold_loss":0},{"cards_removed":["Strike_G"],"damage_healed":0,"gold_gain":0,"player_choice":"Card Removal","damage_taken":7,"max_hp_gain":0,"max_hp_loss":0,"event_name":"Golden Wing","floor":4,"gold_loss":0},{"damage_healed":0,"gold_gain":0,"player_choice":"Fought Mushrooms","damage_taken":0,"max_hp_gain":0,"max_hp_loss":0,"event_name":"Mushrooms","floor":14,"gold_loss":0},{"damage_healed":0,"gold_gain":0,"player_choice":"Shed Blood","damage_taken":19,"max_hp_gain":5,"max_hp_loss":0,"event_name":"Forgotten Altar","floor":19,"gold_loss":0},{"damage_healed":0,"gold_gain":0,"player_choice":"Fought Bandits","damage_taken":0,"max_hp_gain":0,"max_hp_loss":0,"event_name":"Masked Bandits","floor":22,"gold_loss":0},{"damage_healed":0,"gold_gain":99,"player_choice":"Stole From Cult","damage_taken":0,"max_hp_gain":0,"max_hp_loss":0,"event_name":"Nest","floor":24,"gold_loss":0},{"damage_healed":0,"gold_gain":0,"player_choice":"Ignored","damage_taken":0,"max_hp_gain":0,"max_hp_loss":0,"event_name":"Vampires","floor":29,"gold_loss":0},{"damage_healed":0,"gold_gain":222,"player_choice":"Wore Mask","damage_taken":0,"max_hp_gain":0,"max_hp_loss":0,"event_name":"Tomb of Lord Red Mask","floor":36,"gold_loss":0},{"damage_healed":0,"gold_gain":0,"player_choice":"Fight","damage_taken":0,"max_hp_gain":0,"max_hp_loss":0,"event_name":"MindBloom","floor":37,"gold_loss":0},{"damage_healed":0,"gold_gain":0,"player_choice":"Fight","damage_taken":0,"max_hp_gain":0,"max_hp_loss":0,"event_name":"Mysterious Sphere","floor":38,"gold_loss":0},{"damage_healed":0,"gold_gain":0,"player_choice":"Memory 1","damage_taken":0,"max_hp_gain":0,"max_hp_loss":0,"event_name":"SensoryStone","floor":45,"gold_loss":0}],"is_beta":false,"boss_relics":[{"not_picked":["Pandora\u0027s Box","Fusion Hammer"],"picked":"Tiny House"},{"not_picked":["Calling Bell","Coffee Dripper"],"picked":"WristBlade"}],"items_purged_floors":[20,25,46],"is_endless":false,"potions_floor_spawned":[2,8,12,16,28,30,33,35,37,38],"ascension_level":0}}