{"host":"jmrtcms4w8pdo4je","time":1608776067,"event":{"mods":["AchievementEnabler","Act Like it!","BaseMod","Bestiary","ChefMod","Colored Powertips","Conspire","Elementarium","Fiend Mod","Gremlin Mod","Infinite Spire","Minty Spire (QoL Compilation)","Replay The Spire","Shade Mod","StSLib","The Cursed","The Forsaken","The Hierophant","The Judge","The Marked","The Necromancer","The Problem Sleuth"],"gold_per_floor":[109,127,12,29,39,39,59,59,105,133,150,166,66,66,66,91,91,91],"floor_reached":16,"playtime":844,"items_purged":[],"score":104,"play_id":"6dea126c-a533-4c41-ad8e-3fb0423eb042","local_time":"20201223201427","is_ascension_mode":false,"campfire_choices":[{"data":"theSleuth:PezUzi","floor":6,"key":"SMITH"}],"circlet_count":0,"master_deck":["theSleuth:Strike","theSleuth:Strike","theSleuth:Strike","theSleuth:Strike","theSleuth:Defend","theSleuth:Defend","theSleuth:Defend","theSleuth:KeyHandgun","theSleuth:TakeInventory","theSleuth:Diplomacy","theSleuth:PezUzi","theSleuth:PezUzi","theSleuth:PezUzi+1","theSleuth:FudgeDeck+1","theSleuth:CharismaBlast","theSleuth:FlaskOfWhiskey","theSleuth:CandyLeather","Parasite","theSleuth:Parry","theSleuth:WeighIn","theSleuth:FlaskOfWhiskey","conspire:SpireCoStock","conspire:SpireCoStock"],"relics":["theSleuth:Typewriter","NeowsBlessing","infinitespire:PuzzleCube","Bottled Flame"],"acts_visited":["Exordium"],"potions_floor_usage":[5,11,16],"damage_taken":[{"damage":0,"enemies":"2 Louse","floor":1,"turns":2},{"damage":0,"enemies":"Cultist","floor":2,"turns":1},{"damage":0,"enemies":"Small Slimes","floor":4,"turns":1},{"damage":0,"enemies":"3 Louse","floor":5,"turns":3},{"damage":2,"enemies":"Blue Slaver","floor":7,"turns":4},{"damage":17,"enemies":"Lagavulin","floor":10,"turns":8},{"damage":13,"enemies":"Large Slime","floor":11,"turns":4},{"damage":2,"enemies":"Looter","floor":12,"turns":4},{"damage":67,"enemies":"Hexaghost","floor":16,"turns":14}],"seed_played":"2085632645396781920","potions_obtained":[{"floor":2,"key":"ColorlessPotion"},{"floor":7,"key":"FearPotion"},{"floor":12,"key":"Fire Potion"}],"is_trial":false,"path_per_floor":["M","M","$","M","M","R","M","?","T","E","M","M","?","$","R","B"],"character_chosen":"THE_sleuth","items_purchased":["theSleuth:PezUzi","theSleuth:FudgeDeck"],"campfire_rested":0,"item_purchase_floors":[3,3],"current_hp_per_floor":[73,73,73,73,73,73,71,73,73,56,43,41,41,41,62,0,0,0],"gold":91,"neow_bonus":"THREE_ENEMY_KILL","is_daily":false,"chose_seed":false,"campfire_upgraded":1,"win_rate":0.0,"timestamp":1608776067,"path_taken":["M","M","$","M","M","R","M","?","T","E","M","M","?","$","R","BOSS"],"items_purchased_type":["Card","Card"],"build_version":"2020-12-22","purchased_purges":0,"victory":false,"max_hp_per_floor":[73,73,73,73,73,73,73,73,73,73,73,73,73,73,73,73,73,73],"card_choices":[{"not_picked":["theSleuth:Fortify","theSleuth:BenStillerBust"],"picked":"theSleuth:PezUzi","floor":1},{"not_picked":["theSleuth:ThinkAhead","theSleuth:CandyCorn"],"picked":"theSleuth:PezUzi","floor":2},{"not_picked":["theSleuth:Ogle","theSleuth:Ignore"],"picked":"theSleuth:CharismaBlast","floor":4},{"not_picked":["theSleuth:Taze","theSleuth:FoolPlate"],"picked":"theSleuth:FlaskOfWhiskey","floor":5},{"not_picked":["theSleuth:Treaty","theSleuth:Tootshotgun"],"picked":"theSleuth:CandyLeather","floor":7},{"not_picked":["theSleuth:DiamondArmor","theSleuth:BiteHardly"],"picked":"theSleuth:Parry","floor":10},{"not_picked":["theSleuth:Fortune","theSleuth:CandyMech"],"picked":"theSleuth:WeighIn","floor":11},{"not_picked":["theSleuth:CandyCorn","theSleuth:VictoryPose"],"picked":"theSleuth:FlaskOfWhiskey","floor":12}],"player_experience":31430,"relics_obtained":[{"floor":9,"key":"infinitespire:PuzzleCube"},{"floor":10,"key":"Bottled Flame"}],"event_choices":[{"damage_healed":18,"gold_gain":0,"player_choice":"Healed and dodged fight","damage_taken":0,"max_hp_gain":0,"max_hp_loss":0,"event_name":"Mushrooms","floor":8,"gold_loss":0,"cards_obtained":["Parasite"]},{"damage_healed":0,"gold_gain":0,"player_choice":"Invest 2","damage_taken":0,"max_hp_gain":0,"max_hp_loss":0,"event_name":"conspire:Investor","floor":13,"gold_loss":0}],"is_beta":false,"boss_relics":[],"items_purged_floors":[],"is_endless":false,"potions_floor_spawned":[2,7,12],"killed_by":"Hexaghost","ascension_level":0}}