{"host":"0m9qzqwuh9r40nrk","time":1608797367,"event":{"mods":["BaseMod","Downfall","Hermit","Minty Spire (QoL Compilation)","Replay The Spire","StSLib","The Animator","The Cursed","The Servant 0.9.4"],"gold_per_floor":[115,58,58,165,179,179,179],"floor_reached":6,"playtime":478,"items_purged":[],"score":34,"play_id":"3f3452e0-5dc5-4771-9bd8-3408ca274bc9","local_time":"20201224000927","is_ascension_mode":false,"campfire_choices":[],"circlet_count":0,"master_deck":["animator:Strike_Overlord","animator:Defend_Overlord","animator:Strike","animator:Strike","animator:Strike","animator:Defend","animator:Defend","animator:Defend","animator:Cocytus","animator:Demiurge","animator:Lancer","animator:RoryMercury","animator:RoryMercury","animator:Aqua","animator:Kazuma","animator:RinTohsaka"],"relics":["animator:LivingPicture","animator:TheMissingPiece","Calipers","White Beast Statue","ReplayFunnel"],"acts_visited":["Exordium"],"potions_floor_usage":[6],"damage_taken":[{"damage":3,"enemies":"2 Louse","floor":1,"turns":4},{"damage":0,"enemies":"Small Slimes","floor":5,"turns":3},{"damage":36,"enemies":"3 Sentries","floor":6,"turns":6}],"seed_played":"-5784087133591665701","potions_obtained":[{"floor":5,"key":"EssenceOfSteel"}],"is_trial":false,"path_per_floor":["M","$","?","?","M","E"],"character_chosen":"THE_ANIMATOR","items_purchased":["animator:RoryMercury"],"campfire_rested":0,"item_purchase_floors":[2],"current_hp_per_floor":[57,57,45,22,24,0,0],"gold":179,"neow_bonus":"ONE_RARE_RELIC","is_daily":false,"chose_seed":false,"campfire_upgraded":0,"win_rate":0.0,"timestamp":1608797367,"path_taken":["M","$","?","?","M","E"],"items_purchased_type":["Card"],"build_version":"2020-12-22","purchased_purges":0,"victory":false,"max_hp_per_floor":[60,60,60,61,61,61,61],"card_choices":[{"not_picked":["animator:Rider","animator:Geryuganshoop"],"picked":"animator:Lancer","floor":1},{"not_picked":["animator:Spearman","animator:Lancer"],"picked":"animator:Aqua","floor":4},{"not_picked":["animator:Mitsurugi","animator:Spearman"],"picked":"animator:Kazuma","floor":4},{"not_picked":["animator:Melzalgald","animator:MumenRider"],"picked":"animator:RinTohsaka","floor":5}],"player_experience":440235,"relics_obtained":[{"floor":4,"key":"ReplayFunnel"}],"event_choices":[{"damage_healed":0,"gold_gain":0,"player_choice":"Success","damage_taken":12,"relics_obtained":["White Beast Statue"],"max_hp_gain":0,"max_hp_loss":0,"event_name":"Scrap Ooze","floor":3,"gold_loss":0}],"is_beta":false,"boss_relics":[],"items_purged_floors":[],"is_endless":false,"potions_floor_spawned":[5],"killed_by":"3 Sentries","ascension_level":0}}