{"host":"dazi714svy9she3p","time":1608787391,"event":{"mods":["AchievementEnabler","Act Like it!","BaseMod","Better Skull","CapriCore","CatGirl Mod","Colored Map","Downfall","Friendly Minions","GifTheSpireLib","Highlight Path","Hubris","Infinite Spire","Jorbs\u0027s Wanderer Trilogy","Koishi","Lobotomy","LobotomyExtend","Mad Scientist","Minty Spire (QoL Compilation)","Random Character Button","Rare Cards Sparkle","Relic Sorter","RemiliaÅiÂQïƒ‰ª?Åj","Replay The Spire","StSLib","The Animator","The Blackbeard","The Bladedancer","The Construct","The Cursed","The Druid","The Forsaken","The Gatherer","The Immortal","The Juggle","The Marked","The Mystic","The Wild Card"],"gold_per_floor":[115,127,127,52,52,52,52,52,77,92,112,130,141,166,166,166,166],"floor_reached":16,"playtime":897,"items_purged":["theDruid:Defend_O"],"score":92,"play_id":"81f64cdc-039f-460d-9fd2-9578c9d6cbbc","local_time":"20201223212311","is_ascension_mode":false,"campfire_choices":[{"data":"theDruid:Guidance","floor":6,"key":"SMITH"},{"data":"theDruid:WildSlash","floor":8,"key":"SMITH"},{"floor":15,"key":"REST"}],"circlet_count":0,"master_deck":["theDruid:Strike_O","theDruid:Strike_O","theDruid:Strike_O","theDruid:Strike_O","theDruid:Defend_O","theDruid:Defend_O","theDruid:Defend_O","theDruid:BriarArmor","theDruid:WildSlash+1","FairyFestival","theDruid:Guidance+1","theDruid:ThickHide","theDruid:Gore","HeroicMonk","theDruid:Rummage","Wellcheers","MeatLantern","theDruid:Gore","WhitesApple"],"relics":["theDruid:CrownOfTheWilds","CogitoBucket","LetterFromLob","ResearcherNote","Boot"],"acts_visited":["Exordium"],"potions_floor_usage":[],"damage_taken":[{"damage":4,"enemies":"2 Louse","floor":1,"turns":3},{"damage":11,"enemies":"Jaw Worm","floor":2,"turns":3},{"damage":1,"enemies":"Small Slimes","floor":10,"turns":3},{"damage":15,"enemies":"Red Slaver","floor":11,"turns":4},{"damage":9,"enemies":"Looter","floor":12,"turns":3},{"damage":48,"enemies":"Exordium Thugs","floor":13,"turns":4},{"damage":50,"enemies":"Fading Forest","floor":16,"turns":1}],"seed_played":"1479311275589161531","potions_obtained":[{"floor":10,"key":"Block Potion"},{"floor":11,"key":"Reflective Coating"}],"is_trial":false,"path_per_floor":["M","M","?","$","?","R","?","R","T","M","M","M","M","T","R","B"],"character_chosen":"DRUID","items_purchased":[],"campfire_rested":1,"item_purchase_floors":[],"current_hp_per_floor":[71,62,66,66,66,66,66,66,66,66,55,48,7,7,29,0,0],"gold":166,"neow_bonus":"","is_daily":false,"chose_seed":false,"campfire_upgraded":2,"win_rate":0.0,"timestamp":1608787391,"path_taken":["M","M","?","$","?","R","?","R","T","M","M","M","M","?","R","BOSS"],"items_purchased_type":[],"build_version":"2020-12-22","purchased_purges":1,"victory":false,"max_hp_per_floor":[75,75,75,75,75,75,75,75,75,75,75,75,75,75,75,75,75],"card_choices":[{"not_picked":["HappyTeddy","Bloodbath"],"picked":"FairyFestival","floor":1},{"not_picked":["theDruid:Infestation","theDruid:Gore"],"picked":"theDruid:Guidance","floor":1},{"not_picked":["theDruid:BrambleLash","theDruid:InsectSwarm"],"picked":"theDruid:ThickHide","floor":2},{"not_picked":["theDruid:Thornburst","theDruid:BackupSupplies"],"picked":"theDruid:Gore","floor":10},{"not_picked":["ShyLook","Rudolta"],"picked":"HeroicMonk","floor":10},{"not_picked":["theDruid:FelineGrace","theDruid:BagofTricks"],"picked":"theDruid:Rummage","floor":11},{"not_picked":["RedShoes","OSAHOGD"],"picked":"Wellcheers","floor":11},{"not_picked":["BlackSwan","OSAHOGD"],"picked":"MeatLantern","floor":12},{"not_picked":["theDruid:Starfall","theDruid:IronbarkArmor","theDruid:Moonbeam"],"picked":"SKIP","floor":12},{"not_picked":["theDruid:IronClaw","theDruid:ForestsSoul"],"picked":"theDruid:Gore","floor":13},{"not_picked":["Rudolta","NakedNest"],"picked":"WhitesApple","floor":13}],"player_experience":18159,"relics_obtained":[{"floor":1,"key":"LetterFromLob"},{"floor":14,"key":"Boot"}],"event_choices":[{"damage_healed":0,"gold_gain":0,"player_choice":"Bought 0 Potions","damage_taken":0,"max_hp_gain":0,"max_hp_loss":0,"event_name":"The Woman in Blue","floor":7,"gold_loss":0}],"is_beta":false,"boss_relics":[],"items_purged_floors":[4],"is_endless":false,"potions_floor_spawned":[10,11],"killed_by":"Fading Forest","ascension_level":0}}