{"host":"lmshf3swj20gmdor","time":1608841208,"event":{"mods":["Aspiration","BaseMod","Conspire","Downfall","Hubris","Mad Scientist","Minty Spire (QoL Compilation)","Replay The Spire","Spikes Relics","StSLib","Synergy Search","The Construct"],"gold_per_floor":[110,110,125,135,135,167,167,198,198,210,137,137,137,137,137,239,239,257,257,257,276,287,287,313,313,313,313,348,348,348,364,364,364,364],"floor_reached":33,"playtime":986,"items_purged":[],"score":407,"play_id":"b06d223f-97a7-47b5-ad9e-94cee6b9a0e8","local_time":"20201224202008","is_ascension_mode":true,"campfire_choices":[{"data":"Zap","floor":7,"key":"SMITH"},{"data":"Beam Cell","floor":13,"key":"SMITH"},{"floor":15,"key":"REST"},{"data":"Dualcast","floor":23,"key":"SMITH"},{"floor":25,"key":"REST"},{"data":"Coolheaded","floor":27,"key":"SMITH"},{"floor":32,"key":"REST"}],"circlet_count":0,"master_deck":["Strike_B","Strike_B","Strike_B","Strike_B","Defend_B","Defend_B","Defend_B","Defend_B","Zap+1","Dualcast+1","Beam Cell+1","Coolheaded+1","Ball Lightning+1","Sunder+1","Echo Form","Compile Driver+1","hubris:Ukulele+1","Chill+1"],"relics":["Cracked Core","aspiration:HiddenCompartment","Molten Egg 2","hubris:Towel","White Beast Statue","hubris:PeanutButter","Bottled Tornado","hubris:EvacipatedBox","construct:WeddingRing","conspire:Dentures","hubris:RGBLights","Lantern","Quantum Egg"],"acts_visited":["Exordium","TheCity"],"potions_floor_usage":[18,33,33,33],"damage_taken":[{"damage":3,"enemies":"Small Slimes","floor":1,"turns":3},{"damage":12,"enemies":"2 Louse","floor":3,"turns":4},{"damage":0,"enemies":"Cultist","floor":4,"turns":3},{"damage":21,"enemies":"Lagavulin","floor":6,"turns":7},{"damage":15,"enemies":"Replay:BlueRogue","floor":8,"turns":5},{"damage":0,"enemies":"2 Fungi Beasts","floor":10,"turns":2},{"damage":34,"enemies":"Hexaghost","floor":16,"turns":6},{"damage":5,"enemies":"conspire:FuzzyDice","floor":18,"turns":4},{"damage":6,"enemies":"3 Byrds","floor":21,"turns":4},{"damage":1,"enemies":"conspire:HollyBat","floor":22,"turns":4},{"damage":32,"enemies":"Slavers","floor":24,"turns":4},{"damage":30,"enemies":"Book of Stabbing","floor":28,"turns":4},{"damage":4,"enemies":"Chosen and Byrds","floor":31,"turns":4},{"damage":82,"enemies":"Automaton","floor":33,"turns":6}],"seed_played":"-5884521496391493352","potions_obtained":[{"floor":3,"key":"Ancient Potion"},{"floor":8,"key":"hexamod:EctoCoolerPotion"},{"floor":10,"key":"Strength Potion"},{"floor":18,"key":"Flashbang"},{"floor":28,"key":"Energy Potion"}],"is_trial":false,"path_per_floor":["M","?","M","M","?","E","R","E","T","M","$","?","R","$","R","B",null,"M","?","$","M","M","R","E","R","T","R","E","?","T","M","R","B"],"character_chosen":"DEFECT","items_purchased":["hubris:Ukulele+1","hubris:EvacipatedBox"],"campfire_rested":3,"item_purchase_floors":[11,14],"current_hp_per_floor":[65,65,53,53,53,32,32,17,17,17,17,42,42,23,45,11,59,54,54,54,48,47,47,15,37,37,37,7,7,7,3,25,0,0],"gold":364,"neow_bonus":"RANDOM_COMMON_RELIC","is_daily":false,"chose_seed":false,"campfire_upgraded":4,"win_rate":0.0,"timestamp":1608841208,"path_taken":["M","?","M","M","?","E","R","E","T","M","$","?","R","?","R","BOSS","M","?","$","?","M","R","E","R","T","R","E","?","?","M","R","BOSS"],"items_purchased_type":["Card","Relic"],"build_version":"2020-12-22","purchased_purges":0,"victory":false,"max_hp_per_floor":[75,75,75,75,75,75,75,75,75,75,75,75,75,75,75,75,75,75,75,75,75,75,75,75,75,75,75,75,75,75,75,75,75,75],"card_choices":[{"not_picked":["Conserve Battery","Coolheaded"],"picked":"Beam Cell","floor":1},{"not_picked":["Hologram","Leap"],"picked":"Coolheaded","floor":3},{"not_picked":["Barrage+1","Panic Button"],"picked":"Ball Lightning+1","floor":4},{"not_picked":["BasicCrystalCard","Amplify"],"picked":"Sunder+1","floor":6},{"not_picked":["Hello World","FIFO Queue"],"picked":"Echo Form","floor":8},{"not_picked":["Turbo","Conserve Battery"],"picked":"Compile Driver+1","floor":10},{"not_picked":["conspire:SharedLibrary","Sweeping Beam+1","Genetic Algorithm+1"],"picked":"SKIP","floor":18},{"not_picked":["Redo","FIFO Queue"],"picked":"Chill+1","floor":21},{"not_picked":["Gash+1","Multi-Cast","Sunder+1"],"picked":"SKIP","floor":22},{"not_picked":["Consume","conspire:Rain","Chill"],"picked":"SKIP","floor":24},{"not_picked":["Buffer","Beam Cell+1","Coolheaded"],"picked":"SKIP","floor":28},{"not_picked":["ReplayRNGCard","Beam Cell+1","ReplayTheSpireMod:Dual Polarity"],"picked":"SKIP","floor":31}],"player_experience":842824,"relics_obtained":[{"floor":6,"key":"White Beast Statue"},{"floor":8,"key":"hubris:PeanutButter"},{"floor":9,"key":"Bottled Tornado"},{"floor":24,"key":"conspire:Dentures"},{"floor":26,"key":"hubris:RGBLights"},{"floor":28,"key":"Lantern"},{"floor":30,"key":"Quantum Egg"}],"event_choices":[{"damage_healed":25,"gold_gain":0,"player_choice":"Banana","damage_taken":0,"max_hp_gain":0,"max_hp_loss":0,"event_name":"Big Fish","floor":12,"gold_loss":0},{"cards_removed":["Injury"],"damage_healed":0,"gold_gain":0,"player_choice":"Removed Curses","damage_taken":0,"max_hp_gain":0,"max_hp_loss":0,"event_name":"Fountain of Cleansing","floor":19,"gold_loss":0},{"damage_healed":0,"gold_gain":0,"player_choice":"Ignored","damage_taken":0,"max_hp_gain":0,"max_hp_loss":0,"event_name":"Ghosts","floor":29,"gold_loss":0}],"is_beta":false,"boss_relics":[{"not_picked":["aspiration:Stellarator","Calling Bell","Pandora\u0027s Box"],"picked":"construct:WeddingRing"}],"items_purged_floors":[],"is_endless":false,"potions_floor_spawned":[3,8,10,16,18,21,22,24,28,31],"killed_by":"Automaton","ascension_level":8}}