{"host":"27tk4xseidcli2mr","time":1608804252,"event":{"mods":["2.2 Compatiblity","AchievementEnabler","Aspiration","BaseMod","Better Third Choice","Conspire","Custom Start","Hubris","Jorbs\u0027s Wanderer Trilogy","Minty Spire (QoL Compilation)","Replay The Spire","StSLib","SuperFastMode","[IsaacMod]????"],"gold_per_floor":[114,114,127,127,152,188,188,202,228,228,228,104,154,168,168,296,296,287,0,24,24,24,63,63,81,81,119,137,156,4,4,4,123,123,139,139,202,202,202,49,49,49,74,74,74],"floor_reached":44,"playtime":1953,"items_purged":["Strike_R","Defend_R"],"score":494,"play_id":"14052c37-ecd2-4e47-b8f2-561a8353cfe9","local_time":"20201224110412","is_ascension_mode":false,"campfire_choices":[{"data":"Armaments","floor":7.0,"key":"SMITH"},{"floor":11.0,"key":"RECALL"},{"floor":15.0,"key":"REST"},{"data":"Limit Break","floor":24.0,"key":"SMITH"},{"floor":32.0,"key":"REST"},{"floor":42.0,"key":"REST"}],"circlet_count":0,"master_deck":["Strike_R","Strike_R","Strike_R","Defend_R","Defend_R","Pummel","Iron Wave","Armaments+1","Thunderclap","Shrug It Off","Ghostly Armor","Limit Break+1","Demonic Infusion","Flex","Dropkick","The Bomb","Spot Weakness","Cleave","conspire:Purge","Thunderclap+1","Heavy Blade"],"relics":["Burning Blood","HushsDoor","KeepersGift","BelialBook","Golden Idol","Blood Vial","hubris:TenFootPole","conspire:RunicOctahedron","BargainBundle","Enchiridion","aspiration:StickyExplosives_weak","King of Hearts","Omamori","SlaversCollar","hubris:Towel","Durian","ClockworkSouvenir"],"acts_visited":["Exordium","TheCity","TheBeyond"],"potions_floor_usage":[44],"damage_taken":[{"damage":0.0,"enemies":"Small Slimes","floor":1.0,"turns":6.0},{"damage":9.0,"enemies":"Jaw Worm","floor":3.0,"turns":4.0},{"damage":2.0,"enemies":"2 Louse","floor":5.0,"turns":3.0},{"damage":28.0,"enemies":"3 Sentries","floor":6.0,"turns":9.0},{"damage":5.0,"enemies":"Looter","floor":8.0,"turns":3.0},{"damage":7.0,"enemies":"Lots of Slimes","floor":14.0,"turns":4.0},{"damage":0.0,"enemies":"Slime Boss","floor":16.0,"turns":4.0},{"damage":26.0,"enemies":"2 Thieves","floor":18.0,"turns":4.0},{"damage":18.0,"enemies":"Shell Parasite","floor":20.0,"turns":10.0},{"damage":22.0,"enemies":"conspire:Head Lice","floor":23.0,"turns":4.0},{"damage":8.0,"enemies":"Snake Plant","floor":25.0,"turns":4.0},{"damage":18.0,"enemies":"Slavers","floor":27.0,"turns":5.0},{"damage":17.0,"enemies":"conspire:HollyBat","floor":28.0,"turns":6.0},{"damage":15.0,"enemies":"Sentry and Sphere","floor":29.0,"turns":4.0},{"damage":31.0,"enemies":"conspire:MysteriousRune","floor":33.0,"turns":14.0},{"damage":60.0,"enemies":"3 Darklings","floor":35.0,"turns":7.0},{"damage":28.0,"enemies":"Mind Bloom Boss Battle","floor":37.0,"turns":9.0},{"damage":11.0,"enemies":"Orb Walker","floor":43.0,"turns":4.0},{"damage":45,"enemies":"Reptomancer","floor":44,"turns":6}],"seed_played":"4343356999972194870","potions_obtained":[{"floor":3.0,"key":"BloodPotion"},{"floor":6.0,"key":"PowerPotion"},{"floor":14.0,"key":"Venom Potion"},{"floor":20.0,"key":"Swift Potion"},{"floor":25.0,"key":"SneckoOil"},{"floor":33.0,"key":"BlessingOfTheForge"},{"floor":37.0,"key":"Adrenaline Potion"},{"floor":43.0,"key":"PowerPotion"}],"is_trial":false,"path_per_floor":["M","?","M","?","M","E","R","M","T","?","R","$","?","M","R","B",null,"M","$","M","$","?","E","R","M","T","E","M","M","$","?","R","B",null,"M","?","?","PTL","PTL","$","?","R","M","E"],"character_chosen":"IRONCLAD","items_purchased":["Shrug It Off","Demonic Infusion","BargainBundle","Flex","Dropkick","The Bomb","Omamori","ClockworkSouvenir"],"campfire_rested":3,"item_purchase_floors":[12,17,19,19,19,19,30,40],"current_hp_per_floor":[88,63,60,38,59,37,37,40,40,40,40,40,33,34,60,68,84,64,64,54,54,47,33,33,33,33,23,14,7,7,7,32,9,84,30,30,15,15,15,15,15,41,38,0,0],"gold":74,"neow_bonus":"TEN_PERCENT_HP_BONUS","is_daily":false,"chose_seed":false,"campfire_upgraded":2,"win_rate":0.0,"timestamp":1608804252,"path_taken":["M","?","M","?","M","E","R","?","T","?","R","$","?","M","R","BOSS","M","$","M","?","?","E","R","M","T","E","M","M","$","?","R","BOSS","M","?","?","PTL","PTL","$","?","R","M","E"],"items_purchased_type":["Card","Card","Relic","Card","Card","Card","Relic","Relic"],"build_version":"2020-12-22","purchased_purges":2,"victory":false,"max_hp_per_floor":[88,88,88,88,88,88,88,88,88,88,88,88,88,88,88,88,84,84,84,84,84,84,84,84,84,84,84,84,84,84,84,84,84,84,84,84,89,89,89,89,89,89,89,89,89],"card_choices":[{"not_picked":["ReplayTheSpireMod:Limb From Limb","hubris:CleavingFinish"],"picked":"Pummel","floor":1.0},{"not_picked":["Pummel","ReplayReversal"],"picked":"Iron Wave","floor":3.0},{"not_picked":["Shrug It Off","Rupture"],"picked":"Armaments","floor":5.0},{"not_picked":["Havoc","Reckless Charge","Clash"],"picked":"SKIP","floor":6.0},{"not_picked":["Sword Boomerang","Sentinel"],"picked":"Thunderclap","floor":8.0},{"not_picked":["ReplayTheSpireMod:Strike From Hell","Reckless Charge"],"picked":"Ghostly Armor","floor":14.0},{"not_picked":["Brutality","Double Tap"],"picked":"Limit Break","floor":16.0},{"not_picked":["conspire:ExplosiveBarrier","Intimidate","Uppercut"],"picked":"SKIP","floor":18.0},{"not_picked":["ReplayTheSpireMod:Limb From Limb","Sever Soul"],"picked":"Spot Weakness","floor":20.0},{"not_picked":["Ghostly Armor","Sentinel","Defy Death"],"picked":"SKIP","floor":23.0},{"not_picked":["ReplayTheSpireMod:Stacked","Body Slam","Run Through"],"picked":"SKIP","floor":25.0},{"not_picked":["hubris:ReadiedAction","Anger"],"picked":"Cleave","floor":27.0},{"not_picked":["Massacre","Fire Breathing","ReplayTheSpireMod:Strike From Hell"],"picked":"SKIP","floor":28.0},{"not_picked":["hubris:ReadiedAction","Thunderclap","Exhume"],"picked":"SKIP","floor":29.0},{"not_picked":["Replay:Many Hands","Feed"],"picked":"conspire:Purge","floor":33.0},{"not_picked":["True Grit+1","Intimidate"],"picked":"Thunderclap+1","floor":35.0},{"not_picked":["Abandon+1","Body Slam+1"],"picked":"Heavy Blade","floor":37.0},{"not_picked":["Uppercut+1","conspire:ExplosiveBarrier","Sword Boomerang+1"],"picked":"SKIP","floor":43.0}],"player_experience":1214997,"relics_obtained":[{"floor":6.0,"key":"Blood Vial"},{"floor":9.0,"key":"hubris:TenFootPole"},{"floor":22.0,"key":"Enchiridion"},{"floor":23.0,"key":"aspiration:StickyExplosives_weak"},{"floor":27.0,"key":"King of Hearts"},{"floor":37.0,"key":"Durian"}],"event_choices":[{"damage_healed":0.0,"max_hp_gain":0.0,"max_hp_loss":0.0,"gold_gain":0.0,"event_name":"betterThird:BetterScrap","player_choice":"Relic ","floor":2.0,"gold_loss":0.0,"damage_taken":25.0,"cards_obtained":["Meditate"]},{"damage_healed":0.0,"max_hp_gain":0.0,"max_hp_loss":0.0,"gold_gain":0.0,"event_name":"Golden Idol","player_choice":"Take Damage","floor":4.0,"gold_loss":0.0,"damage_taken":22.0,"relics_obtained":["Golden Idol"]},{"cards_removed":["Strike_R"],"damage_healed":0.0,"max_hp_gain":0.0,"max_hp_loss":0.0,"gold_gain":0.0,"event_name":"Living Wall","player_choice":"Forget","floor":10.0,"gold_loss":0.0,"damage_taken":0.0},{"damage_healed":0.0,"max_hp_gain":0.0,"max_hp_loss":0.0,"gold_gain":0.0,"event_name":"Cursed Tome","player_choice":"Obtained Book","floor":22.0,"gold_loss":0.0,"damage_taken":16.0},{"damage_healed":0.0,"max_hp_gain":0.0,"max_hp_loss":0.0,"gold_gain":0.0,"event_name":"MindBloom","player_choice":"Fight","floor":37.0,"gold_loss":0.0,"damage_taken":0.0},{"cards_removed":["Bash"],"damage_healed":0.0,"max_hp_gain":0.0,"max_hp_loss":0.0,"gold_gain":0.0,"event_name":"Falling","player_choice":"Removed Attack","floor":41.0,"gold_loss":0.0,"damage_taken":0.0}],"is_beta":false,"boss_relics":[{"not_picked":["Ooze Armor","conspire:SlowCooker"],"picked":"conspire:RunicOctahedron"},{"not_picked":[]},{"not_picked":["ChewingGum","Pandora\u0027s Box"],"picked":"SlaversCollar"},{"not_picked":[]}],"items_purged_floors":[12,19],"is_endless":false,"potions_floor_spawned":[3,6,14,20,25,33,37,43],"killed_by":"Reptomancer","ascension_level":0}}