{"host":"mwsmbxdngw43p4je","time":1608832362,"event":{"mods":["BaseMod","Better Third Choice","Colored Map","Colored Powertips","DeckTracker","Downfall","Minty Spire (QoL Compilation)","Permanent Neow","Quick Restart","Relic Stats","Replay The Spire","StSLib"],"gold_per_floor":[116,116,116,130,147,147,178,189,213,213,128,159,169,181,181,286,286,297,79,79,94,19,53,53,80,80,105,119,119,151,176,176,277,277,294,313,313,327,337,367,165,194,194,222,236,236,36,85,85,131],"floor_reached":51,"playtime":2586,"items_purged":["Defend_G","Strike_G+1","Defend_G","Defend_G"],"score":1247,"play_id":"827ed5d9-956f-470a-b28d-9facbad26181","local_time":"20201224115242","daily_mods":["Vintage","Heirloom","DeadlyEvents"],"is_ascension_mode":true,"campfire_choices":[{"data":"1","floor":6,"key":"LIFT"},{"data":"2","floor":10,"key":"LIFT"},{"data":"3","floor":15,"key":"LIFT"},{"data":"Neutralize","floor":24,"key":"SMITH"},{"data":"Storm of Steel","floor":29,"key":"SMITH"},{"data":"Cloak And Dagger","floor":32,"key":"SMITH"},{"data":"Accuracy","floor":49,"key":"SMITH"}],"circlet_count":0,"master_deck":["Strike_G+1","Strike_G+1","Strike_G+1","Defend_G+1","Survivor+1","Neutralize+1","Finisher","Infinite Blades","Infinite Blades","Slice","Storm of Steel+1","Accuracy+1","Slice","Backstab","Slice","Slice+1","Poisoned Stab","Cloak And Dagger+1","Glass Knife","Trip","Dagger Spray+1","Infinite Blades","Sucker Punch+1"],"relics":["Unceasing Top","Ring of Chaos","replay:Trail_Library","Girya","War Paint","Blood Vial","Pantograph","Ginger","Replay:Bottled Eggs","Smiling Mask","Oddly Smooth Stone","Shuriken","Ornamental Fan","Incense Burner","WristBlade","Nunchaku","Bottled Flame","ReplayTheSpireMod:Ninjato","Replay:Mystery Machine","Bottled Tornado","Chameleon Ring","sneckomod:BlankCard","hexamod:BolsterEngine","Pear","expansioncontent:StudyCardRelic","Akabeko","Replay:Bottled Snecko","TungstenRod","Kunai","Vajra","Happy Flower","Iron Hammer","Molten Egg 2","Replay:Accelerometer","Replay:Bandana","Orrery","Blue Candle"],"acts_visited":["Exordium","TheCity","TheBeyond"],"potions_floor_usage":[7],"damage_taken":[{"damage":0,"enemies":"Jaw Worm","floor":1,"turns":5},{"damage":5,"enemies":"Small Slimes","floor":4,"turns":4},{"damage":0,"enemies":"Cultist","floor":5,"turns":4},{"damage":31,"enemies":"Gremlin Nob","floor":7,"turns":6},{"damage":1,"enemies":"Exordium Thugs","floor":8,"turns":5},{"damage":3,"enemies":"3 Sentries","floor":12,"turns":5},{"damage":0,"enemies":"Exordium Wildlife","floor":13,"turns":3},{"damage":2,"enemies":"2 Fungi Beasts","floor":14,"turns":3},{"damage":12,"enemies":"Hexaghost","floor":16,"turns":5},{"damage":0,"enemies":"Shell Parasite","floor":18,"turns":2},{"damage":0,"enemies":"2 Thieves","floor":21,"turns":3},{"damage":0,"enemies":"Book of Stabbing","floor":23,"turns":2},{"damage":0,"enemies":"Slavers","floor":25,"turns":3},{"damage":0,"enemies":"Gremlin Leader","floor":27,"turns":2},{"damage":0,"enemies":"Snake Plant","floor":28,"turns":2},{"damage":0,"enemies":"Book of Stabbing","floor":30,"turns":2},{"damage":0,"enemies":"Slavers","floor":31,"turns":2},{"damage":0,"enemies":"Collector","floor":33,"turns":2},{"damage":0,"enemies":"3 Darklings","floor":35,"turns":2},{"damage":0,"enemies":"3 Shapes","floor":36,"turns":2},{"damage":0,"enemies":"Maw","floor":38,"turns":2},{"damage":11,"enemies":"Writhing Mass","floor":39,"turns":3},{"damage":0,"enemies":"Reptomancer","floor":40,"turns":2},{"damage":0,"enemies":"Nemesis","floor":42,"turns":3},{"damage":0,"enemies":"R_Hoarder","floor":44,"turns":3},{"damage":0,"enemies":"Spire Growth","floor":45,"turns":1},{"damage":0,"enemies":"Maw","floor":48,"turns":2},{"damage":13,"enemies":"Awakened One","floor":50,"turns":4}],"seed_played":"8972713760642520469","potions_obtained":[{"floor":1,"key":"Fire Potion"},{"floor":5,"key":"SpeedPotion"},{"floor":13,"key":"Energy Potion"},{"floor":14,"key":"DuplicationPotion"},{"floor":23,"key":"Venom Potion"},{"floor":48,"key":"CunningPotion"}],"is_trial":true,"path_per_floor":["M","?","?","M","M","R","E","M","T","R","$","E","M","M","R","B",null,"M","$","?","M","?","E","R","E","T","E","M","R","E","E","R","B",null,"M","M","?","M","M","E","$","E","T","E","M","?","$","M","R","B",null],"character_chosen":"THE_SILENT","items_purchased":["Infinite Blades","Accuracy","Slice","Backstab","Happy Flower","Orrery"],"campfire_rested":0,"item_purchase_floors":[11,19,19,19,41,47],"current_hp_per_floor":[70,70,70,65,67,67,38,39,39,39,39,38,40,40,40,55,70,70,70,70,70,70,70,70,70,70,70,70,70,70,80,80,80,80,80,80,70,72,63,65,65,67,67,69,71,71,71,73,73,67],"gold":131,"neow_bonus":"","is_daily":false,"chose_seed":false,"campfire_upgraded":4,"win_rate":0.0,"timestamp":1608832362,"path_taken":["M","?","?","?","M","R","E","M","T","R","$","?","?","M","R","BOSS","M","$","?","M","?","E","R","E","T","?","?","R","?","E","R","BOSS","M","?","?","?","M","E","$","?","T","E","M","?","?","M","R","BOSS"],"items_purchased_type":["Card","Card","Card","Card","Relic","Relic"],"build_version":"2020-12-22","purchased_purges":4,"victory":true,"max_hp_per_floor":[70,70,70,70,70,70,70,70,70,70,70,70,70,70,70,70,70,70,70,70,70,70,70,70,70,70,70,70,70,70,80,80,80,80,80,80,80,80,80,80,80,80,80,80,80,80,80,80,80,80],"relic_stats":{"Happy Flower":[4],"counters":[28,84],"Blue Candle":[0],"Ginger":[8],"War Paint":["Defend_G","Survivor"],"Smiling Mask":250,"Blood Vial":28,"Nunchaku":[20],"Shuriken":[61],"Ornamental Fan":[236],"Pantograph":32,"Kunai":[20],"obtain_stats":[{"Replay:Accelerometer":44,"sneckomod:BlankCard":28,"Vajra":40,"Incense Burner":14,"expansioncontent:StudyCardRelic":34,"Ginger":5,"Replay:Mystery Machine":25,"Bottled Tornado":26,"Smiling Mask":8,"Blood Vial":3,"Nunchaku":18,"Replay:Bandana":45,"Chameleon Ring":27,"WristBlade":17,"Pantograph":4,"Iron Hammer":42,"Replay:Bottled Snecko":36,"Kunai":39,"Replay:Bottled Eggs":7,"replay:Trail_Library":0,"Girya":0,"ReplayTheSpireMod:Ninjato":23,"Pear":31,"Happy Flower":41,"Blue Candle":48,"Oddly Smooth Stone":9,"Ring of Chaos":0,"War Paint":1,"Akabeko":35,"Bottled Flame":21,"Shuriken":12,"Ornamental Fan":13,"Orrery":47,"Molten Egg 2":43,"hexamod:BolsterEngine":30,"Unceasing Top":0,"TungstenRod":38},{"Replay:Accelerometer":25,"sneckomod:BlankCard":15,"Vajra":23,"Incense Burner":8,"expansioncontent:StudyCardRelic":18,"Ginger":3,"Replay:Mystery Machine":13,"Bottled Tornado":13,"Smiling Mask":5,"Blood Vial":1,"Nunchaku":10,"Replay:Bandana":26,"Chameleon Ring":14,"WristBlade":9,"Pantograph":2,"Iron Hammer":24,"Replay:Bottled Snecko":20,"Kunai":22,"Replay:Bottled Eggs":4,"replay:Trail_Library":0,"Girya":0,"ReplayTheSpireMod:Ninjato":12,"Pear":17,"Happy Flower":23,"Blue Candle":27,"Oddly Smooth Stone":5,"Ring of Chaos":0,"War Paint":1,"Akabeko":19,"Bottled Flame":11,"Shuriken":6,"Ornamental Fan":7,"Orrery":26,"Molten Egg 2":24,"hexamod:BolsterEngine":16,"Unceasing Top":0,"TungstenRod":21},{"Replay:Accelerometer":77,"sneckomod:BlankCard":54,"Vajra":71,"Incense Burner":35,"expansioncontent:StudyCardRelic":60,"Ginger":13,"Replay:Mystery Machine":50,"Bottled Tornado":50,"Smiling Mask":24,"Blood Vial":5,"Nunchaku":42,"Replay:Bandana":78,"Chameleon Ring":52,"WristBlade":40,"Pantograph":9,"Iron Hammer":74,"Replay:Bottled Snecko":64,"Kunai":69,"Replay:Bottled Eggs":19,"replay:Trail_Library":0,"Girya":0,"ReplayTheSpireMod:Ninjato":47,"Pear":58,"Happy Flower":71,"Blue Candle":80,"Oddly Smooth Stone":24,"Ring of Chaos":0,"War Paint":5,"Akabeko":62,"Bottled Flame":45,"Shuriken":29,"Ornamental Fan":32,"Orrery":78,"Molten Egg 2":74,"hexamod:BolsterEngine":56,"Unceasing Top":0,"TungstenRod":66}],"Unceasing Top":[36],"TungstenRod":3},"card_choices":[{"not_picked":["Bullet Time","Quick Slash"],"picked":"Finisher","floor":7},{"not_picked":["Blade Dance","Flechettes"],"picked":"Slice","floor":12},{"not_picked":["Unload","Night Terror"],"picked":"Storm of Steel","floor":16},{"not_picked":["Tactician","Underhanded Strike","Calculated Gamble"],"picked":"SKIP","floor":23},{"not_picked":["Backflip","Outmaneuver"],"picked":"Slice+1","floor":25},{"not_picked":["PiercingWail","Storm of Steel"],"picked":"Poisoned Stab","floor":27},{"not_picked":["Sneak Up","Accuracy","Toxin Wave"],"picked":"SKIP","floor":30},{"not_picked":["Hidden Blade","Bullet Time"],"picked":"Cloak And Dagger","floor":31},{"not_picked":["Replay:Bag of Tricks","Wraith Form v2"],"picked":"Glass Knife","floor":33},{"not_picked":["Finesse","ReplayTheSpireMod:Uncanny Aura"],"picked":"Trip","floor":37},{"not_picked":["Replay:Poison Smokescreen+1","Flechettes","Slice"],"picked":"SKIP","floor":40},{"not_picked":["A Thousand Cuts","Terror","Hidden Blade"],"picked":"SKIP","floor":42},{"not_picked":["Dagger Throw+1","Underhanded Strike+1"],"picked":"Dagger Spray+1","floor":44},{"not_picked":["Replay:Poison Smokescreen+1","Poisoned Stab+1"],"picked":"Sucker Punch+1","floor":47}],"player_experience":431056,"relics_obtained":[{"floor":1,"key":"War Paint"},{"floor":4,"key":"Pantograph"},{"floor":5,"key":"Ginger"},{"floor":7,"key":"Replay:Bottled Eggs"},{"floor":8,"key":"Smiling Mask"},{"floor":9,"key":"Oddly Smooth Stone"},{"floor":12,"key":"Shuriken"},{"floor":13,"key":"Ornamental Fan"},{"floor":14,"key":"Incense Burner"},{"floor":18,"key":"Nunchaku"},{"floor":21,"key":"Bottled Flame"},{"floor":23,"key":"ReplayTheSpireMod:Ninjato"},{"floor":25,"key":"Replay:Mystery Machine"},{"floor":26,"key":"Bottled Tornado"},{"floor":27,"key":"Chameleon Ring"},{"floor":28,"key":"sneckomod:BlankCard"},{"floor":30,"key":"hexamod:BolsterEngine"},{"floor":31,"key":"Pear"},{"floor":35,"key":"Akabeko"},{"floor":36,"key":"Replay:Bottled Snecko"},{"floor":38,"key":"TungstenRod"},{"floor":39,"key":"Kunai"},{"floor":40,"key":"Vajra"},{"floor":42,"key":"Iron Hammer"},{"floor":43,"key":"Molten Egg 2"},{"floor":44,"key":"Replay:Accelerometer"},{"floor":45,"key":"Replay:Bandana"},{"floor":48,"key":"Blue Candle"}],"event_choices":[{"damage_healed":0,"gold_gain":0,"player_choice":"Gave Potion","damage_taken":0,"relics_obtained":["Blood Vial"],"max_hp_gain":0,"max_hp_loss":0,"event_name":"WeMeetAgain","floor":3,"gold_loss":0},{"damage_healed":0,"gold_gain":0,"player_choice":"Read","damage_taken":0,"max_hp_gain":0,"max_hp_loss":0,"event_name":"The Library","floor":20,"gold_loss":0,"cards_obtained":["Slice"]},{"cards_removed":["Defend_G"],"damage_healed":0,"gold_gain":0,"player_choice":"Gave Gold","damage_taken":0,"max_hp_gain":0,"max_hp_loss":0,"event_name":"Beggar","floor":22,"gold_loss":75},{"damage_healed":0,"gold_gain":0,"player_choice":"Memory 3","damage_taken":10,"max_hp_gain":0,"max_hp_loss":0,"event_name":"SensoryStone","floor":37,"gold_loss":0},{"cards_removed":["Strike_G"],"damage_healed":0,"gold_gain":0,"player_choice":"Removed Attack","damage_taken":0,"max_hp_gain":0,"max_hp_loss":0,"event_name":"Falling","floor":46,"gold_loss":0}],"is_beta":false,"boss_relics":[{"not_picked":["Cursed Key","Replay:Bronze Core"],"picked":"WristBlade"},{"not_picked":["Calling Bell","Ring of Chaos"],"picked":"expansioncontent:StudyCardRelic"}],"items_purged_floors":[11,19,41,47],"is_endless":false,"potions_floor_spawned":[1,5,13,14,23,27,28,33,40,42,45,48],"ascension_level":1}}