{"host":"5jn3rki867005t18","time":1608851136,"event":{"mods":["AchievementEnabler","BaseMod","Colored Map","DeckTracker","Highlight Path","Minty Spire (QoL Compilation)","Permanent Neow","Quick Restart","StSLib","SuperFastMode"],"gold_per_floor":[118,133,151,326,343,371,371,391,468,483,29,40,71,22,22,125,125,141,141,158,58,78,78,78],"floor_reached":23,"playtime":987,"items_purged":["Strike_P","Doubt"],"score":305,"play_id":"fb9fd161-15fe-44c6-a426-e6de64cac1d3","local_time":"20201225080536","is_ascension_mode":false,"campfire_choices":[{"floor":7,"key":"REST"},{"floor":15,"key":"REST"}],"circlet_count":0,"master_deck":["Strike_P","Strike_P","Strike_P","Defend_P","Defend_P","Defend_P","Defend_P","Eruption","Vigilance","SashWhip","ClearTheMind","Meditate","Conclude","Vengeance","FollowUp","Tantrum","CrushJoints","BattleHymn","Alpha","BowlingBash"],"relics":["PureWater","Strawberry","Pear","Mango","Dead Branch","Busted Crown"],"acts_visited":["Exordium","TheCity"],"potions_floor_usage":[6,10,12,13,13,16,22],"damage_taken":[{"damage":0,"enemies":"Cultist","floor":1,"turns":3},{"damage":0,"enemies":"Small Slimes","floor":2,"turns":3},{"damage":0,"enemies":"2 Louse","floor":3,"turns":4},{"damage":33,"enemies":"2 Fungi Beasts","floor":5,"turns":3},{"damage":31,"enemies":"Lagavulin","floor":6,"turns":6},{"damage":6,"enemies":"Exordium Wildlife","floor":8,"turns":4},{"damage":4,"enemies":"3 Louse","floor":10,"turns":3},{"damage":0,"enemies":"2 Fungi Beasts","floor":12,"turns":2},{"damage":40,"enemies":"Gremlin Nob","floor":13,"turns":4},{"damage":0,"enemies":"Slime Boss","floor":16,"turns":4},{"damage":25,"enemies":"2 Thieves","floor":18,"turns":3},{"damage":34,"enemies":"Chosen","floor":20,"turns":5},{"damage":12,"enemies":"Centurion and Healer","floor":22,"turns":4},{"damage":36,"enemies":"Book of Stabbing","floor":23,"turns":3}],"seed_played":"-8411682956351385885","potions_obtained":[{"floor":2,"key":"LiquidBronze"},{"floor":5,"key":"EssenceOfSteel"},{"floor":6,"key":"SkillPotion"},{"floor":8,"key":"ColorlessPotion"},{"floor":10,"key":"DistilledChaos"},{"floor":12,"key":"DistilledChaos"},{"floor":20,"key":"Fire Potion"},{"floor":22,"key":"DuplicationPotion"}],"is_trial":false,"path_per_floor":["M","M","M","?","M","E","R","M","T","M","$","M","E","?","R","B",null,"M","?","M","$","M","E"],"character_chosen":"WATCHER","items_purchased":["Mango","Tantrum"],"campfire_rested":2,"item_purchase_floors":[11,11],"current_hp_per_floor":[72,72,72,72,39,15,38,32,42,38,52,52,12,12,42,42,103,78,78,44,44,32,0,0],"gold":78,"neow_bonus":"THREE_CARDS","is_daily":false,"chose_seed":false,"campfire_upgraded":0,"win_rate":0.0,"timestamp":1608851136,"path_taken":["M","M","?","?","M","E","R","M","T","M","$","M","E","?","R","BOSS","M","?","M","$","M","E"],"items_purchased_type":["Relic","Card"],"build_version":"2020-12-22","purchased_purges":2,"victory":false,"max_hp_per_floor":[72,72,72,72,72,79,79,79,89,89,103,103,103,103,103,103,103,103,103,103,103,103,103,103],"card_choices":[{"not_picked":["Protect","PathToVictory"],"picked":"SashWhip","floor":0},{"not_picked":["Prostrate","BowlingBash"],"picked":"ClearTheMind","floor":1},{"not_picked":["SandsOfTime","CutThroughFate"],"picked":"Meditate","floor":2},{"not_picked":["Prostrate","ForeignInfluence"],"picked":"Conclude","floor":3},{"not_picked":["Consecrate","Fasting2"],"picked":"Vengeance","floor":5},{"not_picked":["Fasting2","Consecrate","SandsOfTime"],"picked":"SKIP","floor":6},{"not_picked":["Study","Scrawl","Evaluate"],"picked":"SKIP","floor":8},{"not_picked":["Consecrate","JustLucky"],"picked":"FollowUp","floor":10},{"not_picked":["Protect","Weave"],"picked":"CrushJoints","floor":12},{"not_picked":["CutThroughFate","WaveOfTheHand"],"picked":"BattleHymn","floor":13},{"not_picked":["Ragnarok","Omniscience"],"picked":"Alpha","floor":16},{"not_picked":["Wallop"],"picked":"SKIP","floor":18},{"not_picked":["Worship"],"picked":"SKIP","floor":20},{"not_picked":[],"picked":"BowlingBash","floor":22}],"player_experience":125284,"relics_obtained":[{"floor":6,"key":"Strawberry"},{"floor":9,"key":"Pear"},{"floor":13,"key":"Dead Branch"}],"event_choices":[{"damage_healed":0,"gold_gain":175,"player_choice":"AGREE","damage_taken":0,"max_hp_gain":0,"max_hp_loss":0,"event_name":"Liars Game","floor":4,"gold_loss":0,"cards_obtained":["Doubt"]},{"damage_healed":0,"gold_gain":0,"player_choice":"Left Gold","damage_taken":0,"max_hp_gain":0,"max_hp_loss":0,"event_name":"World of Goop","floor":14,"gold_loss":49},{"damage_healed":0,"gold_gain":0,"player_choice":"Ignored","damage_taken":0,"max_hp_gain":0,"max_hp_loss":0,"event_name":"Ghosts","floor":19,"gold_loss":0}],"is_beta":false,"boss_relics":[{"not_picked":["Cursed Key","Ectoplasm"],"picked":"Busted Crown"}],"items_purged_floors":[11,21],"is_endless":false,"potions_floor_spawned":[2,5,6,8,10,12,20,22],"killed_by":"Book of Stabbing","ascension_level":0}}