{"host":"0ulgfg5uyx5zlmwg","time":1608807682,"event":{"mods":["Act Like it!","BaseMod","BetterRewards","Challenge The Spire","Gensokyo","Grow up Mod","Marked Mod","Minty Spire (QoL Compilation)","RumiaBox-露米娅的神秘盒子","Shop Mod","Spicy Shops","StSLib","TestMod","Transform Curses","【功能Mod】混沌之环修复补丁","【遗物卡牌】REMEMod","篝火指南"],"gold_per_floor":[144,155,155,155,255,104,129,129,129,129,163,163,182,202,94,198,198,198],"floor_reached":17,"playtime":2548,"items_purged":["Injury"],"score":220,"play_id":"221b9555-87af-42ac-a37a-046f2cada290","local_time":"20201224190122","is_ascension_mode":true,"campfire_choices":[{"data":"Thunderclap","floor":8,"key":"SMITH"}],"circlet_count":0,"master_deck":["Strike_R","Strike_R+1","Strike_R","Strike_R","Strike_R","Defend_R+1","Defend_R","Defend_R","Defend_R","Bash+1","LessonLearned+1","Thunderclap+1","Shrug It Off","Disarm","Metallicize+1","Feel No Pain+1","Sword Boomerang","Flex","REME_ACTH"],"relics":["Burning Blood","testmod-TestBox","REME_ComplimentaryCards","testmod-ChristmasGift","SecretRecord","Mango","Frozen Egg 2","Self Forming Clay","REME_LimitBreaker","Runic Cube"],"acts_visited":["Gensokyo:Gensokyo","TheCity"],"potions_floor_usage":[1,1,1,7,7,11,11,11,11,16,16,16,16,16,16,16],"damage_taken":[{"damage":10,"enemies":"Gensokyo:2_Kodama","floor":1,"turns":6},{"damage":0,"enemies":"Gensokyo:Python","floor":2,"turns":2},{"damage":3,"enemies":"Gensokyo:Cirno","floor":7,"turns":6},{"damage":6,"enemies":"Gensokyo:Mamizou","floor":11,"turns":9},{"damage":0,"enemies":"Gensokyo:3_Fairies","floor":13,"turns":4},{"damage":4,"enemies":"Gensokyo:CorruptedTreant","floor":14,"turns":5},{"damage":68,"enemies":"Gensokyo:Reimu","floor":16,"turns":9}],"seed_played":"-2769426052479183155","potions_obtained":[{"floor":2,"key":"LiquidMemories"},{"floor":7,"key":"PowerPotion"},{"floor":11,"key":"SteroidPotion"},{"floor":16,"key":"Dexterity Potion"}],"is_trial":false,"path_per_floor":["M","M","?","?","?","R","E","R","T","COS","E","T","M","M","R","B",null],"character_chosen":"IRONCLAD","items_purchased":["Disarm","Sword Boomerang","Flex"],"campfire_rested":0,"item_purchase_floors":[6,15,15],"current_hp_per_floor":[100,110,120,144,154,164,174,184,194,204,214,224,234,244,254,209,264,264],"gold":198,"neow_bonus":"UPGRADE_CARD","is_daily":false,"chose_seed":false,"campfire_upgraded":1,"win_rate":0.0,"timestamp":1608807682,"path_taken":["M","M","?","?","?","R","E","R","T","COS","E","?","M","M","R","BOSS"],"items_purchased_type":["Card","Card","Card"],"build_version":"2020-12-22","purchased_purges":1,"victory":false,"max_hp_per_floor":[100,110,120,144,154,164,174,184,194,204,214,224,234,244,254,264,264,264],"card_choices":[{"not_picked":["Pommel Strike","Reckless Charge"],"picked":"Thunderclap","floor":1},{"not_picked":["Twin Strike","Wild Strike"],"picked":"Shrug It Off","floor":2},{"not_picked":["Havoc","Burning Pact","Blood for Blood"],"picked":"SKIP","floor":7},{"not_picked":["Iron Wave","Dropkick"],"picked":"Metallicize+1","floor":11},{"not_picked":["Flex","Metallicize+1"],"picked":"Feel No Pain+1","floor":13},{"not_picked":["Body Slam","Wild Strike","Clash"],"picked":"SKIP","floor":14},{"not_picked":["Fiend Fire","Bludgeon"],"picked":"REME_ACTH","floor":16}],"player_experience":452258,"relics_obtained":[{"floor":1,"key":"AddBug"},{"floor":7,"key":"Frozen Egg 2"},{"floor":11,"key":"Self Forming Clay"},{"floor":12,"key":"REME_LimitBreaker"}],"event_choices":[{"damage_healed":0,"gold_gain":0,"player_choice":"Swap Relic","damage_taken":0,"relics_obtained":["testmod-TestBox"],"max_hp_gain":0,"max_hp_loss":0,"event_name":"给自己的盒子","floor":3,"relics_lost":["AddBug"],"gold_loss":0}],"is_beta":false,"boss_relics":[{"not_picked":["Ectoplasm","Empty Cage"],"picked":"Runic Cube"}],"items_purged_floors":[6],"is_endless":false,"potions_floor_spawned":[2,7,11,16],"ascension_level":1}}