{"host":"337p6miwxbqfki03","time":1608836426,"event":{"mods":["BaseMod","Better Third Choice","Colored Map","Conspire","Downfall","Hermit","Hubris","Minty Spire (QoL Compilation)","Replay The Spire","StSLib","The Cursed","The Hierophant","The Marked","The Necromancer","The Poker Player","The Sage","The Valiant","Unceasing Turn Reminder"],"gold_per_floor":[119,119,119,138,78,78,94,59,59,73,73,73,93,104,104,199,199,218,246,246,246,246],"floor_reached":21,"playtime":794,"items_purged":[],"score":169,"play_id":"d5776ed7-055f-42e2-b1c7-cc7768edc4f7","local_time":"20201224130026","is_ascension_mode":false,"campfire_choices":[{"data":"theMarked:SoldierOfQuellstein","floor":6,"key":"SMITH"},{"data":"theMarked:Generate","floor":11,"key":"SMITH"},{"floor":15,"key":"REST"}],"circlet_count":0,"master_deck":["theMarked:Strike","theMarked:Strike","theMarked:Strike","theMarked:Strike","theMarked:Strike","theMarked:Defend","theMarked:Defend","theMarked:Defend","theMarked:Defend+1","theMarked:SoldierOfQuellstein+1","theMarked:Static","Pain","theMarked:EnhancedHearing","theMarked:Reabsorb","theMarked:Reabsorb","theMarked:Aftermath","theMarked:Generate+1","theMarked:RepellingDischarge","theMarked:ComboAttacks","theMarked:SummonStrength","theMarked:SwordAndMagic","theMarked:ChainLightning+1"],"relics":["theMarked:ArtifactOfAir","NeowsBlessing","Ring of Fury","Ring of Panic","Replay:Accelerometer","sagemod:Falmels_Amulet","Red Mask"],"acts_visited":["Exordium","TheCity"],"potions_floor_usage":[16],"damage_taken":[{"damage":0,"enemies":"Jaw Worm","floor":1,"turns":1},{"damage":3,"enemies":"conspire:RoseBush","floor":4,"turns":1},{"damage":4,"enemies":"Small Slimes","floor":7,"turns":1},{"damage":9,"enemies":"3 Louse","floor":10,"turns":4},{"damage":10,"enemies":"2 Fungi Beasts","floor":13,"turns":3},{"damage":4,"enemies":"Exordium Wildlife","floor":14,"turns":2},{"damage":55,"enemies":"Hexaghost","floor":16,"turns":11},{"damage":19,"enemies":"Spheric Guardian","floor":18,"turns":4},{"damage":46,"enemies":"Masked Bandits","floor":19,"turns":6},{"damage":21,"enemies":"conspire:FuzzyDice","floor":21,"turns":2}],"seed_played":"-1317130425634351129","potions_obtained":[{"floor":7,"key":"sneckomod:MuddlingPotion"},{"floor":13,"key":"champ:CounterPotion"},{"floor":16,"key":"Explosive Potion"}],"is_trial":false,"path_per_floor":["M","?","?","M","$","R","M","?","T","M","R","?","M","M","R","B",null,"M","?","?","M"],"character_chosen":"THE_DEFAULT","items_purchased":["theMarked:Reabsorb"],"campfire_rested":1,"item_purchase_floors":[5],"current_hp_per_floor":[70,70,70,67,67,67,63,70,70,61,61,61,51,47,68,13,70,51,5,5,0,0],"gold":246,"neow_bonus":"THREE_ENEMY_KILL","is_daily":false,"chose_seed":false,"campfire_upgraded":2,"win_rate":0.0,"timestamp":1608836426,"path_taken":["M","?","?","M","$","R","M","?","T","M","R","?","M","M","R","BOSS","M","?","?","M"],"items_purchased_type":["Card"],"build_version":"2020-12-22","purchased_purges":0,"victory":false,"max_hp_per_floor":[70,70,70,70,70,70,70,70,70,70,70,70,70,70,70,70,70,70,70,70,70,70],"card_choices":[{"not_picked":["theMarked:TwofoldDefense","theMarked:Overthink"],"picked":"theMarked:Static","floor":1},{"not_picked":["theMarked:Parkour","theMarked:Indomitable"],"picked":"theMarked:EnhancedHearing","floor":4},{"not_picked":["theMarked:BanishingStrike","theMarked:Parkour"],"picked":"theMarked:Aftermath","floor":7},{"not_picked":["theMarked:ResourceFulStrike","theMarked:Electrocute"],"picked":"theMarked:Generate","floor":10},{"not_picked":["theMarked:Improvise","theMarked:EnhanceMovement"],"picked":"theMarked:RepellingDischarge","floor":13},{"not_picked":["theMarked:BanishingStrike","theMarked:TunnelVision"],"picked":"theMarked:ComboAttacks","floor":14},{"not_picked":["theMarked:TakeOffHeels","theMarked:ChannelForce"],"picked":"theMarked:SummonStrength","floor":16},{"not_picked":["theMarked:ElectricStrings+1","theMarked:TunnelVision"],"picked":"theMarked:SwordAndMagic","floor":18},{"not_picked":["theMarked:Aftermath","theMarked:RepellingDischarge"],"picked":"theMarked:ChainLightning+1","floor":19}],"player_experience":176451,"relics_obtained":[{"floor":2,"key":"Ring of Fury"},{"floor":2,"key":"Ring of Panic"},{"floor":9,"key":"Replay:Accelerometer"},{"floor":19,"key":"Red Mask"}],"event_choices":[{"damage_healed":17,"gold_gain":0,"player_choice":"Healed","damage_taken":0,"max_hp_gain":0,"max_hp_loss":0,"event_name":"The Cleric","floor":8,"gold_loss":35},{"damage_healed":0,"gold_gain":0,"player_choice":"Leave","damage_taken":0,"max_hp_gain":0,"max_hp_loss":0,"event_name":"conspire:Investor","floor":12,"gold_loss":0},{"damage_healed":0,"gold_gain":0,"player_choice":"Fought Bandits","damage_taken":0,"max_hp_gain":0,"max_hp_loss":0,"event_name":"Masked Bandits","floor":19,"gold_loss":0},{"damage_healed":0,"gold_gain":0,"player_choice":"Ignored","damage_taken":0,"max_hp_gain":0,"max_hp_loss":0,"event_name":"Beggar","floor":20,"gold_loss":0}],"is_beta":false,"boss_relics":[{"not_picked":["conspire:RoyalGoblet","Replay:Bronze Core"],"picked":"sagemod:Falmels_Amulet"}],"items_purged_floors":[],"is_endless":false,"potions_floor_spawned":[7,13,16],"killed_by":"conspire:FuzzyDice","ascension_level":0}}