{"host":"diy71vlueofrnn1o","time":1608792772,"event":{"mods":["2.2 Compatiblity","AchievementEnabler","BaseMod","Best Route Mod","Colored Map","Curses Come First","DeckTracker","Minty Spire (QoL Compilation)","Quick Restart","Rare Cards Sparkle","StSLib","SuperFastMode"],"gold_per_floor":[117,192,211,211,54,54,89,121,121,138,138,138],"floor_reached":11,"playtime":458,"items_purged":[],"score":109,"play_id":"1a827427-812b-4186-8c9e-0bb2545e52d2","local_time":"20201224075252","is_ascension_mode":true,"campfire_choices":[{"data":"Neutralize","floor":6,"key":"SMITH"}],"circlet_count":0,"master_deck":["Strike_G","Strike_G","Strike_G","Strike_G","Strike_G","Defend_G","Defend_G","Defend_G","Defend_G","Defend_G","Survivor","Neutralize+1","CurseOfTheBell","Quick Slash","Dagger Spray","Choke","Envenom"],"relics":["Calling Bell","Omamori","Letter Opener","TungstenRod","WingedGreaves","Sling","Pantograph","Centennial Puzzle","Mango"],"acts_visited":["Exordium"],"potions_floor_usage":[8],"damage_taken":[{"damage":5,"enemies":"2 Louse","floor":1,"turns":3},{"damage":1,"enemies":"Jaw Worm","floor":3,"turns":5},{"damage":22,"enemies":"Gremlin Nob","floor":7,"turns":5},{"damage":15,"enemies":"3 Sentries","floor":8,"turns":6},{"damage":9,"enemies":"Cultist","floor":10,"turns":4},{"damage":24,"enemies":"Gremlin Nob","floor":11,"turns":3}],"seed_played":"544166128587800073","potions_obtained":[{"floor":3,"key":"Fire Potion"},{"floor":7,"key":"Poison Potion"}],"is_trial":false,"path_per_floor":["M","?","M","?","$","R","E","E","T","M","E"],"character_chosen":"THE_SILENT","items_purchased":["Sling"],"campfire_rested":0,"item_purchase_floors":[5],"current_hp_per_floor":[58,48,47,47,47,47,25,10,24,15,0,0],"gold":138,"neow_bonus":"BOSS_RELIC","is_daily":false,"chose_seed":false,"campfire_upgraded":1,"win_rate":0.0,"timestamp":1608792772,"path_taken":["M","?","M","?","$","R","E","E","T","?","E"],"items_purchased_type":["Relic"],"build_version":"2020-12-22","purchased_purges":0,"victory":false,"max_hp_per_floor":[70,70,70,70,70,70,70,70,84,84,84,84],"card_choices":[{"not_picked":["Backflip","Crippling Poison"],"picked":"Quick Slash","floor":1},{"not_picked":["Outmaneuver","Backflip"],"picked":"Dagger Spray","floor":3},{"not_picked":["Night Terror","Expertise"],"picked":"Choke","floor":7},{"not_picked":["PiercingWail","Masterful Stab"],"picked":"Envenom","floor":8},{"not_picked":["Acrobatics","Accuracy","Caltrops"],"picked":"SKIP","floor":10}],"player_experience":385726,"relics_obtained":[{"floor":0,"key":"Omamori"},{"floor":0,"key":"Letter Opener"},{"floor":0,"key":"TungstenRod"},{"floor":7,"key":"Pantograph"},{"floor":8,"key":"Centennial Puzzle"},{"floor":9,"key":"Mango"}],"event_choices":[{"damage_healed":0,"gold_gain":75,"player_choice":"Gather Gold","damage_taken":11,"max_hp_gain":0,"max_hp_loss":0,"event_name":"World of Goop","floor":2,"gold_loss":0},{"damage_healed":0,"gold_gain":0,"player_choice":"Gave Potion","damage_taken":0,"relics_obtained":["WingedGreaves"],"max_hp_gain":0,"max_hp_loss":0,"event_name":"WeMeetAgain","floor":4,"gold_loss":0}],"is_beta":false,"boss_relics":[],"items_purged_floors":[],"is_endless":false,"potions_floor_spawned":[3,7],"killed_by":"Gremlin Nob","ascension_level":7}}