{"host":"ejwrda5cjllq8zfn","time":1608819897,"event":{"mods":["2.2 Compatiblity","Act Like it!","Astrologer","BaseMod","Challenge The Spire","Colored Map","Colored Powertips","Defuse TimeMaze Blight","Energized Spire","Hermit","Highlight Path","Hubris","Infinite Spire","Lobotomy","Mad Scientist","Marisa????????","Minty Spire (QoL Compilation)","Random Character Button","Replay The Spire","StSLib","SuperFastMode","The Bladedancer","The Cursed","The Gatherer","The Jungle","The Mystic","The Spell Scribe","Unceasing Turn Reminder","vexMod"],"gold_per_floor":[27112,27122,27098,26689,26689,26689,26689],"floor_reached":6,"playtime":226,"items_purged":["MadScienceMod:Strike_MadScience"],"score":109,"play_id":"012e9a0a-0d83-48bd-8bb4-fc6c2bb303ed","local_time":"20201224152457","is_ascension_mode":false,"campfire_choices":[],"circlet_count":0,"master_deck":["MadScienceMod:Strike_MadScience","MadScienceMod:Strike_MadScience","MadScienceMod:Strike_MadScience+1","MadScienceMod:Defend_MadScience","MadScienceMod:Defend_MadScience","MadScienceMod:Defend_MadScience","MadScienceMod:Defend_MadScience","MadScienceMod:PoweredStrike","MadScienceMod:HideBehindJunk","MadScienceMod:Bayonet","BlackArmy","PunishingBird","MadScienceMod:PowerArmor"],"relics":["MadScienceMod:FuelTank","CogitoBucket","Girya"],"acts_visited":["Exordium"],"potions_floor_usage":[],"damage_taken":[{"damage":8,"enemies":"Small Slimes","floor":1,"turns":3},{"damage":1,"enemies":"2 Louse","floor":2,"turns":5},{"damage":100,"enemies":"Gremlin Nob","floor":6,"turns":1}],"seed_played":"-3486094493704032989","potions_obtained":[{"floor":1,"key":"SkillPotion"},{"floor":2,"key":"Weak Potion"}],"is_trial":false,"path_per_floor":["M","M","?","$","?","E"],"character_chosen":"MAD_SCIENTIST","items_purchased":["Girya","MadScienceMod:PowerArmor"],"campfire_rested":0,"item_purchase_floors":[4,4],"current_hp_per_floor":[67,71,71,71,71,0,0],"gold":26689,"neow_bonus":"","is_daily":false,"chose_seed":false,"campfire_upgraded":0,"win_rate":0.0,"timestamp":1608819897,"path_taken":["M","M","?","$","?","E"],"items_purchased_type":["Relic","Card"],"build_version":"2020-12-22","purchased_purges":1,"victory":false,"max_hp_per_floor":[75,75,75,75,75,75,75],"card_choices":[{"not_picked":["MadScienceMod:Probe","MadScienceMod:Bombardment"],"picked":"MadScienceMod:Bayonet","floor":1},{"not_picked":["BeautyBeast","SpiderBud"],"picked":"BlackArmy","floor":1},{"not_picked":["FairyFestival","SnowQueen"],"picked":"PunishingBird","floor":2},{"not_picked":["MadScienceMod:FlexibleSpear","MadScienceMod:FlammableWall","MadScienceMod:BandageBot"],"picked":"SKIP","floor":2}],"player_experience":167857,"relics_obtained":[],"event_choices":[{"damage_healed":0,"gold_gain":0,"player_choice":"Left Gold","damage_taken":0,"max_hp_gain":0,"max_hp_loss":0,"event_name":"World of Goop","floor":3,"gold_loss":24}],"is_beta":false,"boss_relics":[],"items_purged_floors":[4],"is_endless":false,"potions_floor_spawned":[1,2],"killed_by":"Gremlin Nob","ascension_level":0}}