{"host":"fawhrnsdtsa3msx1","time":1608814423,"event":{"mods":["AchievementEnabler","BaseMod","Colored Map","DeckTracker","Keyboard Shortcuts","Minty Spire (QoL Compilation)","Permanent Neow","Quick Restart","SuperFastMode"],"gold_per_floor":[119,119,138,24,38,65,65,80,130,161,177,208,227,253,253,355,355,375,375,390,47,62,92,92,92,142,142,161,161,186,199,199,299,299,316,368,378,397,415,442,452,452,506,506,506,532,532,559,559,559,559,559,33,59,59,59],"floor_reached":55,"playtime":1931,"items_purged":["Strike_P","Defend_P","LessonLearned+1"],"score":1087,"play_id":"8c7d3149-b396-4dcb-93a6-dc068b2400e0","local_time":"20201224215343","is_ascension_mode":true,"campfire_choices":[{"data":"Adaptation","floor":7,"key":"SMITH"},{"floor":15,"key":"REST"},{"data":"DeusExMachina","floor":25,"key":"SMITH"},{"floor":27,"key":"RECALL"},{"data":"LessonLearned","floor":32,"key":"SMITH"},{"floor":42,"key":"REST"},{"floor":44,"key":"REST"},{"floor":49,"key":"REST"},{"floor":52,"key":"REST"}],"circlet_count":0,"master_deck":["Strike_P+1","Strike_P+1","Strike_P+1","Defend_P+1","Defend_P+1","Defend_P+1","Eruption+1","Vigilance+1","Tantrum+1","Adaptation+1","EmptyFist+1","InnerPeace+1","DeusExMachina+1","WheelKick+1","MentalFortress"],"relics":["Black Star","Mercury Hourglass","Strawberry","Omamori","Bird Faced Urn","StrikeDummy","Gambling Chip","Toy Ornithopter","Lantern","Whetstone","Sozu","MutagenicStrength","HornCleat","PreservedInsect","TeardropLocket","Bottled Tornado","Blood Vial","Fusion Hammer","Du-Vu Doll","Darkstone Periapt","Ancient Tea Set","War Paint","Mark of the Bloom","Yang","Oddly Smooth Stone","Happy Flower","MealTicket","Bag of Marbles","Pantograph","Bronze Scales","Sundial"],"acts_visited":["Exordium","TheCity","TheBeyond","TheEnding"],"potions_floor_usage":[12,14,14,55],"damage_taken":[{"damage":1,"enemies":"2 Louse","floor":1,"turns":2},{"damage":2,"enemies":"Cultist","floor":3,"turns":3},{"damage":4,"enemies":"Jaw Worm","floor":5,"turns":2},{"damage":8,"enemies":"Gremlin Nob","floor":6,"turns":3},{"damage":5,"enemies":"Blue Slaver","floor":8,"turns":2},{"damage":50,"enemies":"3 Sentries","floor":10,"turns":5},{"damage":0,"enemies":"3 Louse","floor":11,"turns":2},{"damage":0,"enemies":"Gremlin Nob","floor":12,"turns":2},{"damage":0,"enemies":"Large Slime","floor":13,"turns":2},{"damage":0,"enemies":"Lagavulin","floor":14,"turns":4},{"damage":4,"enemies":"Slime Boss","floor":16,"turns":5},{"damage":6,"enemies":"Shell Parasite","floor":18,"turns":2},{"damage":0,"enemies":"Spheric Guardian","floor":20,"turns":1},{"damage":0,"enemies":"Shelled Parasite and Fungi","floor":22,"turns":2},{"damage":28,"enemies":"Book of Stabbing","floor":23,"turns":4},{"damage":0,"enemies":"Centurion and Healer","floor":28,"turns":1},{"damage":0,"enemies":"Gremlin Leader","floor":30,"turns":3},{"damage":0,"enemies":"Snake Plant","floor":31,"turns":1},{"damage":47,"enemies":"Collector","floor":33,"turns":6},{"damage":0,"enemies":"Orb Walker","floor":35,"turns":1},{"damage":6,"enemies":"2 Orb Walkers","floor":36,"turns":2},{"damage":0,"enemies":"3 Darklings","floor":37,"turns":2},{"damage":10,"enemies":"4 Shapes","floor":38,"turns":2},{"damage":7,"enemies":"Writhing Mass","floor":39,"turns":4},{"damage":69,"enemies":"Reptomancer","floor":40,"turns":5},{"damage":0,"enemies":"3 Darklings","floor":41,"turns":1},{"damage":5,"enemies":"Giant Head","floor":46,"turns":3},{"damage":0,"enemies":"Reptomancer","floor":48,"turns":1},{"damage":9,"enemies":"Awakened One","floor":50,"turns":6},{"damage":0,"enemies":"Shield and Spear","floor":54,"turns":1},{"damage":107,"enemies":"The Heart","floor":55,"turns":2}],"seed_played":"8087759292210274879","potions_obtained":[{"floor":1,"key":"ColorlessPotion"},{"floor":3,"key":"FearPotion"},{"floor":10,"key":"GamblersBrew"},{"floor":12,"key":"DuplicationPotion"},{"floor":13,"key":"EssenceOfSteel"}],"is_trial":false,"path_per_floor":["M","?","M","$","M","E","R","M","T","E","M","E","M","E","R","B",null,"M","?","M","$","M","E","?","R","T","R","M","?","E","M","R","B",null,"M","?","M","M","M","E","M","R","T","R","?","E","?","E","R","B",null,"R","$","E","B"],"character_chosen":"WATCHER","items_purchased":["Adaptation","HornCleat","Bag of Marbles","Pantograph"],"campfire_rested":5,"item_purchase_floors":[4,21,53,53],"current_hp_per_floor":[71,71,69,69,65,64,64,59,59,9,11,13,15,27,50,48,79,75,75,77,77,79,51,51,51,51,51,53,53,55,59,59,16,79,79,73,77,69,66,1,5,28,28,51,51,46,46,46,46,37,37,37,37,37,0,0],"gold":59,"neow_bonus":"BOSS_RELIC","is_daily":false,"chose_seed":false,"campfire_upgraded":3,"win_rate":0.0,"timestamp":1608814423,"path_taken":["M","?","M","$","?","E","R","M","T","E","M","E","M","E","R","BOSS","M","?","M","$","M","E","?","R","T","R","M","?","E","M","R","BOSS","M","?","M","M","M","E","M","R","T","R","?","E","?","E","R","BOSS","R","$","E","BOSS"],"items_purchased_type":["Card","Relic","Relic","Relic"],"build_version":"2020-12-22","purchased_purges":3,"victory":false,"max_hp_per_floor":[72,72,72,72,72,79,79,79,79,79,79,79,79,79,79,79,79,79,79,79,79,79,79,79,79,79,79,79,79,79,79,79,79,79,79,79,79,79,79,79,79,79,79,79,79,79,75,75,75,75,75,75,75,75,75,75],"card_choices":[{"not_picked":["Wallop","Evaluate"],"picked":"Tantrum","floor":1},{"not_picked":["EmptyBody","Fasting2","Sanctity"],"picked":"SKIP","floor":3},{"not_picked":["Conclude","Nirvana"],"picked":"EmptyFist","floor":5},{"not_picked":["FlyingSleeves","EmptyBody","FollowUp"],"picked":"SKIP","floor":6},{"not_picked":["EmptyFist","FollowUp","Indignation"],"picked":"SKIP","floor":8},{"not_picked":["SashWhip","Weave","Wireheading"],"picked":"SKIP","floor":10},{"not_picked":["FlurryOfBlows","SandsOfTime","Evaluate"],"picked":"SKIP","floor":11},{"not_picked":["Study","FlyingSleeves","Halt"],"picked":"SKIP","floor":12},{"not_picked":["Crescendo","Omniscience","EmptyFist"],"picked":"SKIP","floor":13},{"not_picked":["Perseverance","EmptyBody"],"picked":"InnerPeace","floor":14},{"not_picked":["LessonLearned","Ragnarok"],"picked":"DeusExMachina","floor":16},{"not_picked":["ClearTheMind","Worship","Crescendo"],"picked":"SKIP","floor":18},{"not_picked":["ForeignInfluence","ThirdEye","PathToVictory"],"picked":"SKIP","floor":20},{"not_picked":["Establishment","Meditate","Nirvana+1"],"picked":"SKIP","floor":22},{"not_picked":["Vengeance","CutThroughFate+1","ClearTheMind"],"picked":"SKIP","floor":23},{"not_picked":["FlyingSleeves+1","Wireheading","LikeWater"],"picked":"SKIP","floor":28},{"not_picked":["SashWhip","Crescendo+1","EmptyBody+1"],"picked":"SKIP","floor":30},{"not_picked":["BowlingBash","SandsOfTime"],"picked":"LessonLearned","floor":31},{"not_picked":["FollowUp+1","ClearTheMind","Protect"],"picked":"SKIP","floor":35},{"not_picked":["Consecrate","ConjureBlade","Wireheading+1"],"picked":"SKIP","floor":37},{"not_picked":["Perseverance","BowlingBash+1","InnerPeace+1"],"picked":"SKIP","floor":38},{"not_picked":["Collect+1","CrushJoints+1","Halt"],"picked":"SKIP","floor":39},{"not_picked":["WaveOfTheHand","Fasting2+1"],"picked":"WheelKick+1","floor":40},{"not_picked":["FlurryOfBlows","WreathOfFlame","Fasting2+1"],"picked":"SKIP","floor":41},{"not_picked":["FlyingSleeves","Consecrate","SashWhip+1"],"picked":"SKIP","floor":46},{"not_picked":["CrushJoints","Alpha"],"picked":"MentalFortress","floor":48},{"not_picked":["CutThroughFate","Sanctity","WaveOfTheHand+1"],"picked":"SKIP","floor":54}],"player_experience":136553,"relics_obtained":[{"floor":6,"key":"Mercury Hourglass"},{"floor":6,"key":"Strawberry"},{"floor":9,"key":"Omamori"},{"floor":10,"key":"Bird Faced Urn"},{"floor":10,"key":"StrikeDummy"},{"floor":12,"key":"Gambling Chip"},{"floor":12,"key":"Toy Ornithopter"},{"floor":14,"key":"Lantern"},{"floor":14,"key":"Whetstone"},{"floor":23,"key":"PreservedInsect"},{"floor":23,"key":"TeardropLocket"},{"floor":30,"key":"Bottled Tornado"},{"floor":30,"key":"Blood Vial"},{"floor":36,"key":"Du-Vu Doll"},{"floor":40,"key":"Darkstone Periapt"},{"floor":40,"key":"Ancient Tea Set"},{"floor":43,"key":"War Paint"},{"floor":46,"key":"Yang"},{"floor":46,"key":"Oddly Smooth Stone"},{"floor":48,"key":"Happy Flower"},{"floor":48,"key":"MealTicket"},{"floor":54,"key":"Bronze Scales"},{"floor":54,"key":"Sundial"}],"event_choices":[{"damage_healed":0,"gold_gain":0,"player_choice":"Forge","damage_taken":0,"max_hp_gain":0,"max_hp_loss":0,"event_name":"Accursed Blacksmith","floor":2,"gold_loss":0,"cards_upgraded":["Eruption"]},{"damage_healed":0,"gold_gain":0,"player_choice":"Inject Mutagens","damage_taken":0,"relics_obtained":["MutagenicStrength"],"max_hp_gain":0,"max_hp_loss":0,"event_name":"Drug Dealer","floor":19,"gold_loss":0},{"damage_healed":0,"gold_gain":0,"player_choice":"Ignored","damage_taken":0,"max_hp_gain":0,"max_hp_loss":0,"event_name":"Ghosts","floor":24,"gold_loss":0},{"damage_healed":0,"gold_gain":0,"player_choice":"Ignored","damage_taken":0,"max_hp_gain":0,"max_hp_loss":0,"event_name":"The Mausoleum","floor":29,"gold_loss":0},{"damage_healed":0,"gold_gain":0,"player_choice":"Fight","damage_taken":0,"max_hp_gain":0,"max_hp_loss":0,"event_name":"Mysterious Sphere","floor":36,"gold_loss":0},{"damage_healed":0,"gold_gain":0,"player_choice":"Upgrade","damage_taken":0,"relics_obtained":["Mark of the Bloom"],"max_hp_gain":0,"max_hp_loss":0,"event_name":"MindBloom","floor":45,"gold_loss":0,"cards_upgraded":["Strike_P","EmptyFist"]},{"damage_healed":0,"gold_gain":0,"player_choice":"Max HP","damage_taken":0,"max_hp_gain":0,"max_hp_loss":4,"event_name":"Winding Halls","floor":47,"gold_loss":0}],"is_beta":false,"boss_relics":[{"not_picked":["SlaversCollar","Busted Crown"],"picked":"Sozu"},{"not_picked":["Runic Pyramid","Snecko Eye"],"picked":"Fusion Hammer"}],"items_purged_floors":[4,21,53],"is_endless":false,"potions_floor_spawned":[1,3,10,12,13,18,22,30,33,36,39,41,48],"killed_by":"The Heart","ascension_level":3}}