{"host":"avjwtc49fhlk6kym","time":1608771141,"event":{"mods":["AchievementEnabler","BaseMod","Better Match","Better Note","Better Third Choice","Colored Map","Colored Powertips","Displayed Cursed Tome","Highlight Path","Minty Spire (QoL Compilation)","Permanent Neow","Quick Restart","StSLib"],"gold_per_floor":[113,127,127,137,157,184,194,194,194,194,209,59,134,59,59,156,156,170,189,202,202,202,202],"floor_reached":22,"playtime":846,"items_purged":[],"score":207,"play_id":"126f8210-00b7-47c0-8849-2e84d23909db","local_time":"20201223195221","is_ascension_mode":true,"campfire_choices":[{"floor":8.0,"key":"REST"},{"floor":10.0,"key":"REST"},{"floor":15.0,"key":"REST"}],"circlet_count":0,"master_deck":["Strike_P","Strike_P","Strike_P","Defend_P","Defend_P","Defend_P","Defend_P","Eruption","Vigilance","PathToVictory","BattleHymn","BowlingBash","CrushJoints","LikeWater","MasterReality","CrushJoints","ForeignInfluence","Establishment","Devotion","JustLucky+1","InnerPeace","FlyingSleeves"],"relics":["PureWater","MealTicket","Calipers","Pear","PreservedInsect","Cursed Key"],"acts_visited":["Exordium","TheCity"],"potions_floor_usage":[18,19,20],"damage_taken":[{"damage":2.0,"enemies":"Jaw Worm","floor":1.0,"turns":3.0},{"damage":0.0,"enemies":"2 Louse","floor":2.0,"turns":2.0},{"damage":0.0,"enemies":"Cultist","floor":4.0,"turns":2.0},{"damage":5.0,"enemies":"Blue Slaver","floor":5.0,"turns":2.0},{"damage":26.0,"enemies":"Lagavulin","floor":6.0,"turns":5.0},{"damage":0.0,"enemies":"3 Louse","floor":7.0,"turns":2.0},{"damage":32.0,"enemies":"Exordium Thugs","floor":11.0,"turns":5.0},{"damage":5.0,"enemies":"The Guardian","floor":16.0,"turns":10.0},{"damage":17,"enemies":"Chosen","floor":18,"turns":5},{"damage":19,"enemies":"Spheric Guardian","floor":19,"turns":6},{"damage":25,"enemies":"3 Cultists","floor":20,"turns":5},{"damage":25,"enemies":"Sentry and Sphere","floor":22,"turns":5}],"seed_played":"-3112426108255853901","potions_obtained":[{"floor":4.0,"key":"GamblersBrew"},{"floor":6.0,"key":"Swift Potion"},{"floor":7.0,"key":"Explosive Potion"},{"floor":16.0,"key":"Weak Potion"},{"floor":18,"key":"EssenceOfSteel"}],"is_trial":false,"path_per_floor":["M","M","?","M","M","E","M","R","T","R","M","$","?","$","R","B",null,"M","M","M","?","M"],"character_chosen":"WATCHER","items_purchased":["PreservedInsect","Establishment"],"campfire_rested":3,"item_purchase_floors":[12,14],"current_hp_per_floor":[70,70,37,37,32,6,6,27,37,61,29,44,33,48,72,67,82,65,46,21,21,0,0],"gold":202,"neow_bonus":"THREE_CARDS","is_daily":false,"chose_seed":false,"campfire_upgraded":0,"win_rate":0.0,"timestamp":1608771141,"path_taken":["M","M","?","M","M","E","M","R","T","R","M","$","?","?","R","BOSS","M","M","M","?","?"],"items_purchased_type":["Relic","Card"],"build_version":"2020-12-22","purchased_purges":0,"victory":false,"max_hp_per_floor":[72,72,72,72,72,72,72,72,82,82,82,82,82,82,82,82,82,82,82,82,82,82,82],"card_choices":[{"not_picked":["WheelKick","BowlingBash"],"picked":"PathToVictory","floor":0.0},{"not_picked":["ThirdEye","CrushJoints"],"picked":"BattleHymn","floor":1.0},{"not_picked":["Tantrum","CutThroughFate"],"picked":"BowlingBash","floor":2.0},{"not_picked":["EmptyBody","EmptyFist"],"picked":"CrushJoints","floor":4.0},{"not_picked":["Collect","Wallop"],"picked":"LikeWater","floor":5.0},{"not_picked":["EmptyFist","DeceiveReality"],"picked":"MasterReality","floor":6.0},{"not_picked":["Crescendo","SashWhip"],"picked":"CrushJoints","floor":7.0},{"not_picked":["FlyingSleeves","WreathOfFlame"],"picked":"ForeignInfluence","floor":11.0},{"not_picked":["SpiritShield","Omniscience"],"picked":"Devotion","floor":16.0},{"not_picked":["Weave","WheelKick"],"picked":"JustLucky+1","floor":18},{"not_picked":["Tantrum+1","JustLucky"],"picked":"InnerPeace","floor":19},{"not_picked":["WreathOfFlame","EmptyBody"],"picked":"FlyingSleeves","floor":20}],"player_experience":362689,"relics_obtained":[{"floor":6.0,"key":"Calipers"},{"floor":9.0,"key":"Pear"}],"event_choices":[{"damage_healed":0.0,"max_hp_gain":0.0,"max_hp_loss":0.0,"gold_gain":0.0,"event_name":"betterThird:BetterScrap","player_choice":"Relic ","floor":3.0,"gold_loss":0.0,"damage_taken":33.0,"cards_obtained":["Burning Pact"]},{"damage_healed":0.0,"max_hp_gain":0.0,"max_hp_loss":0.0,"gold_gain":75.0,"event_name":"betterThird:BetterGoop","player_choice":"Gold","floor":13.0,"gold_loss":0.0,"damage_taken":11.0},{"cards_removed":["Strike_P"],"damage_healed":0,"gold_gain":0,"player_choice":"Purged","damage_taken":0,"max_hp_gain":0,"max_hp_loss":0,"event_name":"Purifier","floor":21,"gold_loss":0}],"is_beta":false,"boss_relics":[{"not_picked":["Runic Pyramid","Velvet Choker"],"picked":"Cursed Key"}],"items_purged_floors":[],"is_endless":false,"potions_floor_spawned":[4,6,7,16,18],"killed_by":"Sentry and Sphere","ascension_level":2}}