{"host":"5bdt6s51dmpd4l3v","time":1608811849,"event":{"mods":["AchievementEnabler","BaseMod","Colored Map","Colored Powertips","Highlight Path","Minty Spire (QoL Compilation)","Quick Restart","Rare Cards Sparkle","StSLib"],"gold_per_floor":[117,130,21,37,54,54,54,54,122,122,122,154,154,174,174,251,251,265,265,278,7,23,49,49,62,62,72,72,72,72,91,91,165,165,184,197,216,230,3,36,36,36,36,36,36,46,46,61,61,61,61],"floor_reached":50,"playtime":1453,"items_purged":["Defend_R"],"score":865,"play_id":"4587bae8-44dc-439e-a8b0-1f2ee1dba1b7","local_time":"20201224201049","is_ascension_mode":true,"campfire_choices":[{"data":"Inflame","floor":6.0,"key":"SMITH"},{"data":"Pummel","floor":8.0,"key":"SMITH"},{"data":"Headbutt","floor":11.0,"key":"SMITH"},{"data":"Bash","floor":13.0,"key":"SMITH"},{"data":"Twin Strike","floor":15.0,"key":"SMITH"},{"floor":24.0,"key":"REST"},{"data":"Double Tap","floor":28.0,"key":"SMITH"},{"floor":32.0,"key":"REST"},{"data":"Reaper","floor":42,"key":"SMITH"},{"floor":45,"key":"REST"},{"floor":49,"key":"REST"}],"circlet_count":0,"master_deck":["AscendersBane","Strike_R","Strike_R","Strike_R","Strike_R","Strike_R","Defend_R","Defend_R","Bash+1","Headbutt+1","Armaments+1","Inflame+1","Twin Strike+1","Double Tap+1","Heavy Blade+1","Uppercut+1","Battle Trance","Sword Boomerang","Infernal Blade+1","Reaper+1","Warcry+1","Whirlwind","Ghostly Armor","Thunderclap+1"],"relics":["Burning Blood","NeowsBlessing","Paper Frog","Happy Flower","Sozu","Nilry\u0027s Codex","Lee\u0027s Waffle","Bag of Marbles","Bottled Lightning","Mark of Pain","Omamori","Blood Vial","White Beast Statue"],"acts_visited":["Exordium","TheCity","TheBeyond"],"potions_floor_usage":[],"damage_taken":[{"damage":0.0,"enemies":"Cultist","floor":1.0,"turns":1.0},{"damage":0.0,"enemies":"Jaw Worm","floor":2.0,"turns":1.0},{"damage":0.0,"enemies":"2 Louse","floor":4.0,"turns":1.0},{"damage":14.0,"enemies":"Lots of Slimes","floor":5.0,"turns":4.0},{"damage":13.0,"enemies":"Gremlin Nob","floor":12.0,"turns":3.0},{"damage":16.0,"enemies":"Blue Slaver","floor":14.0,"turns":3.0},{"damage":31.0,"enemies":"The Guardian","floor":16.0,"turns":8.0},{"damage":3.0,"enemies":"3 Byrds","floor":18.0,"turns":4.0},{"damage":33.0,"enemies":"2 Thieves","floor":20.0,"turns":3.0},{"damage":6.0,"enemies":"Sentry and Sphere","floor":22.0,"turns":3.0},{"damage":48.0,"enemies":"Slavers","floor":23.0,"turns":4.0},{"damage":18.0,"enemies":"Snake Plant","floor":25.0,"turns":3.0},{"damage":0.0,"enemies":"Chosen and Byrds","floor":27.0,"turns":2.0},{"damage":6.0,"enemies":"Shelled Parasite and Fungi","floor":31.0,"turns":2.0},{"damage":39,"enemies":"Champ","floor":33,"turns":6},{"damage":16,"enemies":"3 Shapes","floor":35,"turns":3},{"damage":7,"enemies":"Orb Walker","floor":36,"turns":2},{"damage":6,"enemies":"Sphere and 2 Shapes","floor":37,"turns":3},{"damage":12,"enemies":"Maw","floor":38,"turns":5},{"damage":42,"enemies":"Giant Head","floor":40,"turns":6},{"damage":41,"enemies":"Spire Growth","floor":46,"turns":4},{"damage":36,"enemies":"Writhing Mass","floor":48,"turns":4},{"damage":65,"enemies":"Awakened One","floor":50,"turns":3}],"seed_played":"1095158474747750649","potions_obtained":[{"floor":1.0,"key":"Fire Potion"},{"floor":12.0,"key":"LiquidMemories"},{"floor":16.0,"key":"BloodPotion"}],"is_trial":false,"path_per_floor":["M","M","$","M","M","R","?","R","T","?","R","E","R","M","R","B",null,"M","?","M","$","M","E","R","M","T","M","R","$","?","M","R","B",null,"M","M","M","M","$","E","?","R","T","?","R","M","?","M","R","B"],"character_chosen":"IRONCLAD","items_purchased":["Inflame","Pummel","Lee\u0027s Waffle","Battle Trance","Sword Boomerang","Omamori"],"campfire_rested":4,"item_purchase_floors":[3,3,21,21,21,39],"current_hp_per_floor":[74,75,75,75,67,67,67,67,67,67,67,60,60,50,50,25,63,66,45,33,82,82,40,64,52,52,58,58,58,58,58,82,49,74,64,63,63,57,57,46,46,46,46,46,69,50,50,22,45,0,0],"gold":61,"neow_bonus":"THREE_ENEMY_KILL","is_daily":false,"chose_seed":false,"campfire_upgraded":7,"win_rate":0.0,"timestamp":1608811849,"path_taken":["M","?","$","M","M","R","?","R","T","?","R","E","R","M","R","BOSS","M","?","M","$","M","E","R","M","T","M","R","$","?","?","R","BOSS","M","M","?","M","$","E","?","R","T","?","R","M","?","M","R","BOSS"],"items_purchased_type":["Card","Card","Relic","Card","Card","Relic"],"build_version":"2020-12-22","purchased_purges":1,"victory":false,"max_hp_per_floor":[75,75,75,75,75,75,75,75,75,75,75,75,75,75,75,75,75,75,75,75,82,82,82,82,82,82,82,82,82,82,82,82,82,82,82,82,82,82,82,82,82,82,82,78,78,78,78,78,78,78,78],"card_choices":[{"not_picked":["Fire Breathing","Shrug It Off"],"picked":"Headbutt","floor":1.0},{"not_picked":["Fire Breathing","Havoc"],"picked":"Armaments","floor":2.0},{"not_picked":["Pommel Strike","Heavy Blade","Fiend Fire"],"picked":"SKIP","floor":4.0},{"not_picked":["Pommel Strike","Heavy Blade","Fiend Fire"],"picked":"SKIP","floor":4.0},{"not_picked":["Dropkick","Clothesline","Anger"],"picked":"SKIP","floor":5.0},{"not_picked":["Headbutt","Barricade","Disarm"],"picked":"SKIP","floor":12.0},{"not_picked":["Inflame","Rage"],"picked":"Twin Strike","floor":14.0},{"not_picked":["Demon Form","Bludgeon"],"picked":"Double Tap","floor":16.0},{"not_picked":["Combust+1","Wild Strike"],"picked":"Heavy Blade+1","floor":18.0},{"not_picked":["Rupture","Perfected Strike"],"picked":"Uppercut+1","floor":20.0},{"not_picked":["Clothesline","Anger","Havoc"],"picked":"SKIP","floor":22.0},{"not_picked":["Cleave","Burning Pact","Havoc"],"picked":"SKIP","floor":23.0},{"not_picked":["Rage","Rampage"],"picked":"Infernal Blade+1","floor":25.0},{"not_picked":["Burning Pact","Feel No Pain","Hemokinesis"],"picked":"SKIP","floor":27.0},{"not_picked":["Sever Soul","Body Slam","Armaments"],"picked":"SKIP","floor":31.0},{"not_picked":["Berserk","Double Tap"],"picked":"Reaper","floor":33},{"not_picked":["Warcry","Clothesline","Combust"],"picked":"SKIP","floor":35},{"not_picked":["Armaments","Wild Strike","Twin Strike"],"picked":"SKIP","floor":36},{"not_picked":["Perfected Strike+1","Pommel Strike","Sever Soul"],"picked":"SKIP","floor":37},{"not_picked":["Carnage","Inflame"],"picked":"Warcry+1","floor":38},{"not_picked":["Sentinel","Brutality","Clash"],"picked":"SKIP","floor":40},{"not_picked":["Iron Wave","Ghostly Armor"],"picked":"Whirlwind","floor":46},{"not_picked":["Dropkick","Sword Boomerang"],"picked":"Thunderclap+1","floor":48}],"player_experience":224935,"relics_obtained":[{"floor":9.0,"key":"Paper Frog"},{"floor":12.0,"key":"Happy Flower"},{"floor":19.0,"key":"Nilry\u0027s Codex"},{"floor":23.0,"key":"Bag of Marbles"},{"floor":26.0,"key":"Bottled Lightning"},{"floor":40,"key":"Blood Vial"},{"floor":43,"key":"White Beast Statue"}],"event_choices":[{"damage_healed":0.0,"max_hp_gain":0.0,"max_hp_loss":0.0,"gold_gain":0.0,"event_name":"Living Wall","player_choice":"Grow","floor":7.0,"gold_loss":0.0,"damage_taken":0.0,"cards_upgraded":["Armaments"]},{"cards_removed":["Defend_R"],"damage_healed":0.0,"max_hp_gain":0.0,"max_hp_loss":0.0,"gold_gain":0.0,"event_name":"Purifier","player_choice":"Purged","floor":10.0,"gold_loss":0.0,"damage_taken":0.0},{"damage_healed":0.0,"max_hp_gain":0.0,"max_hp_loss":0.0,"gold_gain":0.0,"event_name":"Cursed Tome","player_choice":"Obtained Book","floor":19.0,"gold_loss":0.0,"damage_taken":21.0},{"damage_healed":0.0,"max_hp_gain":0.0,"max_hp_loss":0.0,"gold_gain":0.0,"event_name":"Match and Keep!","player_choice":"1 cards matched","floor":30.0,"gold_loss":0.0,"damage_taken":0.0,"cards_obtained":["True Grit"]},{"cards_removed":["Pummel"],"damage_healed":0,"gold_gain":0,"player_choice":"Removed Attack","damage_taken":0,"max_hp_gain":0,"max_hp_loss":0,"event_name":"Falling","floor":41,"gold_loss":0},{"damage_healed":0,"gold_gain":0,"player_choice":"Max HP","damage_taken":0,"max_hp_gain":0,"max_hp_loss":4,"event_name":"Winding Halls","floor":44,"gold_loss":0},{"damage_healed":0,"gold_gain":0,"cards_transformed":["True Grit"],"player_choice":"Transformed","damage_taken":0,"max_hp_gain":0,"max_hp_loss":0,"event_name":"Transmorgrifier","floor":47,"gold_loss":0,"cards_obtained":["Ghostly Armor"]}],"is_beta":false,"boss_relics":[{"not_picked":["Black Blood","Black Star"],"picked":"Sozu"},{"not_picked":["Coffee Dripper","Runic Pyramid"],"picked":"Mark of Pain"}],"items_purged_floors":[39],"is_endless":false,"potions_floor_spawned":[1,12,16,18,20,31,33,36,37,46,48],"killed_by":"Awakened One","ascension_level":15}}