{"host":"wy23tj84iquxuyyu","time":1608814792,"event":{"mods":["Aspiration","BaseMod","Better Note","Colored Map","Fireblade Mod","Hermit","Marked Mod","Minty Spire (QoL Compilation)","Random Character Button","Rare Cards Sparkle","Relic Stats","Replay The Spire","Retaliation","Spicy Shops","StSLib","The Cursed","The Death Knight","The Necromancer","Trackpad"],"gold_per_floor":[113,127,138,413,426,426,453,453,480,245,245,255,255,255,255,355,355,373,391,391,591,591,591,610,623,649,32,50,50,78,78,78],"floor_reached":31,"playtime":1608,"items_purged":["Regret","Injury"],"score":280,"play_id":"cc6c3061-53d0-4095-a04a-5696175f36ab","local_time":"20201224075952","is_ascension_mode":false,"campfire_choices":[{"data":"hermit:Shortfuse","floor":6.0,"key":"SMITH"},{"data":"hermit:Glare","floor":8.0,"key":"SMITH"},{"data":"hermit:Strike_Hermit","floor":15.0,"key":"SMITH"},{"floor":23,"key":"REST"}],"circlet_count":0,"master_deck":["hermit:Strike_Hermit","hermit:Strike_Hermit+1","hermit:Strike_Hermit+1","hermit:Defend_Hermit","hermit:Defend_Hermit","hermit:Defend_Hermit","hermit:Defend_Hermit+1","hermit:Snapshot","hermit:Covet+1","hermit:Glare+1","hermit:Coalescence","hermit:Shortfuse+1","hermit:Determination+1","hermit:HighNoon+1","CurseOfTheBell","hermit:Quickdraw","Replay:Sssssssssstrike","hermit:Strike_Hermit","hermit:TakeCover","hermit:Maintenance","ReplayTheSpireMod:Private Reserves","hermit:BodyArmor+1","hermit:Virtue"],"relics":["hermit:Momento","Blue Doll","War Paint","Juzu Bracelet","Calling Bell","trackpad:SappingStone","Eternal Feather","trackpad:ZombieHeart","MawBank","Medical Kit","hermit:RedScarf","Strawberry","Regal Pillow"],"acts_visited":["Exordium","TheCity"],"potions_floor_usage":[18,30],"damage_taken":[{"damage":1.0,"enemies":"Cultist","floor":1.0,"turns":5.0},{"damage":0.0,"enemies":"Jaw Worm","floor":2.0,"turns":3.0},{"damage":0.0,"enemies":"Small Slimes","floor":3.0,"turns":2.0},{"damage":0.0,"enemies":"2 Fungi Beasts","floor":5.0,"turns":2.0},{"damage":10.0,"enemies":"Gremlin Nob","floor":7.0,"turns":4.0},{"damage":0.0,"enemies":"Blue Slaver","floor":12.0,"turns":1.0},{"damage":29.0,"enemies":"Fading Forest","floor":16.0,"turns":11.0},{"damage":10,"enemies":"Shell Parasite","floor":18,"turns":5},{"damage":15,"enemies":"Spheric Guardian","floor":19,"turns":5},{"damage":24,"enemies":"Chosen and Byrds","floor":24,"turns":6},{"damage":19,"enemies":"Shelled Parasite and Fungi","floor":25,"turns":5},{"damage":17,"enemies":"Centurion and Healer","floor":28,"turns":6},{"damage":33,"enemies":"Slavers","floor":30,"turns":9},{"damage":6,"enemies":"Snake Plant","floor":31,"turns":2}],"seed_played":"-800345931330366088","potions_obtained":[{"floor":5.0,"key":"Block Potion"},{"floor":7.0,"key":"Reflective Coating"},{"floor":12.0,"key":"SpeedPotion"},{"floor":16,"key":"AttackPotion"},{"floor":19,"key":"DDmod:CleansePotion"},{"floor":24,"key":"hermit:Tonic"}],"is_trial":false,"path_per_floor":["M","M","M","?","M","R","E","R","T","$","?","M","?","?","R","B",null,"M","M","?","?","?","R","M","M","T","$","M","$","E","M"],"character_chosen":"HERMIT","items_purchased":["Juzu Bracelet","Medical Kit","hermit:RedScarf","Strawberry","ReplayTheSpireMod:Private Reserves"],"campfire_rested":1,"item_purchase_floors":[10,27,27,27,27],"current_hp_per_floor":[74,74,74,74,74,74,64,64,64,64,64,64,64,69,69,50,80,71,57,57,57,57,82,60,43,43,50,35,35,5,0,0],"gold":78,"neow_bonus":"THREE_CARDS","is_daily":false,"chose_seed":false,"campfire_upgraded":3,"win_rate":0.0,"timestamp":1608814792,"path_taken":["M","M","M","?","M","R","E","R","T","$","?","M","?","?","R","BOSS","BOSS","M","M","?","?","?","R","M","M","T","?","M","$","E","M"],"items_purchased_type":["Relic","Relic","Relic","Relic","Card"],"build_version":"2020-12-22","purchased_purges":2,"victory":false,"max_hp_per_floor":[75,75,75,75,75,75,75,75,75,75,75,75,75,80,80,80,80,81,82,82,82,82,82,84,86,86,93,95,95,98,98,98],"relic_stats":{"Regal Pillow":0,"counters":[14,66],"Eternal Feather":9,"Juzu Bracelet":1,"War Paint":["hermit:Defend_Hermit","hermit:Covet"],"MawBank":12,"Medical Kit":[6],"obtain_stats":[{"Regal Pillow":30,"trackpad:SappingStone":17,"Blue Doll":7,"Eternal Feather":17,"Juzu Bracelet":10,"War Paint":9,"MawBank":26,"Medical Kit":27,"Calling Bell":17,"trackpad:ZombieHeart":17,"Strawberry":27,"hermit:RedScarf":27,"hermit:Momento":0},{"Regal Pillow":13,"trackpad:SappingStone":7,"Blue Doll":5,"Eternal Feather":7,"Juzu Bracelet":5,"War Paint":5,"MawBank":11,"Medical Kit":11,"Calling Bell":7,"trackpad:ZombieHeart":7,"Strawberry":11,"hermit:RedScarf":11,"hermit:Momento":0},{"Regal Pillow":64,"trackpad:SappingStone":28,"Blue Doll":16,"Eternal Feather":28,"Juzu Bracelet":16,"War Paint":16,"MawBank":49,"Medical Kit":49,"Calling Bell":28,"trackpad:ZombieHeart":28,"Strawberry":49,"hermit:RedScarf":49,"hermit:Momento":0}]},"card_choices":[{"not_picked":["hermit:SprayPray","hermit:Manifest"],"picked":"hermit:Glare","floor":0.0},{"not_picked":["hermit:Ricochet","hermit:Malice"],"picked":"hermit:Coalescence","floor":1.0},{"not_picked":["hermit:FullyLoaded","hermit:Coalescence"],"picked":"hermit:Shortfuse","floor":2.0},{"not_picked":["hermit:ItchyTrigger","hermit:TakeAim","hermit:Gestalt"],"picked":"SKIP","floor":3.0},{"not_picked":["hermit:Manifest","hermit:LuckOfTheDraw","hermit:LowProfile"],"picked":"SKIP","floor":5.0},{"not_picked":["hermit:RoundhouseKick","hermit:TakeCover","hermit:Vantage"],"picked":"SKIP","floor":7.0},{"not_picked":["hermit:Deadeye","hermit:GoldenBullet","hermit:CursedWeapon"],"picked":"SKIP","floor":12.0},{"not_picked":["hermit:Roughhouse","hermit:OverwhelmingPower"],"picked":"hermit:HighNoon","floor":16},{"not_picked":["hermit:SprayPray","hermit:Feint"],"picked":"hermit:Quickdraw","floor":18},{"not_picked":["hermit:Headshot","hermit:ShadowCloak","hermit:Misfire"],"picked":"SKIP","floor":19},{"not_picked":["hermit:CursedWeapon+1","hermit:LowProfile"],"picked":"hermit:TakeCover","floor":24},{"not_picked":["hermit:TakeAim","hermit:Reprieve"],"picked":"hermit:Maintenance","floor":25},{"not_picked":["hermit:SprayPray","hermit:TrackingShot"],"picked":"hermit:BodyArmor+1","floor":28},{"not_picked":["hermit:Snipe+1","hermit:Scavenge"],"picked":"hermit:Virtue","floor":30}],"player_experience":809572,"relics_obtained":[{"floor":7.0,"key":"Blue Doll"},{"floor":9.0,"key":"War Paint"},{"floor":17,"key":"trackpad:SappingStone"},{"floor":17,"key":"Eternal Feather"},{"floor":17,"key":"trackpad:ZombieHeart"},{"floor":26,"key":"MawBank"},{"floor":30,"key":"Regal Pillow"}],"event_choices":[{"damage_healed":0.0,"max_hp_gain":0.0,"max_hp_loss":0.0,"gold_gain":275.0,"event_name":"Golden Shrine","player_choice":"Desecrate","floor":4.0,"gold_loss":0.0,"damage_taken":0.0,"cards_obtained":["Regret"]},{"damage_healed":0.0,"max_hp_gain":5.0,"max_hp_loss":0.0,"gold_gain":0.0,"event_name":"Big Fish","player_choice":"Donut","floor":14.0,"gold_loss":0.0,"damage_taken":0.0},{"damage_healed":0,"gold_gain":0,"player_choice":"2 cards matched","damage_taken":0,"max_hp_gain":0,"max_hp_loss":0,"event_name":"Match and Keep!","floor":20,"gold_loss":0,"cards_obtained":["Replay:Sssssssssstrike","hermit:Strike_Hermit"]},{"damage_healed":0,"gold_gain":250,"player_choice":"Bet on Owner","damage_taken":0,"max_hp_gain":0,"max_hp_loss":0,"event_name":"The Joust","floor":21,"gold_loss":50},{"damage_healed":0,"gold_gain":0,"player_choice":"Forge","damage_taken":0,"max_hp_gain":0,"max_hp_loss":0,"event_name":"Accursed Blacksmith","floor":22,"gold_loss":0,"cards_upgraded":["hermit:HighNoon"]}],"is_beta":false,"boss_relics":[{"not_picked":["Ring of Chaos","hermit:DentedPlate"],"picked":"Calling Bell"}],"items_purged_floors":[10,10],"is_endless":false,"potions_floor_spawned":[5,7,12,16,19,24],"killed_by":"Snake Plant","ascension_level":0}}