{"host":"x5anfo2w8aotfuta","time":1608852261,"event":{"mods":["AchievementEnabler","BaseMod","Bestiary","Block Reminder","Colored Map","Colored Powertips","DeckTracker","Highlight Path","Minty Spire (QoL Compilation)","Quick Restart","Rare Cards Sparkle","Relic Stats","StSLib"],"gold_per_floor":[112,124,138,149,149,149,183,202,227,227,268,268,277,301,301,301,301],"floor_reached":16,"playtime":1809,"items_purged":[],"score":157,"play_id":"fcf654bf-85bb-47ab-a787-933c954fc63d","local_time":"20201224152421","is_ascension_mode":true,"campfire_choices":[{"floor":6,"key":"REST"},{"floor":10,"key":"REST"},{"floor":12,"key":"REST"},{"data":"Wraith Form v2","floor":15,"key":"SMITH"}],"circlet_count":0,"master_deck":["Survivor","Neutralize","Expertise+1","Finisher","Infinite Blades+1","Sucker Punch","Finisher","Bane","Acrobatics","Phantasmal Killer","Storm of Steel","Deflect","Footwork","Adrenaline","Wraith Form v2+1","Backflip"],"relics":["Pandora\u0027s Box","Anchor","CeramicFish"],"acts_visited":["Exordium"],"potions_floor_usage":[11,16],"damage_taken":[{"damage":10,"enemies":"2 Louse","floor":1,"turns":2},{"damage":5,"enemies":"Jaw Worm","floor":2,"turns":3},{"damage":6,"enemies":"Small Slimes","floor":3,"turns":4},{"damage":9,"enemies":"Blue Slaver","floor":4,"turns":4},{"damage":26,"enemies":"3 Sentries","floor":7,"turns":7},{"damage":0,"enemies":"2 Fungi Beasts","floor":8,"turns":2},{"damage":25,"enemies":"Gremlin Nob","floor":11,"turns":4},{"damage":0,"enemies":"Looter","floor":14,"turns":2},{"damage":31,"enemies":"The Guardian","floor":16,"turns":10}],"seed_played":"-6700228659164177691","potions_obtained":[{"floor":8,"key":"Fire Potion"},{"floor":11,"key":"Dexterity Potion"},{"floor":14,"key":"Fire Potion"}],"is_trial":false,"path_per_floor":["M","M","M","M","?","R","E","M","T","R","E","R","?","M","R","B"],"character_chosen":"THE_SILENT","items_purchased":[],"campfire_rested":3,"item_purchase_floors":[],"current_hp_per_floor":[53,48,42,33,19,40,14,14,14,35,10,31,31,31,31,0,0],"gold":301,"neow_bonus":"BOSS_RELIC","is_daily":false,"chose_seed":false,"campfire_upgraded":1,"win_rate":0.0,"timestamp":1608852261,"path_taken":["M","M","M","M","?","R","E","M","T","R","E","R","?","M","R","BOSS"],"items_purchased_type":[],"build_version":"2020-12-22","purchased_purges":0,"victory":false,"max_hp_per_floor":[70,70,70,70,70,70,70,70,70,70,70,70,70,70,70,70,70],"relic_stats":{"counters":[9,38],"CeramicFish":27,"Pandora\u0027s Box":["Expertise","Finisher","Infinite Blades","Sucker Punch","Finisher","Bane","Acrobatics","Burst","Phantasmal Killer","Storm of Steel"],"obtain_stats":[{"Anchor":7,"CeramicFish":11,"Pandora\u0027s Box":0,"Ring of the Snake":0},{"Anchor":5,"CeramicFish":7,"Pandora\u0027s Box":0,"Ring of the Snake":0},{"Anchor":20,"CeramicFish":26,"Pandora\u0027s Box":0,"Ring of the Snake":0}]},"card_choices":[{"not_picked":["Bane","Slice"],"picked":"Deflect","floor":1},{"not_picked":["Masterful Stab","Expertise","Bouncing Flask"],"picked":"SKIP","floor":2},{"not_picked":["Riddle With Holes","Sucker Punch","Flechettes"],"picked":"SKIP","floor":3},{"not_picked":["Skewer","Finisher"],"picked":"Footwork","floor":4},{"not_picked":["Dagger Spray","Flying Knee","Finisher"],"picked":"SKIP","floor":7},{"not_picked":["Acrobatics","Flechettes","All Out Attack"],"picked":"SKIP","floor":8},{"not_picked":["Expertise","Deadly Poison"],"picked":"Adrenaline","floor":11},{"not_picked":["Sucker Punch","Infinite Blades"],"picked":"Backflip","floor":14}],"player_experience":364947,"relics_obtained":[{"floor":7,"key":"Anchor"},{"floor":11,"key":"CeramicFish"}],"event_choices":[{"damage_healed":0,"gold_gain":0,"player_choice":"Entered Light","damage_taken":14,"max_hp_gain":0,"max_hp_loss":0,"event_name":"Shining Light","floor":5,"gold_loss":0,"cards_upgraded":["Expertise","Infinite Blades"]},{"damage_healed":0,"gold_gain":0,"cards_transformed":["Burst"],"player_choice":"Change","damage_taken":0,"max_hp_gain":0,"max_hp_loss":0,"event_name":"Living Wall","floor":13,"gold_loss":0,"cards_obtained":["Wraith Form v2"]}],"is_beta":false,"boss_relics":[],"items_purged_floors":[],"is_endless":false,"potions_floor_spawned":[8,11,14],"killed_by":"The Guardian","ascension_level":8}}