{"host":"k0kjm4m87pwj4phr","time":1608813133,"event":{"mods":["ATMod(°¢èªMod)","BaseMod","Colored Map","Colored Powertips","Minty Spire (QoL Compilation)","Permanent Neow","Quick Restart","Relic Stats","Replay The Spire","StSLib","The Dragon Tamer"],"gold_per_floor":[109,127,140,140,240,265,265,295,375,406,419,419,438,438,438,438,438],"floor_reached":16,"playtime":414,"items_purged":[],"score":290,"play_id":"33d46f4a-bdb4-4e0c-b722-447986ad8523","local_time":"20201224203213","is_ascension_mode":true,"campfire_choices":[{"data":"AT_FamilyPortrait","floor":7,"key":"SMITH"},{"data":"Cold Snap","floor":12,"key":"SMITH"},{"data":"CommonCold","floor":15,"key":"PURGE"}],"circlet_count":0,"master_deck":["AscendersBane","Strike_B","Strike_B","Strike_B","Strike_B","Defend_B","Defend_B","Defend_B","Defend_B","Zap","Dualcast","AT_EmpoweredMortalDraw","AT_FamilyPortrait+1","Gash","Cold Snap+1","Electrodynamics"],"relics":["Cracked Core","AT_ATBox","AT_MortalBlade","Black Star","Ring of Hypnosis","Ring of Peace","Ginger","Pen Nib","Unceasing Top","Blood Vial","Quantum Egg","TungstenRod","Juzu Bracelet","Blue Doll"],"acts_visited":["Exordium"],"potions_floor_usage":[16,16],"damage_taken":[{"damage":0,"enemies":"Jaw Worm","floor":1,"turns":1},{"damage":0,"enemies":"Small Slimes","floor":2,"turns":2},{"damage":0,"enemies":"Cultist","floor":3,"turns":2},{"damage":19,"enemies":"Gremlin Nob","floor":6,"turns":4},{"damage":12,"enemies":"Lagavulin","floor":8,"turns":4},{"damage":0,"enemies":"Gremlin Nob","floor":10,"turns":3},{"damage":0,"enemies":"Blue Slaver","floor":11,"turns":2},{"damage":0,"enemies":"Red Slaver","floor":13,"turns":2},{"damage":19,"enemies":"The Guardian","floor":16,"turns":5}],"seed_played":"8343677968303279995","potions_obtained":[{"floor":1,"key":"PowerPotion"},{"floor":3,"key":"CultistPotion"}],"is_trial":false,"path_per_floor":["M","M","M","?","?","E","R","E","T","E","M","R","M","?","R_BF","B"],"character_chosen":"DEFECT","items_purchased":[],"campfire_rested":0,"item_purchase_floors":[],"current_hp_per_floor":[64,64,64,64,64,45,45,33,33,35,37,37,39,17,17,0,0],"gold":438,"neow_bonus":"DOUBLE_BOSS_RELIC","is_daily":false,"chose_seed":false,"campfire_upgraded":2,"win_rate":0.0,"timestamp":1608813133,"path_taken":["M","M","M","?","?","E","R","E","T","E","M","R","M","?","R_BF","BOSS"],"items_purchased_type":[],"build_version":"2020-12-22","purchased_purges":0,"victory":false,"max_hp_per_floor":[71,71,71,71,71,71,71,71,71,71,71,71,71,71,71,71,71],"relic_stats":{"Blood Vial":8,"counters":[9,25],"Pen Nib":[2],"Black Star":3,"Juzu Bracelet":1,"Ginger":[15],"obtain_stats":[{"AT_ATBox":0,"Ring of Hypnosis":4,"Quantum Egg":9,"AT_MortalBlade":0,"Blue Doll":14,"Pen Nib":6,"Juzu Bracelet":10,"Ginger":6,"Blood Vial":8,"Ring of Peace":4,"Black Star":0,"Cracked Core":0,"Unceasing Top":8,"TungstenRod":10},{"AT_ATBox":0,"Ring of Hypnosis":3,"Quantum Egg":5,"AT_MortalBlade":0,"Blue Doll":8,"Pen Nib":4,"Juzu Bracelet":6,"Ginger":4,"Blood Vial":5,"Ring of Peace":3,"Black Star":0,"Cracked Core":0,"Unceasing Top":5,"TungstenRod":6},{"AT_ATBox":0,"Ring of Hypnosis":5,"Quantum Egg":13,"AT_MortalBlade":0,"Blue Doll":20,"Pen Nib":9,"Juzu Bracelet":16,"Ginger":9,"Blood Vial":13,"Ring of Peace":5,"Black Star":0,"Cracked Core":0,"Unceasing Top":13,"TungstenRod":16}],"Unceasing Top":[0],"TungstenRod":9},"card_choices":[{"not_picked":["Sweeping Beam","Hologram","Barrage"],"picked":"SKIP","floor":1},{"not_picked":["Defragment","Barrage","Ball Lightning"],"picked":"SKIP","floor":2},{"not_picked":["Self Repair","Panic Button"],"picked":"Gash","floor":3},{"not_picked":["Compile Driver","BasicCrystalCard"],"picked":"Cold Snap","floor":6},{"not_picked":["ReplayTheSpireMod:Repulse","Barrage"],"picked":"Electrodynamics","floor":8},{"not_picked":["Compile Driver","Rebound","Steam"],"picked":"SKIP","floor":10},{"not_picked":["Steam","Turbo","AT_EMC2"],"picked":"SKIP","floor":11},{"not_picked":["Auto Shields","Sweeping Beam","Steam"],"picked":"SKIP","floor":13}],"player_experience":432591,"relics_obtained":[{"floor":4,"key":"Ring of Hypnosis"},{"floor":4,"key":"Ring of Peace"},{"floor":6,"key":"Ginger"},{"floor":6,"key":"Pen Nib"},{"floor":8,"key":"Unceasing Top"},{"floor":8,"key":"Blood Vial"},{"floor":9,"key":"Quantum Egg"},{"floor":10,"key":"TungstenRod"},{"floor":10,"key":"Juzu Bracelet"}],"event_choices":[{"damage_healed":0,"gold_gain":100,"player_choice":"Gold","damage_taken":0,"max_hp_gain":0,"max_hp_loss":0,"event_name":"Wheel of Change","floor":5,"gold_loss":0},{"damage_healed":0,"gold_gain":0,"player_choice":"Success","damage_taken":26,"relics_obtained":["Blue Doll"],"max_hp_gain":0,"max_hp_loss":0,"event_name":"Scrap Ooze","floor":14,"gold_loss":0}],"is_beta":false,"boss_relics":[],"items_purged_floors":[],"is_endless":false,"potions_floor_spawned":[1,3,8,13],"killed_by":"The Guardian","ascension_level":20}}