{"host":"fdmexzkyss3ff9bv","time":1608844156,"event":{"mods":["BaseMod","Beaked The Cultist","BetterRewards","Downfall","Glutton Mod","Halation","Hubris","Infinite Spire","Minty Spire (QoL Compilation)","Replay The Spire","StSLib","The Animator","The Blackbeard","The Bug Knight","The Construct","The Mystic","The Servant 0.9.4","The Witch"],"gold_per_floor":[115,115,134,134,144,144,155,155,209,227,227,227,276,276,276,381,381,392,392,405,416,416,416,9,27,27,27,51,51,51],"floor_reached":29,"playtime":1825,"items_purged":[],"score":290,"play_id":"8c0d2bd6-e39d-4f1b-a885-ba187c019664","local_time":"20201224220916","is_ascension_mode":false,"campfire_choices":[{"data":"Defend_B+2","floor":6,"key":"SMITH"},{"data":"Strike_B","floor":8,"key":"SMITH"},{"data":"Strike_B+1","floor":11,"key":"SMITH"},{"floor":15,"key":"REST"},{"data":"Strike_B+2","floor":23,"key":"SMITH"},{"floor":27,"key":"REST"}],"circlet_count":0,"master_deck":["Strike_B+3","Strike_B+1","Strike_B","Strike_B","Defend_B","Defend_B","Defend_B+3","Defend_B+1","Zap","Dualcast","Conserve Battery","Barrage","hubris:Ukulele+1","Barrage","Thunder Strike","Defragment","Coolheaded","Thunder Strike+1","Barrage+1","hubris:Rewind","Barrage","Redo","Blizzard+1","Hello World+1","Replay:Bootleg Shield Generator+1","Master of Strategy+1","Sweeping Beam+1"],"relics":["Cracked Core","Simple Rune","Whetstone","Golden Egg","infinitespire:Freezer","ChewingGum","Medical Kit","hubris:TenFootPole"],"acts_visited":["Exordium","TheCity"],"potions_floor_usage":[12,16,21,29],"damage_taken":[{"damage":0,"enemies":"Small Slimes","floor":1,"turns":4},{"damage":3,"enemies":"2 Louse","floor":3,"turns":2},{"damage":3,"enemies":"Cultist","floor":5,"turns":4},{"damage":5,"enemies":"Blue Slaver","floor":7,"turns":3},{"damage":12,"enemies":"Large Slime","floor":10,"turns":5},{"damage":6,"enemies":"3 Louse","floor":12,"turns":2},{"damage":0,"enemies":"Slime Boss","floor":16,"turns":7},{"damage":0,"enemies":"Spheric Guardian","floor":18,"turns":3},{"damage":0,"enemies":"Chosen","floor":20,"turns":3},{"damage":4,"enemies":"Centurion and Healer","floor":21,"turns":7},{"damage":38,"enemies":"3 Cultists","floor":25,"turns":7},{"damage":89,"enemies":"Gremlin Leader","floor":29,"turns":8}],"seed_played":"-8065133384520519503","potions_obtained":[{"floor":1,"key":"Guardian:BlockOnCardUsePotion"},{"floor":7,"key":"SmokeBomb"},{"floor":10,"key":"FearPotion"},{"floor":20,"key":"champ:CounterPotion"},{"floor":25,"key":"FairyPotion"}],"is_trial":false,"path_per_floor":["M","?","M","?","M","R","M","R","T","M","R","M","?","?","R","B",null,"M","AVR","M","M","?","R","$","M","T","R","T","E"],"character_chosen":"DEFECT","items_purchased":["Blizzard","Hello World","Replay:Bootleg Shield Generator","Master of Strategy"],"campfire_rested":2,"item_purchase_floors":[24,24,24,24],"current_hp_per_floor":[75,75,72,72,69,69,64,64,64,52,52,46,28,21,43,43,75,75,75,75,71,71,71,71,33,33,55,55,0,0],"gold":51,"neow_bonus":"RANDOM_COMMON_RELIC","is_daily":false,"chose_seed":false,"campfire_upgraded":4,"win_rate":0.0,"timestamp":1608844156,"path_taken":["M","?","M","?","M","R","?","R","T","M","R","M","?","?","R","BOSS","M","AVR","M","M","?","R","?","M","T","R","?","E"],"items_purchased_type":["Card","Card","Card","Card"],"build_version":"2020-12-13","purchased_purges":0,"victory":false,"max_hp_per_floor":[75,75,75,75,75,75,75,75,75,75,75,75,75,75,75,75,75,75,75,75,75,75,75,75,75,75,75,75,75,75],"card_choices":[{"not_picked":["Stack","Rebound"],"picked":"Conserve Battery","floor":1},{"not_picked":["Streamline","Beam Cell"],"picked":"Barrage","floor":3},{"not_picked":["Heatsinks","Chill"],"picked":"hubris:Ukulele","floor":5},{"not_picked":["Steam","Beam Cell"],"picked":"Barrage","floor":7},{"not_picked":["Gash","Coolheaded"],"picked":"Thunder Strike","floor":10},{"not_picked":["Compile Driver","Scrape"],"picked":"Defragment","floor":13},{"not_picked":["Gash","Crystallizer"],"picked":"Coolheaded","floor":13},{"not_picked":["ReplayTheSpireMod:Fabricate Wheel","ReplayTheSpireMod:Omega Cannon"],"picked":"Thunder Strike","floor":16},{"not_picked":["ReplayTheSpireMod:System Scan","Darkness"],"picked":"Barrage+1","floor":18},{"not_picked":["Fusion+1","Streamline"],"picked":"Barrage","floor":20},{"not_picked":["ReplayTheSpireMod:Reroute Power","ReplayTheSpireMod:GoodbyeWorld"],"picked":"Redo","floor":21},{"not_picked":["Go for the Eyes+1","Hologram+1"],"picked":"Sweeping Beam+1","floor":25}],"player_experience":19952,"relics_obtained":[{"floor":9,"key":"Whetstone"},{"floor":13,"key":"Golden Egg"},{"floor":28,"key":"hubris:TenFootPole"}],"event_choices":[{"damage_healed":0,"gold_gain":0,"player_choice":"Leave","damage_taken":0,"max_hp_gain":0,"max_hp_loss":0,"event_name":"The Cleric","floor":2,"gold_loss":0},{"damage_healed":0,"gold_gain":0,"player_choice":"Success","damage_taken":7,"relics_obtained":["infinitespire:Freezer"],"max_hp_gain":0,"max_hp_loss":0,"event_name":"Scrap Ooze","floor":14,"gold_loss":0}],"is_beta":false,"boss_relics":[{"not_picked":["halation:ForbiddenBikini","Snecko Eye"],"picked":"ChewingGum"}],"items_purged_floors":[],"is_endless":false,"potions_floor_spawned":[1,7,10,20,25],"killed_by":"Gremlin Leader","ascension_level":0}}