{"host":"vc42n08di9czm3e7","time":1608843621,"event":{"mods":["AchievementEnabler","Act Like it!","BaseMod","Colored Powertips","Downfall","Friendly Minions","GifTheSpireLib","Minty Spire (QoL Compilation)","Rare Cards Sparkle","StSLib"],"gold_per_floor":[99,114,124,188,199,232,258,258,258,258,258],"floor_reached":9,"playtime":378,"items_purged":[],"score":61,"play_id":"bc8eb965-0045-4d4d-8de0-7a5a659c0cdf","local_time":"20201224160021","is_ascension_mode":false,"campfire_choices":[{"data":"hexamod:UnlimitedPower","floor":1,"key":"SMITH"},{"data":"hexamod:GhostflameInferno","floor":8,"key":"SMITH"}],"circlet_count":0,"master_deck":["hexamod:Strike","hexamod:Strike","hexamod:Strike","hexamod:Strike","hexamod:Defend","hexamod:Defend","hexamod:Defend","hexamod:Defend","hexamod:Sear","hexamod:Float","hexamod:UnlimitedPower+1","hexamod:DynamicBlow","hexamod:SwordOfDarkness","hexamod:GhostflameInferno+1","hexamod:SkipABeat","hexamod:ShieldOfDarkness"],"relics":["hexamod:SpiritBrand","Anchor","Du-Vu Doll","Ancient Tea Set"],"acts_visited":["Exordium"],"potions_floor_usage":[6],"damage_taken":[{"damage":4,"enemies":"Small Slimes","floor":2,"turns":3},{"damage":0,"enemies":"Jaw Worm","floor":3,"turns":3},{"damage":18,"enemies":"Gremlin Nob","floor":4,"turns":4},{"damage":0,"enemies":"Cultist","floor":5,"turns":3},{"damage":13,"enemies":"Lagavulin","floor":6,"turns":5},{"damage":0,"enemies":"Gremlin Nob","floor":9,"turns":2}],"seed_played":"6858070287309312532","potions_obtained":[{"floor":5,"key":"Explosive Potion"}],"is_trial":false,"path_per_floor":["R","M","M","?","M","E","T","R","E"],"character_chosen":"THE_SPIRIT","items_purchased":[],"campfire_rested":0,"item_purchase_floors":[],"current_hp_per_floor":[70,66,66,48,48,35,35,35,35,35,35],"gold":258,"neow_bonus":"ONE_RANDOM_RARE_CARD","is_daily":false,"chose_seed":false,"campfire_upgraded":2,"win_rate":0.0,"timestamp":1608843621,"path_taken":["R","M","M","?","M","E","T","R","E"],"items_purchased_type":[],"build_version":"2020-12-22","purchased_purges":0,"victory":false,"max_hp_per_floor":[70,70,70,70,70,70,70,70,70,70,70],"card_choices":[{"not_picked":["hexamod:Hexaguard","hexamod:BacktrackSmack"],"picked":"hexamod:DynamicBlow","floor":2},{"not_picked":["hexamod:RainOfEmbers","hexamod:Incineration"],"picked":"hexamod:SwordOfDarkness","floor":3},{"not_picked":["hexamod:NightmareStrike","hexamod:FourthSeal"],"picked":"hexamod:GhostflameInferno","floor":4},{"not_picked":["hexamod:ThermalTransfer","hexamod:Incineration"],"picked":"hexamod:SkipABeat","floor":5},{"not_picked":["hexamod:SecondSeal","hexamod:SwordOfDarkness"],"picked":"hexamod:ShieldOfDarkness","floor":6}],"player_experience":211729,"relics_obtained":[{"floor":4,"key":"Anchor"},{"floor":6,"key":"Du-Vu Doll"},{"floor":7,"key":"Ancient Tea Set"}],"event_choices":[],"is_beta":false,"boss_relics":[],"items_purged_floors":[],"is_endless":false,"potions_floor_spawned":[5],"killed_by":"Gremlin Nob","ascension_level":0}}