{"host":"28p8ce41sjwa6lzf","time":1608790273,"event":{"mods":["AchievementEnabler","BaseMod","Colored Map","Colored Powertips","Highlight Path","Minty Spire (QoL Compilation)","Permanent Neow","Quick Restart","Random Character Button","Rare Cards Sparkle","Relic Stats","StSLib"],"gold_per_floor":[113,133,147,422,25,57,57,91,144,162,187,187,187,187],"floor_reached":13,"playtime":791,"items_purged":["Regret"],"score":206,"play_id":"be56d06a-ad98-4ae6-8fa3-149a5dd3ccce","local_time":"20201224001113","is_ascension_mode":true,"campfire_choices":[{"data":"Noxious Fumes","floor":7.0,"key":"SMITH"},{"floor":12.0,"key":"REST"}],"circlet_count":0,"master_deck":["AscendersBane","Strike_G","Strike_G","Strike_G","Strike_G","Strike_G","Defend_G","Defend_G","Defend_G","Defend_G","Defend_G","Survivor","Neutralize","Noxious Fumes+1","Distraction","Dagger Spray","Slice","Deflect","Deadly Poison","Dagger Throw"],"relics":["WristBlade","Tough Bandages","StrikeDummy","Toy Ornithopter","Orichalcum","Juzu Bracelet"],"acts_visited":["Exordium"],"potions_floor_usage":[],"damage_taken":[{"damage":3.0,"enemies":"2 Louse","floor":1.0,"turns":4.0},{"damage":1.0,"enemies":"Cultist","floor":2.0,"turns":4.0},{"damage":4.0,"enemies":"Jaw Worm","floor":3.0,"turns":5.0},{"damage":25.0,"enemies":"3 Sentries","floor":6.0,"turns":9.0},{"damage":14.0,"enemies":"Gremlin Nob","floor":8.0,"turns":3.0},{"damage":8.0,"enemies":"3 Louse","floor":10.0,"turns":3.0},{"damage":8.0,"enemies":"3 Sentries","floor":11.0,"turns":6.0},{"damage":22,"enemies":"Lagavulin","floor":13,"turns":5}],"seed_played":"-1704402663343895006","potions_obtained":[{"floor":3.0,"key":"Dexterity Potion"},{"floor":6.0,"key":"EntropicBrew"},{"floor":11.0,"key":"Ancient Potion"}],"is_trial":false,"path_per_floor":["M","M","M","?","$","E","R","E","T","M","E","R","E"],"character_chosen":"THE_SILENT","items_purchased":["Tough Bandages"],"campfire_rested":1,"item_purchase_floors":[5],"current_hp_per_floor":[56,55,51,51,51,26,26,12,12,4,1,20,0,0],"gold":187,"neow_bonus":"BOSS_RELIC","is_daily":false,"chose_seed":false,"campfire_upgraded":1,"win_rate":0.0,"timestamp":1608790273,"path_taken":["M","M","M","?","$","E","R","E","T","?","E","R","E"],"items_purchased_type":["Relic"],"build_version":"2020-12-22","purchased_purges":1,"victory":false,"max_hp_per_floor":[66,66,66,66,66,66,66,66,66,66,66,66,66,66],"relic_stats":{"Tough Bandages":[48],"counters":[8,39],"Juzu Bracelet":0,"Orichalcum":[24],"obtain_stats":[{"Tough Bandages":5,"WristBlade":0,"Juzu Bracelet":11,"Orichalcum":9,"StrikeDummy":6,"Toy Ornithopter":8,"Ring of the Snake":0},{"Tough Bandages":3,"WristBlade":0,"Juzu Bracelet":7,"Orichalcum":5,"StrikeDummy":4,"Toy Ornithopter":5,"Ring of the Snake":0},{"Tough Bandages":13,"WristBlade":0,"Juzu Bracelet":34,"Orichalcum":25,"StrikeDummy":22,"Toy Ornithopter":25,"Ring of the Snake":0}],"Toy Ornithopter":5},"card_choices":[{"not_picked":["Acrobatics","Backflip"],"picked":"Noxious Fumes","floor":1.0},{"not_picked":["Outmaneuver","Tactician"],"picked":"Distraction","floor":2.0},{"not_picked":["Underhanded Strike","Expertise"],"picked":"Dagger Spray","floor":3.0},{"not_picked":["Underhanded Strike","Dash"],"picked":"Slice","floor":6.0},{"not_picked":["Flying Knee","Eviscerate"],"picked":"Deflect","floor":8.0},{"not_picked":["Sucker Punch","Acrobatics"],"picked":"Deadly Poison","floor":10.0},{"not_picked":["Accuracy","Backflip"],"picked":"Dagger Throw","floor":11.0}],"player_experience":1038841,"relics_obtained":[{"floor":6.0,"key":"StrikeDummy"},{"floor":8.0,"key":"Toy Ornithopter"},{"floor":9.0,"key":"Orichalcum"},{"floor":11.0,"key":"Juzu Bracelet"}],"event_choices":[{"damage_healed":0.0,"max_hp_gain":0.0,"max_hp_loss":0.0,"gold_gain":275.0,"event_name":"Golden Shrine","player_choice":"Desecrate","floor":4.0,"gold_loss":0.0,"damage_taken":0.0,"cards_obtained":["Regret"]}],"is_beta":false,"boss_relics":[],"items_purged_floors":[5],"is_endless":false,"potions_floor_spawned":[3,6,11],"killed_by":"Lagavulin","ascension_level":20}}