{"host":"hgkb2zpbo2dcws21","time":1608804903,"event":{"mods":["AchievementEnabler","BaseMod","Colored Map","Colored Powertips","Custom Start","DeckTracker","KOR Keyword Fix","Minty Spire (QoL Compilation)","Relic Stats","StSLib","SuperFastMode"],"gold_per_floor":[116,116,134,134,134,169,169,208,208,224,111,136,136,151,151,249,249,262,262,122,142,166,197,221,221,297,312,312,348,363,363,363],"floor_reached":31,"playtime":949,"items_purged":["Strike_P","Strike_P"],"score":488,"play_id":"4d2d5128-283b-4ff6-9dbd-b9229b08d739","local_time":"20201224191503","is_ascension_mode":true,"campfire_choices":[{"floor":7,"key":"REST"},{"data":"Study","floor":13,"key":"SMITH"},{"floor":15,"key":"REST"},{"floor":28,"key":"REST"}],"circlet_count":0,"master_deck":["AscendersBane","Strike_P","Strike_P","Defend_P","Defend_P","Defend_P","Defend_P","Eruption","Vigilance","FlurryOfBlows","Evaluate","Indignation","Vault","Meditate","Study+1","WheelKick","TalkToTheHand","Halt+1","DeusExMachina","Wallop"],"relics":["PureWater","Anchor","WarpedTongs","Golden Idol","Mercury Hourglass","Torii","Du-Vu Doll","VioletLotus","Mummified Hand","Question Card","Bag of Preparation"],"acts_visited":["Exordium","TheCity"],"potions_floor_usage":[6,16,23,27,31],"damage_taken":[{"damage":0,"enemies":"Small Slimes","floor":1,"turns":3},{"damage":6,"enemies":"Cultist","floor":3,"turns":4},{"damage":23,"enemies":"3 Sentries","floor":6,"turns":15},{"damage":13,"enemies":"Lagavulin","floor":8,"turns":6},{"damage":0,"enemies":"2 Louse","floor":10,"turns":2},{"damage":8,"enemies":"Blue Slaver","floor":12,"turns":3},{"damage":8,"enemies":"Large Slime","floor":14,"turns":5},{"damage":18,"enemies":"The Guardian","floor":16,"turns":13},{"damage":1,"enemies":"Shell Parasite","floor":18,"turns":4},{"damage":0,"enemies":"Spheric Guardian","floor":21,"turns":2},{"damage":1,"enemies":"Centurion and Healer","floor":22,"turns":5},{"damage":19,"enemies":"Slavers","floor":23,"turns":4},{"damage":0,"enemies":"Cultist and Chosen","floor":24,"turns":3},{"damage":18,"enemies":"Snake Plant","floor":27,"turns":6},{"damage":23,"enemies":"Book of Stabbing","floor":29,"turns":7},{"damage":0,"enemies":"Centurion and Healer","floor":30,"turns":5},{"damage":10,"enemies":"Shelled Parasite and Fungi","floor":31,"turns":1}],"seed_played":"7167697216846976897","potions_obtained":[{"floor":1,"key":"Block Potion"},{"floor":14,"key":"Explosive Potion"},{"floor":16,"key":"Block Potion"},{"floor":18,"key":"AttackPotion"},{"floor":19,"key":"Ambrosia"},{"floor":24,"key":"Ancient Potion"},{"floor":27,"key":"BottledMiracle"}],"is_trial":false,"path_per_floor":["M","?","M","?","?","E","R","E","T","M","$","M","R","M","R","B",null,"M","?","$","M","M","E","M","?","T","M","R","E","M","M"],"character_chosen":"WATCHER","items_purchased":["Study","TalkToTheHand"],"campfire_rested":3,"item_purchase_floors":[11,20],"current_hp_per_floor":[61,61,55,55,55,32,50,37,37,37,37,29,29,21,39,21,53,52,52,52,52,51,32,32,32,32,14,32,9,9,0,0],"gold":363,"neow_bonus":"RANDOM_COMMON_RELIC","is_daily":false,"chose_seed":false,"campfire_upgraded":1,"win_rate":0.0,"timestamp":1608804903,"path_taken":["M","?","?","?","?","E","R","E","T","M","$","M","R","M","R","BOSS","M","?","$","M","?","E","M","?","T","M","R","E","M","M"],"items_purchased_type":["Card","Card"],"build_version":"2020-12-22","purchased_purges":2,"victory":false,"max_hp_per_floor":[68,68,68,63,63,63,63,63,63,63,63,63,63,63,63,63,63,63,63,63,63,63,63,63,63,63,63,63,63,63,63,63],"relic_stats":{"Torii":17,"counters":[17,86],"Golden Idol":82,"Mummified Hand":[7],"VioletLotus":[11],"Bag of Preparation":[4],"Question Card":3,"obtain_stats":[{"Du-Vu Doll":9,"Anchor":0,"Torii":8,"Golden Idol":4,"Mummified Hand":23,"VioletLotus":17,"Bag of Preparation":29,"PureWater":0,"Question Card":26,"WarpedTongs":2,"Mercury Hourglass":6},{"Du-Vu Doll":4,"Anchor":0,"Torii":4,"Golden Idol":2,"Mummified Hand":12,"VioletLotus":8,"Bag of Preparation":15,"PureWater":0,"Question Card":13,"WarpedTongs":1,"Mercury Hourglass":3},{"Du-Vu Doll":28,"Anchor":0,"Torii":28,"Golden Idol":7,"Mummified Hand":65,"VioletLotus":50,"Bag of Preparation":80,"PureWater":0,"Question Card":68,"WarpedTongs":3,"Mercury Hourglass":22}],"WarpedTongs":[83],"Mercury Hourglass":[209]},"card_choices":[{"not_picked":["ClearTheMind","Crescendo"],"picked":"FlurryOfBlows","floor":1},{"not_picked":["CutThroughFate","FlurryOfBlows"],"picked":"Evaluate","floor":3},{"not_picked":["WaveOfTheHand","Conclude"],"picked":"Indignation","floor":6},{"not_picked":["SandsOfTime","FlurryOfBlows"],"picked":"Vault","floor":8},{"not_picked":["TalkToTheHand","Worship"],"picked":"Meditate","floor":10},{"not_picked":["Consecrate","ClearTheMind"],"picked":"WheelKick","floor":12},{"not_picked":["FlyingSleeves","WindmillStrike","CrushJoints"],"picked":"SKIP","floor":14},{"not_picked":["FlyingSleeves","CrushJoints","Crescendo"],"picked":"SKIP","floor":18},{"not_picked":["Sanctity","FlurryOfBlows","ClearTheMind"],"picked":"SKIP","floor":21},{"not_picked":["JustLucky","Vengeance"],"picked":"Halt+1","floor":22},{"not_picked":["SashWhip","EmptyFist","Weave"],"picked":"SKIP","floor":23},{"not_picked":["WaveOfTheHand","Omniscience","Protect"],"picked":"SKIP","floor":24},{"not_picked":["EmptyBody","Pray","FollowUp","Halt"],"picked":"SKIP","floor":27},{"not_picked":["EmptyFist","BowlingBash","FlurryOfBlows"],"picked":"DeusExMachina","floor":29},{"not_picked":["Consecrate","WreathOfFlame","Perseverance"],"picked":"Wallop","floor":30}],"player_experience":1102402,"relics_obtained":[{"floor":6,"key":"Mercury Hourglass"},{"floor":8,"key":"Torii"},{"floor":9,"key":"Du-Vu Doll"},{"floor":23,"key":"Mummified Hand"},{"floor":26,"key":"Question Card"},{"floor":29,"key":"Bag of Preparation"}],"event_choices":[{"damage_healed":0,"gold_gain":0,"player_choice":"Rummage","damage_taken":0,"relics_obtained":["WarpedTongs"],"max_hp_gain":0,"max_hp_loss":0,"event_name":"Accursed Blacksmith","floor":2,"gold_loss":0,"cards_obtained":["Pain"]},{"damage_healed":0,"gold_gain":0,"player_choice":"Lose Max HP","damage_taken":0,"relics_obtained":["Golden Idol"],"max_hp_gain":0,"max_hp_loss":5,"event_name":"Golden Idol","floor":4,"gold_loss":0},{"cards_removed":["Pain"],"damage_healed":0,"gold_gain":0,"player_choice":"Forget","damage_taken":0,"max_hp_gain":0,"max_hp_loss":0,"event_name":"Living Wall","floor":5,"gold_loss":0},{"damage_healed":0,"gold_gain":0,"player_choice":"Got Potions","damage_taken":0,"max_hp_gain":0,"max_hp_loss":0,"event_name":"Lab","floor":19,"gold_loss":0},{"damage_healed":0,"gold_gain":0,"player_choice":"Ignored","damage_taken":0,"max_hp_gain":0,"max_hp_loss":0,"event_name":"Ghosts","floor":25,"gold_loss":0}],"is_beta":false,"boss_relics":[{"not_picked":["Cursed Key","Busted Crown"],"picked":"VioletLotus"}],"items_purged_floors":[11,20],"is_endless":false,"potions_floor_spawned":[1,14,16,18,22,24,27],"killed_by":"Shelled Parasite and Fungi","ascension_level":14}}