{"host":"npubv26u89aif4fa","time":1608775013,"event":{"mods":["Astrologer","BaseMod","Better Vampires","Better-Laid Plans","Colored Powertips","GifTheSpireLib","GungeonMod","HornydragonMod","Hubris","Jedi Mod","KinomotoSakuraMod(木之本樱)","Minty Spire (QoL Compilation)","Quick Restart","Remilia（蕾米莉亚）","Replay The Spire","StSLib","Td1madao Mod","The Administrix","The Alterego","The Bug Knight","The Cursed","The Mystic","The Runesmith","TheWitcher","Yuri Mod","Yuyuko"],"gold_per_floor":[13,13,13,27,27,57,57,157,157,177,205,224,236,236,236,356,356,342,342,360,285,285,318,338,354,354,373,55,79,79,92,92,220,220,234,297,297,311,70,110,110,124,124,124,140,154,168,186,186,186,186,186,67,111,111],"floor_reached":56,"playtime":6527,"items_purged":["Pain","astrologer:Strike"],"score":1288,"play_id":"22768f7b-0488-4ea5-b99b-a5a48de130f6","local_time":"20201224095653","is_ascension_mode":false,"campfire_choices":[{"data":"astrologer:Confirmation","floor":7.0,"key":"SMITH"},{"data":"astrologer:Trine","floor":15.0,"key":"SMITH"},{"floor":32.0,"key":"RECALL"},{"data":"astrologer:DarkMatter","floor":52,"key":"SMITH"}],"circlet_count":0,"master_deck":["astrologer:Defend","astrologer:Defend","astrologer:Defend","astrologer:Defend","astrologer:NorthStar","astrologer:TheFool","Secret Weapon","astrologer:Glimpse","astrologer:TheSun","astrologer:Confirmation+1","astrologer:LonelyStar","astrologer:TheEmperor","astrologer:Trine+1","astrologer:DarkMatter+1","astrologer:StarOfMisfortune","astrologer:Fireball+1","astrologer:Stardust","astrologer:Strength","astrologer:Conjunction+1","astrologer:Moonlight","astrologer:ShootingStar","astrologer:SpaceDust","astrologer:TheWorld","astrologer:Moonlight+1","astrologer:Alignment","astrologer:CosmicExpanse","astrologer:Death","Madness","Madness","astrologer:Fireball+1","Parasite","astrologer:RejectReality","ReplayTheSpireMod:Brewmster","Survey Options","astrologer:Prismatic"],"relics":["astrologer:SkyMirror","DemoMod:BlueGuonStone","DemoMod:WhiteGuonStone","jedi:archwizardhat","Golden Idol","Honey Jar","alterego_mod:SomeoneToFightFor","WarpedTongs","ReplayTheSpireMod:Lightbulb","DemoMod:PartiallyEatenCheese","Iron Hammer","Snecko Heart","hubris:Spice","Oddly Smooth Stone","DemoMod:GlassGuonStoneRelic","hubris:ToyBattleship"],"acts_visited":["Exordium","TheCity","TheBeyond","TheEnding"],"potions_floor_usage":[55],"damage_taken":[{"damage":0.0,"enemies":"Small Slimes","floor":1.0,"turns":3.0},{"damage":0.0,"enemies":"Jaw Worm","floor":4.0,"turns":4.0},{"damage":11.0,"enemies":"Lagavulin","floor":6.0,"turns":6.0},{"damage":0.0,"enemies":"2 Louse","floor":10.0,"turns":2.0},{"damage":1.0,"enemies":"3 Sentries","floor":11.0,"turns":3.0},{"damage":5.0,"enemies":"Lots of Slimes","floor":12.0,"turns":3.0},{"damage":2.0,"enemies":"Blue Slaver","floor":13.0,"turns":5.0},{"damage":22.0,"enemies":"Hexaghost","floor":16.0,"turns":12.0},{"damage":11.0,"enemies":"2 Thieves","floor":18.0,"turns":4.0},{"damage":0.0,"enemies":"Spheric Guardian","floor":20.0,"turns":6.0},{"damage":10.0,"enemies":"Gremlin Leader","floor":23.0,"turns":5.0},{"damage":6.0,"enemies":"Shelled Parasite and Fungi","floor":24.0,"turns":5.0},{"damage":4.0,"enemies":"Cultist and Chosen","floor":25.0,"turns":6.0},{"damage":9.0,"enemies":"Centurion and Healer","floor":27.0,"turns":7.0},{"damage":0.0,"enemies":"Shelled Parasite and Fungi","floor":29.0,"turns":4.0},{"damage":3.0,"enemies":"Snake Plant","floor":31.0,"turns":4.0},{"damage":23.0,"enemies":"hubris:MusketHawk","floor":33.0,"turns":10.0},{"damage":4.0,"enemies":"3 Darklings","floor":35.0,"turns":5.0},{"damage":0.0,"enemies":"Mind Bloom Boss Battle","floor":36.0,"turns":4.0},{"damage":5.0,"enemies":"3 Shapes","floor":38.0,"turns":6.0},{"damage":4.0,"enemies":"Nemesis","floor":40.0,"turns":7.0},{"damage":0.0,"enemies":"Jaw Worm Horde","floor":42.0,"turns":5.0},{"damage":3,"enemies":"Writhing Mass","floor":45,"turns":5},{"damage":2,"enemies":"Maw","floor":46,"turns":7},{"damage":14,"enemies":"Sphere and 2 Shapes","floor":47,"turns":5},{"damage":0,"enemies":"Writhing Mass","floor":48,"turns":4},{"damage":6,"enemies":"Time Eater","floor":50,"turns":12},{"damage":9,"enemies":"Shield and Spear","floor":54,"turns":7},{"damage":5,"enemies":"The Heart","floor":55,"turns":11}],"seed_played":"-4288998091312491972","potions_obtained":[{"floor":4.0,"key":"Fire Potion"},{"floor":6.0,"key":"EssenceOfSteel"},{"floor":13.0,"key":"jedi:StrikingPotion"},{"floor":24.0,"key":"Toxic Potion"},{"floor":27.0,"key":"LiquidMemories"},{"floor":29.0,"key":"Regen Potion"},{"floor":35.0,"key":"Regen Potion"},{"floor":36.0,"key":"SkillPotion"},{"floor":45,"key":"ColorlessPotion"}],"is_trial":false,"path_per_floor":["M","?","T","M","?","E","R","?","T","M","E","M","M","?","R","B",null,"M","?","M","?","?","E","M","M","T","M","$","M","$","M","R","B",null,"M","?","?","M","$","E","?","M","T","?","M","M","M","M","R","B",null,"R","$","E","B",null],"character_chosen":"ASTROLOGER","items_purchased":["Iron Hammer","astrologer:CosmicExpanse","astrologer:Death","astrologer:Prismatic","DemoMod:LeadSkinPotion"],"campfire_rested":0,"item_purchase_floors":[28,39,39,53,53],"current_hp_per_floor":[70,70,70,70,70,59,59,59,59,59,58,53,51,34,34,12,70,59,59,59,59,59,49,43,53,53,44,44,44,44,50,50,34,70,66,78,78,78,78,86,75,75,75,75,72,70,56,56,51,52,70,70,70,61,56],"gold":111,"neow_bonus":"RANDOM_COLORLESS_2","is_daily":false,"chose_seed":false,"campfire_upgraded":3,"win_rate":0.0,"timestamp":1608775013,"path_taken":["M","?","?","M","?","E","R","?","T","M","E","M","?","?","R","BOSS","M","?","M","?","?","E","M","?","T","M","$","M","?","M","R","BOSS","M","?","?","M","?","E","?","?","T","?","M","M","?","M","R","BOSS","R","$","E","BOSS"],"items_purchased_type":["Relic","Card","Card","Card","Undefined"],"build_version":"2020-12-22","purchased_purges":2,"victory":true,"max_hp_per_floor":[70,70,70,70,70,70,70,70,70,70,70,70,70,70,70,70,70,70,70,70,70,70,70,70,70,70,70,70,70,70,70,70,70,70,70,78,78,78,78,86,86,78,78,78,78,78,78,70,70,70,70,70,70,62,62],"card_choices":[{"not_picked":["Magnetism","Poisoned Strike"],"picked":"Secret Weapon","floor":0.0},{"not_picked":["astrologer:Opposition","astrologer:Radiance","astrologer:Observe"],"picked":"SKIP","floor":1.0},{"not_picked":["astrologer:Opposition","astrologer:SolarFlare"],"picked":"astrologer:Glimpse","floor":4.0},{"not_picked":["astrologer:Eclipse","astrologer:ReadTheStars"],"picked":"astrologer:Confirmation","floor":6.0},{"not_picked":["astrologer:Still","astrologer:Prestidigitation"],"picked":"astrologer:LonelyStar","floor":10.0},{"not_picked":["astrologer:CometStrike","astrologer:Radiance"],"picked":"astrologer:TheEmperor","floor":11.0},{"not_picked":["astrologer:SolarFlare","astrologer:TheHighPriestess"],"picked":"astrologer:Trine","floor":12.0},{"not_picked":["astrologer:Moonlight","astrologer:MeteorShower","astrologer:Shine"],"picked":"SKIP","floor":13.0},{"not_picked":["astrologer:RejectReality","astrologer:HeatDeath"],"picked":"astrologer:DarkMatter","floor":16.0},{"not_picked":["astrologer:CometStrike","astrologer:MeteorShower","astrologer:Opposition"],"picked":"astrologer:StarOfMisfortune","floor":18.0},{"not_picked":["astrologer:Still","astrologer:StarOfMisfortune","astrologer:Sunrise"],"picked":"astrologer:Fireball","floor":20.0},{"not_picked":["astrologer:Still","astrologer:TheLovers","astrologer:Eclipse"],"picked":"astrologer:Stardust","floor":23.0},{"not_picked":["astrologer:ReadTheStars","astrologer:Stardust","astrologer:Eclipse"],"picked":"astrologer:Strength","floor":24.0},{"not_picked":["astrologer:SolarFlare","astrologer:Premeditation","astrologer:MeteorShower"],"picked":"astrologer:Conjunction+1","floor":25.0},{"not_picked":["astrologer:Opposition","astrologer:Still+1","astrologer:Eclipse"],"picked":"astrologer:Moonlight","floor":27.0},{"not_picked":["astrologer:Stardust","astrologer:HeatDeath","astrologer:Still"],"picked":"astrologer:ShootingStar","floor":29.0},{"not_picked":["astrologer:Still","astrologer:SolarFlare","astrologer:Conjunction+1"],"picked":"astrologer:SpaceDust","floor":31.0},{"not_picked":["astrologer:Alignment","astrologer:Trine","astrologer:TheSun"],"picked":"astrologer:TheWorld","floor":33.0},{"not_picked":["astrologer:Opposition","astrologer:FrozenStar","astrologer:ReadTheStars"],"picked":"astrologer:Moonlight+1","floor":35.0},{"not_picked":["astrologer:Conjunction+1","astrologer:SolarFlare+1","astrologer:Opposition+1"],"picked":"astrologer:Alignment","floor":36.0},{"not_picked":["astrologer:Stardust","astrologer:StarOfMisfortune","astrologer:MeteorShower","astrologer:Judgement"],"picked":"SKIP","floor":38.0},{"not_picked":["astrologer:ReadTheStars","astrologer:Conjunction+1","astrologer:TheHangedMan","astrologer:Stardust+1"],"picked":"SKIP","floor":40.0},{"not_picked":["astrologer:SpaceDust","astrologer:MeteorShower","astrologer:SolarFlare+1"],"picked":"hubris:SpiceAddiction","floor":42.0},{"not_picked":["hubris:SpiceAddiction","astrologer:SpaceDust+1","astrologer:TheEmpress"],"picked":"astrologer:RejectReality","floor":45},{"not_picked":["astrologer:Still+1","astrologer:StarOfChange","astrologer:Fireball","astrologer:FrozenStar+1"],"picked":"SKIP","floor":46},{"not_picked":["astrologer:TheHermit","astrologer:GlassStar+1","astrologer:Still+1","astrologer:Stardust"],"picked":"SKIP","floor":47},{"not_picked":["astrologer:Opposition","astrologer:TheMagician","astrologer:MeteorShower+1"],"picked":"hubris:SpiceAddiction","floor":48},{"not_picked":["Purity","ReplayTheSpireMod:Private Reserves","Thinking Ahead"],"picked":"ReplayTheSpireMod:Brewmster","floor":49},{"not_picked":["jedi:LeechingStrike","Trip","Midas Touch"],"picked":"Survey Options","floor":49},{"not_picked":["astrologer:Sunrise+1","astrologer:Radiance","astrologer:ShiningStar+1"],"picked":"hubris:SpiceAddiction","floor":54}],"player_experience":128203,"relics_obtained":[{"floor":3.0,"key":"DemoMod:BlueGuonStone"},{"floor":6.0,"key":"DemoMod:WhiteGuonStone"},{"floor":11.0,"key":"jedi:archwizardhat"},{"floor":23.0,"key":"ReplayTheSpireMod:Lightbulb"},{"floor":26.0,"key":"DemoMod:PartiallyEatenCheese"},{"floor":36.0,"key":"hubris:Spice"},{"floor":40.0,"key":"hubris:Spice"},{"floor":43.0,"key":"Oddly Smooth Stone"},{"floor":54,"key":"hubris:ToyBattleship"}],"event_choices":[{"damage_healed":0.0,"max_hp_gain":0.0,"max_hp_loss":0.0,"gold_gain":0.0,"cards_transformed":["astrologer:Strike"],"event_name":"Living Wall","player_choice":"Change","floor":5.0,"gold_loss":0.0,"damage_taken":0.0,"cards_obtained":["astrologer:TheSun"]},{"damage_healed":0.0,"max_hp_gain":0.0,"max_hp_loss":0.0,"gold_gain":100.0,"event_name":"Golden Shrine","player_choice":"Pray","floor":8.0,"gold_loss":0.0,"damage_taken":0.0},{"damage_healed":0.0,"max_hp_gain":0.0,"max_hp_loss":0.0,"gold_gain":0.0,"event_name":"Golden Idol","player_choice":"Take Damage","floor":14.0,"gold_loss":0.0,"damage_taken":17.0,"relics_obtained":["Golden Idol"]},{"damage_healed":0.0,"max_hp_gain":0.0,"max_hp_loss":0.0,"gold_gain":0.0,"event_name":"爱的神圣花园","player_choice":"Choice 2","floor":19.0,"gold_loss":0.0,"damage_taken":0.0,"relics_obtained":["alterego_mod:SomeoneToFightFor"]},{"cards_removed":["astrologer:Strike"],"damage_healed":0.0,"max_hp_gain":0.0,"max_hp_loss":0.0,"gold_gain":0.0,"event_name":"Beggar","player_choice":"Gave Gold","floor":21.0,"gold_loss":75.0,"damage_taken":0.0},{"damage_healed":0.0,"max_hp_gain":0.0,"max_hp_loss":0.0,"gold_gain":0.0,"event_name":"Accursed Blacksmith","player_choice":"Rummage","floor":22.0,"gold_loss":0.0,"damage_taken":0.0,"relics_obtained":["WarpedTongs"],"cards_obtained":["Pain"]},{"damage_healed":0.0,"max_hp_gain":0.0,"max_hp_loss":0.0,"gold_gain":0.0,"event_name":"MindBloom","player_choice":"Fight","floor":36.0,"gold_loss":0.0,"damage_taken":0.0},{"damage_healed":0.0,"max_hp_gain":0.0,"max_hp_loss":0.0,"gold_gain":0.0,"event_name":"Winding Halls","player_choice":"Embrace Madness","floor":41.0,"gold_loss":0.0,"damage_taken":11.0,"cards_obtained":["Madness","Madness"]},{"damage_healed":0.0,"max_hp_gain":0.0,"max_hp_loss":0.0,"gold_gain":0.0,"event_name":"Duplicator","player_choice":"Copied","floor":44.0,"gold_loss":0.0,"damage_taken":0.0,"cards_obtained":["astrologer:Fireball"]},{"damage_healed":0,"gold_gain":0,"player_choice":"Memory 2","damage_taken":5,"max_hp_gain":0,"max_hp_loss":0,"event_name":"SensoryStone","floor":49,"gold_loss":0}],"is_beta":false,"boss_relics":[{"not_picked":["Runic Dome","Cursed Key"],"picked":"Honey Jar"},{"not_picked":["hubris:CrackedHourglass","Velvet Choker"],"picked":"Snecko Heart"}],"items_purged_floors":[28,39],"is_endless":false,"potions_floor_spawned":[4,6,13,16,24,27,29,35,36,45,46,47],"ascension_level":0}}