{"host":"iphsb0ccnjx0pfn6","time":1608772345,"event":{"mods":["2.2 Compatiblity","AchievementEnabler","BaseMod","Colored Map","DeckTracker","Keyboard Shortcuts","Minty Spire (QoL Compilation)","Permanent Neow","Quick Restart","Relic Stats","StSLib","SuperFastMode","Uncapped","everything is the same but u backflip on backflip"],"gold_per_floor":[119,119,137,150,75,75,91,103,103,103,103,103,123,144,144,233,233,247,270,270,270],"floor_reached":20,"playtime":441,"items_purged":["Strike_R"],"score":336,"play_id":"30ceaefa-e07f-40dc-ba4a-18d0b8dd25db","local_time":"20201224101225","is_ascension_mode":true,"campfire_choices":[{"data":"Bash","floor":6,"key":"SMITH"},{"data":"Dropkick","floor":15,"key":"SMITH"}],"circlet_count":0,"master_deck":["AscendersBane","Strike_R","Strike_R","Strike_R","Defend_R","Defend_R","Defend_R","Bash+1","Sentinel","Dropkick+1","Ghostly Armor","Burning Pact","Shrug It Off","Evolve","Bludgeon","Fiend Fire"],"relics":["Burning Blood","Golden Idol","Kunai","Runic Dome"],"acts_visited":["Exordium","TheCity"],"potions_floor_usage":[16,20],"damage_taken":[{"damage":8,"enemies":"2 Louse","floor":1,"turns":3},{"damage":9,"enemies":"Small Slimes","floor":3,"turns":6},{"damage":0,"enemies":"Cultist","floor":4,"turns":3},{"damage":0,"enemies":"Exordium Wildlife","floor":7,"turns":3},{"damage":4,"enemies":"Looter","floor":8,"turns":3},{"damage":4,"enemies":"2 Fungi Beasts","floor":13,"turns":4},{"damage":11,"enemies":"Large Slime","floor":14,"turns":7},{"damage":38,"enemies":"Slime Boss","floor":16,"turns":9},{"damage":23,"enemies":"Shell Parasite","floor":18,"turns":6},{"damage":18,"enemies":"Chosen","floor":19,"turns":5},{"damage":24,"enemies":"Shelled Parasite and Fungi","floor":20,"turns":2}],"seed_played":"-5006461492834981363","potions_obtained":[{"floor":1,"key":"PowerPotion"},{"floor":4,"key":"Strength Potion"},{"floor":19,"key":"DistilledChaos"}],"is_trial":false,"path_per_floor":["M","?","M","M","$","R","M","M","T","?","?","?","M","M","R","B",null,"M","M","M"],"character_chosen":"IRONCLAD","items_purchased":[],"campfire_rested":0,"item_purchase_floors":[],"current_hp_per_floor":[66,66,63,68,68,68,68,68,68,62,51,56,58,53,53,21,52,35,23,0,0],"gold":270,"neow_bonus":"TRANSFORM_TWO_CARDS","is_daily":false,"chose_seed":false,"campfire_upgraded":2,"win_rate":0.0,"timestamp":1608772345,"path_taken":["M","?","M","M","$","R","M","M","T","?","?","?","M","M","R","BOSS","M","M","M"],"items_purchased_type":[],"build_version":"2020-12-22","purchased_purges":1,"victory":false,"max_hp_per_floor":[68,68,68,68,68,68,68,68,68,62,62,62,62,62,62,62,62,62,62,62,62],"relic_stats":{"counters":[11,51],"Golden Idol":34,"Kunai":[6],"obtain_stats":[{"Runic Dome":17,"Golden Idol":10,"Kunai":11,"Burning Blood":0},{"Runic Dome":8,"Golden Idol":5,"Kunai":5,"Burning Blood":0},{"Runic Dome":38,"Golden Idol":18,"Kunai":18,"Burning Blood":0}],"Burning Blood":51},"card_choices":[{"not_picked":["Spot Weakness","Armaments"],"picked":"Dropkick","floor":1},{"not_picked":["Disarm","True Grit"],"picked":"Ghostly Armor","floor":3},{"not_picked":["Wild Strike","Twin Strike"],"picked":"Burning Pact","floor":4},{"not_picked":["Second Wind","Flex"],"picked":"Shrug It Off","floor":7},{"not_picked":["Iron Wave","Clothesline"],"picked":"Evolve","floor":8},{"not_picked":["Thunderclap","Sword Boomerang"],"picked":"Bludgeon","floor":13},{"not_picked":["Wild Strike","Heavy Blade","Anger"],"picked":"SKIP","floor":14},{"not_picked":["Limit Break","Brutality"],"picked":"Fiend Fire","floor":16},{"not_picked":["Dark Embrace","Warcry","Thunderclap"],"picked":"SKIP","floor":18},{"not_picked":["Shrug It Off","Sever Soul","Shockwave"],"picked":"SKIP","floor":19}],"player_experience":1255403,"relics_obtained":[],"event_choices":[{"damage_healed":0,"gold_gain":0,"player_choice":"Ignored","damage_taken":0,"max_hp_gain":0,"max_hp_loss":0,"event_name":"Liars Game","floor":2,"gold_loss":0},{"damage_healed":0,"gold_gain":0,"player_choice":"Lose Max HP","damage_taken":0,"relics_obtained":["Golden Idol"],"max_hp_gain":0,"max_hp_loss":6,"event_name":"Golden Idol","floor":10,"gold_loss":0},{"damage_healed":0,"gold_gain":0,"player_choice":"Success","damage_taken":11,"relics_obtained":["Kunai"],"max_hp_gain":0,"max_hp_loss":0,"event_name":"Scrap Ooze","floor":11,"gold_loss":0},{"cards_removed":["Havoc"],"damage_healed":5,"gold_gain":0,"player_choice":"Offered Common","damage_taken":0,"max_hp_gain":0,"max_hp_loss":0,"event_name":"Bonfire Elementals","floor":12,"gold_loss":0},{"cards_removed":["Havoc"],"damage_healed":5,"gold_gain":0,"player_choice":"Offered Special","damage_taken":0,"max_hp_gain":0,"max_hp_loss":0,"event_name":"Bonfire Elementals","floor":12,"gold_loss":0}],"is_beta":false,"boss_relics":[{"not_picked":["Ectoplasm","Calling Bell"],"picked":"Runic Dome"}],"items_purged_floors":[5],"is_endless":false,"potions_floor_spawned":[1,4,7,8,19],"killed_by":"Shelled Parasite and Fungi","ascension_level":20}}