{"host":"swfi5d1pbdyvl8hq","time":1608814940,"event":{"mods":["ATMod(°¢èªMod)","Act Like it!","BaseMod","Minty Spire (QoL Compilation)","MostiFishMod","StSLib","The Cursed","The Jungle"],"gold_per_floor":[114,132,151,151,151,151,167,194,268,298,6,6,19,49,49,144,144,144,144],"floor_reached":18,"playtime":1314,"items_purged":["Strike_B"],"score":370,"play_id":"2689b9c7-a8f4-4b9d-92fe-cbace1c77fc2","local_time":"20201224210220","is_ascension_mode":true,"campfire_choices":[{"floor":6,"key":"RECALL"},{"data":"MostiFishMod:IntelligentEquipment","floor":15,"key":"SMITH"}],"circlet_count":0,"master_deck":["Strike_B","Strike_B","Strike_B","Defend_B","Defend_B","Zap","Dualcast","MostiFishMod:IntelligentEquipment+1","AT_KneejerkReflex","Ball Lightning","Turbo","Beam Cell","MostiFishMod:Distribution","MostiFishMod:Impulse+1","AT_ThreeBodyProblem","MostiFishMod:FluxCapactior+1","MostiFishMod:LinkProtocol+1","Electrodynamics"],"relics":["Cracked Core","DaveBox","AT_ATBox","BionicSphere","SynthV:TestCard","Ice Cream","Potion Belt","Toxic Egg 2","ImprovedEquipment","AT_BellDemon","SynthV:C4","Pantograph","Gremlin Horn","Bottled Tornado","Nunchaku","NightmareShop"],"acts_visited":["Exordium","Exordium"],"potions_floor_usage":[13,16],"damage_taken":[{"damage":0,"enemies":"Small Slimes","floor":1,"turns":2},{"damage":0,"enemies":"2 Louse","floor":2,"turns":2},{"damage":0,"enemies":"Cultist","floor":3,"turns":3},{"damage":0,"enemies":"2 Fungi Beasts","floor":7,"turns":3},{"damage":15,"enemies":"Lagavulin","floor":8,"turns":4},{"damage":0,"enemies":"3 Sentries","floor":10,"turns":5},{"damage":0,"enemies":"Exordium Wildlife","floor":13,"turns":3},{"damage":37,"enemies":"Gremlin Nob","floor":14,"turns":4},{"damage":0,"enemies":"Slime Boss","floor":16,"turns":4},{"damage":67,"enemies":"Shell Parasite","floor":18,"turns":3}],"seed_played":"-2161428391450989541","potions_obtained":[{"floor":1,"key":"Swift Potion"},{"floor":8,"key":"LiquidMemories"},{"floor":10,"key":"Explosive Potion"},{"floor":16,"key":"FocusPotion"}],"is_trial":false,"path_per_floor":["M","M","M","?","?","R","M","E","T","E","$","?","M","E","R","B",null,"M"],"character_chosen":"DEFECT","items_purchased":["AT_BellDemon","AT_ThreeBodyProblem"],"campfire_rested":0,"item_purchase_floors":[11,11],"current_hp_per_floor":[68,68,68,61,61,61,61,46,46,46,46,39,39,2,2,27,63,0,0],"gold":144,"neow_bonus":"TRANSFORM_CARD","is_daily":false,"chose_seed":false,"campfire_upgraded":1,"win_rate":0.0,"timestamp":1608814940,"path_taken":["M","M","M","?","?","R","?","E","T","E","$","?","M","E","R","BOSS","M"],"items_purchased_type":["Relic","Card"],"build_version":"2020-12-22","purchased_purges":1,"victory":false,"max_hp_per_floor":[75,75,75,75,75,75,75,75,75,75,75,75,75,75,75,75,75,75,75],"card_choices":[{"not_picked":["MostiFishMod:ReprogramOld","Cold Snap","Redo"],"picked":"SKIP","floor":1},{"not_picked":["Gash","Leap","Rip and Tear","Reinforced Body"],"picked":"Ball Lightning","floor":2},{"not_picked":["Redo","Hologram","Stack","Chill"],"picked":"Turbo","floor":3},{"not_picked":["Blizzard","FTL","Loop","Stack"],"picked":"Beam Cell","floor":7},{"not_picked":["Darkness","Rebound","Compile Driver","Go for the Eyes"],"picked":"MostiFishMod:Distribution","floor":8},{"not_picked":["Capacitor","Reprogram+1","MostiFishMod:PushDownKick","Rip and Tear"],"picked":"MostiFishMod:Impulse+1","floor":10},{"not_picked":["Fusion+1","Chaos+1","Ball Lightning","Coolheaded+1"],"picked":"MostiFishMod:FluxCapactior+1","floor":13},{"not_picked":["Glacier+1","Sweeping Beam","Redo+1","Undo+1"],"picked":"MostiFishMod:LinkProtocol+1","floor":14},{"not_picked":["All For One","Hyperbeam","MostiFishMod:Hijack+1","Reboot+1"],"picked":"Electrodynamics","floor":16}],"player_experience":564956,"relics_obtained":[{"floor":1,"key":"SynthV:TestCard"},{"floor":8,"key":"Potion Belt"},{"floor":9,"key":"Toxic Egg 2"},{"floor":10,"key":"ImprovedEquipment"},{"floor":13,"key":"Pantograph"},{"floor":14,"key":"Gremlin Horn"},{"floor":14,"key":"Bottled Tornado"},{"floor":16,"key":"Nunchaku"}],"event_choices":[{"cards_removed":["Defend_B"],"damage_healed":0,"gold_gain":0,"player_choice":"Card Removal","damage_taken":7,"max_hp_gain":0,"max_hp_loss":0,"event_name":"Golden Wing","floor":4,"gold_loss":0},{"damage_healed":0,"gold_gain":0,"player_choice":"Gave Potion","damage_taken":0,"relics_obtained":["Ice Cream"],"max_hp_gain":0,"max_hp_loss":0,"event_name":"WeMeetAgain","floor":5,"gold_loss":0},{"damage_healed":0,"gold_gain":0,"player_choice":"Success","damage_taken":7,"relics_obtained":["SynthV:C4"],"max_hp_gain":0,"max_hp_loss":0,"event_name":"Scrap Ooze","floor":12,"gold_loss":0}],"is_beta":false,"boss_relics":[{"not_picked":["TimeKeys","Pandora\u0027s Box"],"picked":"NightmareShop"}],"items_purged_floors":[11],"is_endless":false,"potions_floor_spawned":[1,8,10,16],"killed_by":"Shell Parasite","ascension_level":9}}