{"host":"jjz4szgmev061tnm","time":1608801859,"event":{"mods":["Act Like it!","BaseMod","Gensokyo","KinomotoSakuraMod(ƒæ÷Æ±æ”£)","Marisa£®ÏF”Í°°ƒß¿Ì…≥£©","Minty Spire (QoL Compilation)","Shop Mod","StSLib","WarShipGirlsR/’ΩΩ¢…Ÿ≈ÆR mod","Youmu£®ªÍ∆«—˝√Œ£©"],"gold_per_floor":[3000,2555,2415,2415,2415,2446,2446,2457,2483,2483,2498,2523,2538,2554,2554,2656,2656,2670,2670,2275,2295,2295,2308,2319,2319,2319],"floor_reached":25,"playtime":1418,"items_purged":["Defend_YM"],"score":313,"play_id":"66db8e6a-e3d2-45bd-ba54-b1f588d39ca3","local_time":"20201224172419","is_ascension_mode":false,"campfire_choices":[{"data":"HesitationCuttingSword","floor":7,"key":"SMITH"},{"data":"SuddenPhantomFormationSlashOfKarmicWind","floor":15,"key":"SMITH"}],"circlet_count":0,"master_deck":["Strike_YM","Strike_YM","Strike_YM","Strike_YM","Defend_YM","Defend_YM","Defend_YM","SlashOfPresentWorld","WheelOfPainOfLivingAndDead","KarmicPunishmentOfTheIdleAndUnfocused","HellFireSword","SuddenDivineSeveringOfKarmicWind","CherryBlossomFlashing","SwordOfBindingDesires","HesitationCuttingSword+1","SwordExtraction","HumanRealmSword","TransmigrationSlash","SuddenPhantomFormationSlashOfKarmicWind+1","HeavenSword","CrescentMoonSlash+1","SlashOfSaigyouSpringWind","HiganSword","DispleasureOfTheSevenHakus","FourBirthsSword","PhosphoricSlash+1"],"relics":["HalfPhantom","NeowsBlessing","Sling","Strange Spoon","Orrery","TungstenRod","Strawberry","CaptainsWheel","Orichalcum","Molten Egg 2","Dream Catcher","Philosopher\u0027s Stone","Gensokyo:MosesMiracle","Mummified Hand"],"acts_visited":["Exordium","Gensokyo:Gensokyo"],"potions_floor_usage":[12,16],"damage_taken":[{"damage":0,"enemies":"Gensokyo:Gryphon","floor":1,"turns":1},{"damage":0,"enemies":"Gensokyo:Aya","floor":6,"turns":1},{"damage":0,"enemies":"Gensokyo:3_Fairies","floor":8,"turns":2},{"damage":0,"enemies":"Gensokyo:Python","floor":11,"turns":4},{"damage":0,"enemies":"Gensokyo:Mamizou","floor":12,"turns":6},{"damage":1,"enemies":"Gensokyo:VengefulSpirit","floor":13,"turns":6},{"damage":2,"enemies":"Gensokyo:3_Kodama","floor":14,"turns":4},{"damage":0,"enemies":"Gensokyo:Reimu","floor":16,"turns":8},{"damage":8,"enemies":"Gensokyo:AngelMirror","floor":18,"turns":3},{"damage":0,"enemies":"Gensokyo:Chomper","floor":21,"turns":4},{"damage":18,"enemies":"Gensokyo:Monolith_and_Dog","floor":23,"turns":4},{"damage":10,"enemies":"Gensokyo:Mirror_and_Dog","floor":24,"turns":3},{"damage":48,"enemies":"Gensokyo:3_Gloops","floor":25,"turns":5}],"seed_played":"-105440577912434430","potions_obtained":[{"floor":1,"key":"Dexterity Potion"},{"floor":6,"key":"Fire Potion"},{"floor":11,"key":"BlessingOfTheForge"},{"floor":12,"key":"ColorlessPotion"},{"floor":16,"key":"Strength Potion"}],"is_trial":false,"path_per_floor":["M","COS","?","?","?","E","R","M","T","T","M","E","M","M","R","B",null,"M","?","$","M","?","M","M","M"],"character_chosen":"YOUMU","items_purchased":["Mummified Hand","HiganSword"],"campfire_rested":0,"item_purchase_floors":[20,20],"current_hp_per_floor":[75,75,75,73,73,73,73,73,73,73,73,73,81,79,79,79,82,74,74,74,74,74,56,46,0,0],"gold":2319,"neow_bonus":"THREE_ENEMY_KILL","is_daily":false,"chose_seed":false,"campfire_upgraded":2,"win_rate":0.0,"timestamp":1608801859,"path_taken":["M","COS","?","?","?","E","R","M","T","?","M","E","M","M","R","BOSS","M","?","$","M","?","M","?","M"],"items_purchased_type":["Relic","Card"],"build_version":"2020-12-22","purchased_purges":1,"victory":false,"max_hp_per_floor":[75,75,75,82,82,82,82,82,82,82,82,82,82,82,82,82,82,82,82,82,82,82,82,82,82,82],"card_choices":[{"not_picked":["TurningAngelCut","LotusPostureSlash"],"picked":"KarmicPunishmentOfTheIdleAndUnfocused","floor":1},{"not_picked":["LowerRealmReflectionSlash","DispleasureOfTheSevenHakus"],"picked":"HellFireSword","floor":2},{"not_picked":["FiveSignsOfTheDyingDeva","DispleasureOfTheSevenHakus"],"picked":"SuddenDivineSeveringOfKarmicWind","floor":2},{"not_picked":["SlashOfAscensionToBuddhahood","LowerRealmReflectionSlash"],"picked":"CherryBlossomFlashing","floor":2},{"not_picked":["HeavenlyHaloSlash","SpiritCuttingSword"],"picked":"SwordOfBindingDesires","floor":2},{"not_picked":["DispleasureOfTheSevenHakus","FantasyOfEnteringEnlightenment"],"picked":"HesitationCuttingSword","floor":2},{"not_picked":["FourBirthsSword","CrescentMoonSlash"],"picked":"SwordExtraction","floor":5},{"not_picked":["SanzenSekai","SlashOfMeditation"],"picked":"HumanRealmSword","floor":5},{"not_picked":["PreachingAvici","IrresoluteSoul"],"picked":"TransmigrationSlash","floor":6},{"not_picked":["SlashOfMeditation","HumanKnowledgeSword","LowerRealmReflectionSlash"],"picked":"SKIP","floor":8},{"not_picked":["SwordOfBindingDesires","SanzenSekai+1","LifeCuttingSword+1"],"picked":"SKIP","floor":11},{"not_picked":["SpiritCuttingSword","PhosphoricSlash+1"],"picked":"SuddenPhantomFormationSlashOfKarmicWind","floor":12},{"not_picked":["PhosphoricSlash+1","SwordOfBindingDesires"],"picked":"HeavenSword","floor":13},{"not_picked":["SanzenSekai+1","SwordOfBindingDesires"],"picked":"CrescentMoonSlash+1","floor":14},{"not_picked":["HeavenSword","AsuraSword"],"picked":"SlashOfSaigyouSpringWind","floor":16},{"not_picked":["ObsessionSword","HumanKnowledgeSword+1","TurningAngelCut"],"picked":"SKIP","floor":18},{"not_picked":["BizarrenessOfSixRealms","SwordOfBindingDesires+1"],"picked":"DispleasureOfTheSevenHakus","floor":21},{"not_picked":["LifeCuttingSword+1","FlashingScatteredFlowers+1"],"picked":"FourBirthsSword","floor":23},{"not_picked":["SwordOfBindingDesires","HumanKnowledgeSword+1"],"picked":"PhosphoricSlash+1","floor":24}],"player_experience":215916,"relics_obtained":[{"floor":6,"key":"CaptainsWheel"},{"floor":9,"key":"Orichalcum"},{"floor":10,"key":"Molten Egg 2"},{"floor":12,"key":"Dream Catcher"},{"floor":24,"key":"Gensokyo:MosesMiracle"}],"event_choices":[],"is_beta":false,"boss_relics":[{"not_picked":["Coffee Dripper","Velvet Choker"],"picked":"Philosopher\u0027s Stone"}],"items_purged_floors":[20],"is_endless":false,"potions_floor_spawned":[1,6,11,12,16],"killed_by":"Gensokyo:3_Gloops","ascension_level":0}}