{"host":"sav7uxregyirlf69","time":1608826545,"event":{"mods":["AchievementEnabler","BaseMod","Colored Map","DeckTracker","Keyboard Shortcuts","Minty Spire (QoL Compilation)","READ ME - Guardian Mod","StSLib","SuperFastMode"],"gold_per_floor":[118,137,137,156,169,169,186,59,59,79,79,79,79,91,91,186,186,186,186,186,186,39,39,39,39,39,39,39,39,39,39,39,39,39,39,39,39,39,39,39,39,39,39,39,39,39,39,39,39,39,39,39,39,39,39],"floor_reached":56,"playtime":1785,"items_purged":["Strike_G","Strike_G"],"score":1448,"play_id":"815da9bf-ffcd-4df2-8e3b-9ee4206e6ae5","local_time":"20201225011545","daily_mods":["Heirloom"],"is_ascension_mode":true,"campfire_choices":[{"data":"Dagger Throw","floor":6.0,"key":"SMITH"},{"data":"Adrenaline","floor":11.0,"key":"SMITH"},{"data":"Dagger Throw","floor":13.0,"key":"SMITH"},{"data":"Concentrate","floor":15.0,"key":"SMITH"},{"data":"Prepared","floor":23,"key":"SMITH"},{"data":"Reflex","floor":25,"key":"SMITH"},{"data":"Tactician","floor":32,"key":"SMITH"},{"floor":49,"key":"RECALL"},{"data":"Acrobatics","floor":52,"key":"SMITH"}],"circlet_count":0,"master_deck":["Strike_G","Strike_G","Defend_G","Defend_G","Defend_G","Defend_G","Defend_G","Survivor","Neutralize","Acrobatics","Dagger Throw+1","Adrenaline+1","Dagger Throw+1","Concentrate+1","Backflip","Reflex+1","Underhanded Strike","Prepared+1","Tactician+1","Eviscerate+1","Acrobatics+1","Escape Plan","After Image","Escape Plan+1","Purity","Reflex+1"],"relics":["Ring of the Snake","Tingsha","Ice Cream","Ectoplasm","The Courier","Prayer Wheel","Du-Vu Doll","HoveringKite","Boot","Smiling Mask","Blue Candle"],"acts_visited":["Exordium","TheCity","TheBeyond","TheEnding"],"potions_floor_usage":[33,50,55,55,55,55,55],"damage_taken":[{"damage":0.0,"enemies":"2 Louse","floor":1.0,"turns":4.0},{"damage":5.0,"enemies":"Small Slimes","floor":2.0,"turns":3.0},{"damage":0.0,"enemies":"Cultist","floor":4.0,"turns":3.0},{"damage":6.0,"enemies":"Exordium Wildlife","floor":5.0,"turns":5.0},{"damage":8.0,"enemies":"Gremlin Gang","floor":7.0,"turns":4.0},{"damage":1.0,"enemies":"Red Slaver","floor":10.0,"turns":2.0},{"damage":1.0,"enemies":"Blue Slaver","floor":14.0,"turns":2.0},{"damage":32.0,"enemies":"Slime Boss","floor":16.0,"turns":8.0},{"damage":0.0,"enemies":"Spheric Guardian","floor":18.0,"turns":2.0},{"damage":2.0,"enemies":"Shell Parasite","floor":19.0,"turns":3.0},{"damage":0,"enemies":"Shelled Parasite and Fungi","floor":21,"turns":3},{"damage":8,"enemies":"Gremlin Leader","floor":24,"turns":3},{"damage":0,"enemies":"Book of Stabbing","floor":27,"turns":2},{"damage":0,"enemies":"Snake Plant","floor":29,"turns":3},{"damage":1,"enemies":"Cultist and Chosen","floor":30,"turns":3},{"damage":0,"enemies":"3 Cultists","floor":31,"turns":2},{"damage":9,"enemies":"Automaton","floor":33,"turns":3},{"damage":0,"enemies":"3 Shapes","floor":35,"turns":2},{"damage":0,"enemies":"Mind Bloom Boss Battle","floor":36,"turns":3},{"damage":0,"enemies":"3 Darklings","floor":37,"turns":1},{"damage":0,"enemies":"Giant Head","floor":40,"turns":4},{"damage":0,"enemies":"Sphere and 2 Shapes","floor":41,"turns":2},{"damage":0,"enemies":"4 Shapes","floor":42,"turns":3},{"damage":0,"enemies":"Writhing Mass","floor":44,"turns":2},{"damage":0,"enemies":"Nemesis","floor":46,"turns":3},{"damage":12,"enemies":"3 Darklings","floor":48,"turns":5},{"damage":0,"enemies":"Donu and Deca","floor":50,"turns":1},{"damage":0,"enemies":"Shield and Spear","floor":54,"turns":2},{"damage":62,"enemies":"The Heart","floor":55,"turns":6}],"seed_played":"-2848970601272034027","potions_obtained":[{"floor":2.0,"key":"PowerPotion"},{"floor":14.0,"key":"Explosive Potion"},{"floor":16.0,"key":"LiquidMemories"},{"floor":31,"key":"Fruit Juice"},{"floor":33,"key":"Strength Potion"},{"floor":40,"key":"EntropicBrew"}],"is_trial":true,"path_per_floor":["M","M","?","M","M","R","M","$","T","M","R","?","R","M","R","B",null,"M","M","?","M","$","R","E","R","T","E","?","M","M","M","R","B",null,"M","?","M","?","?","E","M","M","T","M","?","E","?","M","R","B",null,"R","$","E","B",null],"character_chosen":"THE_SILENT","items_purchased":["Dagger Throw","Prepared"],"campfire_rested":0,"item_purchase_floors":[8,22],"current_hp_per_floor":[70,65,65,65,59,59,51,51,51,50,50,50,50,49,49,17,70,70,68,68,68,68,68,60,60,60,60,47,47,46,46,46,42,80,80,80,80,70,70,70,70,70,70,70,70,70,70,58,58,58,76,76,76,76,14],"gold":39,"neow_bonus":"","is_daily":false,"chose_seed":false,"campfire_upgraded":8,"win_rate":0.0,"timestamp":1608826545,"path_taken":["M","M","?","M","M","R","M","$","T","M","R","?","R","M","R","BOSS","M","?","?","?","?","R","E","R","T","E","?","M","M","M","R","BOSS","M","?","M","?","?","E","?","M","T","M","?","E","?","M","R","BOSS","R","$","E","BOSS"],"items_purchased_type":["Card","Card"],"build_version":"2020-12-22","purchased_purges":2,"victory":true,"max_hp_per_floor":[70,70,70,70,70,70,70,70,70,70,70,70,70,70,70,70,70,70,70,70,70,70,70,70,70,70,70,75,75,75,75,75,80,80,80,80,80,80,80,80,80,80,80,80,76,76,76,76,76,76,76,76,76,76,76],"card_choices":[{"not_picked":["Sucker Punch","Underhanded Strike"],"picked":"Acrobatics","floor":1.0},{"not_picked":["Quick Slash","Acrobatics","PiercingWail"],"picked":"SKIP","floor":2.0},{"not_picked":["Sucker Punch","Heel Hook","Outmaneuver"],"picked":"SKIP","floor":4.0},{"not_picked":["Endless Agony","Noxious Fumes"],"picked":"Adrenaline","floor":5.0},{"not_picked":["Acrobatics","Backflip","PiercingWail"],"picked":"SKIP","floor":7.0},{"not_picked":["Grand Finale","Deadly Poison","Setup"],"picked":"SKIP","floor":10.0},{"not_picked":["Quick Slash","Flying Knee"],"picked":"Concentrate","floor":14.0},{"not_picked":["Poisoned Stab","Masterful Stab","Dash"],"picked":"SKIP","floor":18.0},{"not_picked":["Outmaneuver","Cloak And Dagger"],"picked":"Backflip","floor":19.0},{"not_picked":["Slice","Deflect"],"picked":"Underhanded Strike","floor":21},{"not_picked":["Dodge and Roll","Backflip","Cloak And Dagger+1"],"picked":"SKIP","floor":24},{"not_picked":["Terror","Blade Dance+1"],"picked":"Tactician","floor":27},{"not_picked":["Burst","Slice","Dodge and Roll+1"],"picked":"SKIP","floor":29},{"not_picked":["Underhanded Strike","Blade Dance","Poisoned Stab+1"],"picked":"SKIP","floor":29},{"not_picked":["PiercingWail","Grand Finale"],"picked":"Eviscerate+1","floor":30},{"not_picked":["Dash","Bane+1"],"picked":"Acrobatics","floor":30},{"not_picked":["PiercingWail","Expertise"],"picked":"Escape Plan","floor":31},{"not_picked":["Acrobatics","Predator","Deflect"],"picked":"SKIP","floor":31},{"not_picked":["Corpse Explosion","Bullet Time"],"picked":"After Image","floor":33},{"not_picked":["Deadly Poison+1","Riddle With Holes","Slice+1"],"picked":"SKIP","floor":35},{"not_picked":["Outmaneuver","Quick Slash+1","Slice+1"],"picked":"SKIP","floor":35},{"not_picked":["Finisher+1","Endless Agony"],"picked":"Escape Plan+1","floor":37},{"not_picked":["Crippling Poison","Dodge and Roll","Wraith Form v2"],"picked":"SKIP","floor":37},{"not_picked":["Secret Weapon","Secret Technique"],"picked":"Purity","floor":38},{"not_picked":["Catalyst","Deflect+1","Prepared"],"picked":"SKIP","floor":40},{"not_picked":["Bane+1","Slice","Poisoned Stab"],"picked":"SKIP","floor":41},{"not_picked":["Setup+1","All Out Attack","Crippling Poison"],"picked":"SKIP","floor":41},{"not_picked":["Well Laid Plans+1","Slice"],"picked":"Reflex+1","floor":42},{"not_picked":["Dagger Throw+1","Sucker Punch+1","Dodge and Roll+1"],"picked":"SKIP","floor":42},{"not_picked":["Backflip","Distraction+1","Heel Hook+1"],"picked":"SKIP","floor":44},{"not_picked":["Poisoned Stab+1","Quick Slash","Blade Dance+1"],"picked":"SKIP","floor":44},{"not_picked":["Cloak And Dagger+1","Deflect","Underhanded Strike"],"picked":"SKIP","floor":46},{"not_picked":["Burst","Sucker Punch","Escape Plan"],"picked":"SKIP","floor":48},{"not_picked":["Sucker Punch","Poisoned Stab+1","Slice+1"],"picked":"SKIP","floor":48},{"not_picked":["Deadly Poison","Catalyst","Dagger Spray"],"picked":"SKIP","floor":54}],"player_experience":1005217,"relics_obtained":[{"floor":9.0,"key":"Ice Cream"},{"floor":24,"key":"The Courier"},{"floor":26,"key":"Prayer Wheel"},{"floor":27,"key":"Du-Vu Doll"},{"floor":40,"key":"Boot"},{"floor":46,"key":"Smiling Mask"},{"floor":54,"key":"Blue Candle"}],"event_choices":[{"damage_healed":0.0,"max_hp_gain":0.0,"max_hp_loss":0.0,"gold_gain":0.0,"cards_transformed":["Strike_G"],"event_name":"Living Wall","player_choice":"Change","floor":3.0,"gold_loss":0.0,"damage_taken":0.0,"cards_obtained":["Dagger Throw"]},{"damage_healed":0.0,"max_hp_gain":0.0,"max_hp_loss":0.0,"gold_gain":0.0,"event_name":"NoteForYourself","player_choice":"Ignored","floor":12.0,"gold_loss":0.0,"damage_taken":0.0},{"damage_healed":0,"gold_gain":0,"player_choice":"1 cards matched","damage_taken":0,"max_hp_gain":0,"max_hp_loss":0,"event_name":"Match and Keep!","floor":20,"gold_loss":0,"cards_obtained":["Reflex"]},{"damage_healed":0,"gold_gain":0,"player_choice":"Shed Blood","damage_taken":18,"max_hp_gain":5,"max_hp_loss":0,"event_name":"Forgotten Altar","floor":28,"gold_loss":0},{"damage_healed":0,"gold_gain":0,"player_choice":"Fight","damage_taken":0,"max_hp_gain":0,"max_hp_loss":0,"event_name":"MindBloom","floor":36,"gold_loss":0},{"damage_healed":0,"gold_gain":0,"player_choice":"Memory 3","damage_taken":10,"max_hp_gain":0,"max_hp_loss":0,"event_name":"SensoryStone","floor":38,"gold_loss":0},{"damage_healed":0,"gold_gain":100,"player_choice":"Pray","damage_taken":0,"max_hp_gain":0,"max_hp_loss":0,"event_name":"Golden Shrine","floor":39,"gold_loss":0},{"damage_healed":0,"gold_gain":0,"player_choice":"Max HP","damage_taken":0,"max_hp_gain":0,"max_hp_loss":4,"event_name":"Winding Halls","floor":45,"gold_loss":0},{"damage_healed":0,"gold_gain":0,"player_choice":"Ignored","damage_taken":0,"max_hp_gain":0,"max_hp_loss":0,"event_name":"SecretPortal","floor":47,"gold_loss":0}],"is_beta":false,"boss_relics":[{"not_picked":["Runic Dome","Velvet Choker"],"picked":"Ectoplasm"},{"not_picked":["Cursed Key","Pandora\u0027s Box"],"picked":"HoveringKite"}],"items_purged_floors":[8,22],"is_endless":false,"potions_floor_spawned":[2,14,16,21,29,31,33,36,40,42,48],"ascension_level":1}}