{"host":"x4x6fw95e6eqd4n0","time":1608769621,"event":{"mods":["AchievementEnabler","BaseMod","Colored Map","Colored Powertips","DeckTracker","Minty Spire (QoL Compilation)"],"gold_per_floor":[17,17,30,43,56,88,118,130,142,154,154],"floor_reached":10,"playtime":400,"items_purged":[],"score":74,"play_id":"cf87a816-a6da-4b58-ad24-7e4b72b61cca","local_time":"20201224022701","is_ascension_mode":true,"campfire_choices":[],"circlet_count":0,"master_deck":["Strike_B","Strike_B","Defend_B","Defend_B","Defend_B","Defend_B","Zap","Dualcast","Loop","Skim","Barrage","Sweeping Beam","Blizzard","Stack"],"relics":["Cracked Core","Mango","MawBank","Mummified Hand"],"acts_visited":["Exordium"],"potions_floor_usage":[6,6],"damage_taken":[{"damage":0,"enemies":"Small Slimes","floor":1,"turns":3},{"damage":1,"enemies":"Cultist","floor":3,"turns":3},{"damage":0,"enemies":"2 Louse","floor":4,"turns":3},{"damage":4,"enemies":"Blue Slaver","floor":5,"turns":4},{"damage":32,"enemies":"3 Sentries","floor":6,"turns":7},{"damage":10,"enemies":"Looter","floor":7,"turns":3},{"damage":45,"enemies":"Lagavulin","floor":10,"turns":8}],"seed_played":"8499084272167395839","potions_obtained":[{"floor":1,"key":"Block Potion"},{"floor":3,"key":"Strength Potion"}],"is_trial":false,"path_per_floor":["M","?","M","M","M","E","M","?","T","E"],"character_chosen":"DEFECT","items_purchased":[],"campfire_rested":0,"item_purchase_floors":[],"current_hp_per_floor":[89,89,88,88,84,52,42,42,42,0,0],"gold":154,"neow_bonus":"ONE_RARE_RELIC","is_daily":false,"chose_seed":false,"campfire_upgraded":0,"win_rate":0.0,"timestamp":1608769621,"path_taken":["M","?","M","?","M","E","M","?","T","E"],"items_purchased_type":[],"build_version":"2020-12-13","purchased_purges":0,"victory":false,"max_hp_per_floor":[89,89,89,89,89,89,89,89,89,89,89],"card_choices":[{"not_picked":["Force Field","Scrape"],"picked":"Loop","floor":1},{"not_picked":["Leap","Sweeping Beam"],"picked":"Skim","floor":3},{"not_picked":["Beam Cell","Go for the Eyes"],"picked":"Barrage","floor":4},{"not_picked":["Go for the Eyes","Stack"],"picked":"Sweeping Beam","floor":5},{"not_picked":["Fission","Leap"],"picked":"Blizzard","floor":6},{"not_picked":["Beam Cell","Reprogram"],"picked":"Stack","floor":7}],"player_experience":66437,"relics_obtained":[{"floor":6,"key":"MawBank"},{"floor":9,"key":"Mummified Hand"}],"event_choices":[{"cards_removed":["Strike_B"],"damage_healed":0,"gold_gain":0,"player_choice":"Purged","damage_taken":0,"max_hp_gain":0,"max_hp_loss":0,"event_name":"Purifier","floor":2,"gold_loss":0},{"cards_removed":["Strike_B"],"damage_healed":0,"gold_gain":0,"player_choice":"Forget","damage_taken":0,"max_hp_gain":0,"max_hp_loss":0,"event_name":"Living Wall","floor":8,"gold_loss":0}],"is_beta":false,"boss_relics":[],"items_purged_floors":[],"is_endless":false,"potions_floor_spawned":[1,3],"killed_by":"Lagavulin","ascension_level":1}}