{"host":"27tk4xseidcli2mr","time":1608833606,"event":{"mods":["2.2 Compatiblity","AchievementEnabler","Aspiration","BaseMod","Better Third Choice","Conspire","Custom Start","Hubris","Jorbs\u0027s Wanderer Trilogy","Minty Spire (QoL Compilation)","Replay The Spire","StSLib","SuperFastMode","[IsaacMod]????"],"gold_per_floor":[111,0,0,0,99,99,142,142,169,169,185,208,208,242,242,335,335,348,361,12,26,26,26,26],"floor_reached":23,"playtime":982,"items_purged":["stsjorbsmod:PollutedStrike"],"score":394,"play_id":"0e5aec02-006d-4225-bb9d-0a8c38ecc82b","local_time":"20201224191326","is_ascension_mode":true,"campfire_choices":[{"floor":6.0,"key":"REST"},{"floor":8.0,"key":"REST"},{"data":"Armaments","floor":13.0,"key":"SMITH"},{"floor":15.0,"key":"DIG"}],"circlet_count":0,"master_deck":["AscendersBane","Strike_R","Strike_R","Strike_R","Strike_R","Strike_R","Defend_R","Defend_R","Defend_R","Defend_R","Bash","Perfected Strike","Enlightenment","Pommel Strike","Armaments+1","Iron Wave","conspire:Charge","Exhume","Replay:Undeath\u0027s Touch","Cleave","Limit Break","Inflame","conspire:Purge"],"relics":["Burning Blood","HushsDoor","Golden Idol","aspiration:StickyExplosives_weak","aspiration:Lifesprig","hubris:SlimyHat","PillsDrop","Leech","aspiration:RunicSpoon","GuppysTail","ReplayTheSpireMod:CursedCoin","PokeGo"],"acts_visited":["Exordium","TheCity"],"potions_floor_usage":[],"damage_taken":[{"damage":5.0,"enemies":"Small Slimes","floor":1.0,"turns":4.0},{"damage":16.0,"enemies":"Lagavulin","floor":7.0,"turns":6.0},{"damage":0.0,"enemies":"2 Louse","floor":11.0,"turns":3.0},{"damage":0.0,"enemies":"Jaw Worm","floor":12.0,"turns":3.0},{"damage":12.0,"enemies":"3 Sentries","floor":14.0,"turns":7.0},{"damage":49.0,"enemies":"Hexaghost","floor":16.0,"turns":9.0},{"damage":24.0,"enemies":"Spheric Guardian","floor":18.0,"turns":4.0},{"damage":31.0,"enemies":"conspire:FuzzyDice","floor":19.0,"turns":5.0},{"damage":21.0,"enemies":"Snecko","floor":21.0,"turns":4.0},{"damage":46,"enemies":"conspire:SneckoGhost","floor":23,"turns":5}],"seed_played":"4887737540476223963","potions_obtained":[{"floor":7.0,"key":"LifebloodPotion"},{"floor":11.0,"key":"AttackPotion"},{"floor":16.0,"key":"SkillPotion"},{"floor":18.0,"key":"Weak Potion"},{"floor":19.0,"key":"Swift Potion"}],"is_trial":false,"path_per_floor":["M","?","?","T","?","R","E","R","T","?","M","M","R","E","R","B",null,"M","M","$","M","?","E"],"character_chosen":"IRONCLAD","items_purchased":["GuppysTail","ReplayTheSpireMod:CursedCoin","PokeGo","conspire:Purge"],"campfire_rested":2,"item_purchase_floors":[17,20,20,20],"current_hp_per_floor":[74,80,50,50,22,47,37,62,62,62,68,74,74,68,68,31,65,50,29,29,17,32,0,0],"gold":26,"neow_bonus":"RANDOM_EVENT","is_daily":false,"chose_seed":false,"campfire_upgraded":1,"win_rate":0.0,"timestamp":1608833606,"path_taken":["M","?","?","?","?","R","E","R","T","?","?","M","R","E","R","BOSS","M","M","$","M","?","E"],"items_purchased_type":["Relic","Relic","Relic","Card"],"build_version":"2020-12-22","purchased_purges":1,"victory":false,"max_hp_per_floor":[80,86,86,86,86,86,86,86,86,86,86,86,86,86,86,86,76,76,76,76,76,76,76,76],"card_choices":[{"not_picked":["Wild Strike","ReplayTheSpireMod:Limb From Limb"],"picked":"Perfected Strike","floor":1.0},{"not_picked":["Bloodletting","ReplayTheSpireMod:Corrosion Curse"],"picked":"Pommel Strike","floor":5.0},{"not_picked":["Defy Death","Perfected Strike"],"picked":"Armaments","floor":5.0},{"not_picked":["conspire:Charge","Bomb"],"picked":"Iron Wave","floor":5.0},{"not_picked":["Combust","Clothesline"],"picked":"conspire:Charge","floor":7.0},{"not_picked":["Massacre","Perfected Strike"],"picked":"Replay:Undeath\u0027s Touch","floor":11.0},{"not_picked":["Anger","hubris:ReadiedAction"],"picked":"Cleave","floor":12.0},{"not_picked":["Havoc","hubris:SharpeningStone","ReplayTheSpireMod:Corrosion Curse"],"picked":"SKIP","floor":14.0},{"not_picked":["Fiend Fire","Bludgeon"],"picked":"Limit Break","floor":16.0},{"not_picked":["Flex","Clothesline"],"picked":"Inflame","floor":18.0},{"not_picked":["Wild Strike","Armaments","Anger"],"picked":"SKIP","floor":19.0},{"not_picked":["Clash","Thunderclap","Wild Strike"],"picked":"SKIP","floor":21.0}],"player_experience":1224591,"relics_obtained":[{"floor":4.0,"key":"aspiration:StickyExplosives_weak"},{"floor":7.0,"key":"aspiration:Lifesprig"},{"floor":14.0,"key":"hubris:SlimyHat"},{"floor":15.0,"key":"PillsDrop"}],"event_choices":[{"damage_healed":0.0,"max_hp_gain":5.0,"max_hp_loss":0.0,"gold_gain":0.0,"event_name":"Big Fish","player_choice":"Donut","floor":0.0,"gold_loss":0.0,"damage_taken":0.0},{"damage_healed":0.0,"max_hp_gain":0.0,"max_hp_loss":0.0,"gold_gain":0.0,"event_name":"betterThird:BetterSerpent","player_choice":"RENOUNCE","floor":2.0,"gold_loss":111.0,"damage_taken":111.0,"cards_obtained":["Enlightenment"]},{"damage_healed":0.0,"max_hp_gain":0.0,"max_hp_loss":0.0,"gold_gain":0.0,"event_name":"Golden Idol","player_choice":"Take Damage","floor":3.0,"gold_loss":0.0,"damage_taken":30.0,"relics_obtained":["Golden Idol"]},{"damage_healed":0.0,"max_hp_gain":0.0,"max_hp_loss":0.0,"gold_gain":0.0,"event_name":"Match and Keep!","player_choice":"1 cards matched","floor":10.0,"gold_loss":0.0,"damage_taken":0.0,"cards_obtained":["Exhume"]},{"damage_healed":15.0,"max_hp_gain":0.0,"max_hp_loss":0.0,"gold_gain":0.0,"event_name":"The Library","player_choice":"Heal","floor":22.0,"gold_loss":0.0,"damage_taken":0.0}],"is_beta":false,"boss_relics":[{"not_picked":["Electric Blood","Coffee Dripper"],"picked":"aspiration:RunicSpoon"},{"not_picked":[]}],"items_purged_floors":[20],"is_endless":false,"potions_floor_spawned":[7,11,16,18,19],"killed_by":"conspire:SneckoGhost","ascension_level":20}}