{"host":"873t0y8ybyo38pfq","time":1608842161,"event":{"mods":["BaseMod","Colored Map","Highlight Path","Minty Spire (QoL Compilation)","Rare Cards Sparkle","StSLib"],"gold_per_floor":[369,519,519,531,16,27,27,44,44,119,146,146,17,36,36,135,135,151,151,201,39,39,39],"floor_reached":22,"playtime":477,"items_purged":["Writhe"],"score":344,"play_id":"9340a2ad-0982-4c81-ada8-9f8ea3155245","local_time":"20201224153601","is_ascension_mode":true,"campfire_choices":[{"data":"Footwork","floor":7,"key":"SMITH"},{"floor":15,"key":"REST"}],"circlet_count":0,"master_deck":["AscendersBane","Survivor","Neutralize","Dagger Throw","Deadly Poison","Footwork+1","Crippling Poison","Dagger Spray","Skewer","Catalyst","Wraith Form v2","Crippling Poison","Masterful Stab","Riddle With Holes","Heel Hook","Corpse Explosion","Terror","Backflip","Tools of the Trade","Outmaneuver","A Thousand Cuts"],"relics":["Ring of the Snake","Calipers","Shovel","Odd Mushroom","Golden Idol","Pandora\u0027s Box","Omamori"],"acts_visited":["Exordium","TheCity"],"potions_floor_usage":[11,16,16],"damage_taken":[{"damage":7,"enemies":"Jaw Worm","floor":1,"turns":5},{"damage":4,"enemies":"Small Slimes","floor":4,"turns":3},{"damage":2,"enemies":"2 Louse","floor":6,"turns":4},{"damage":3,"enemies":"Looter","floor":8,"turns":4},{"damage":2,"enemies":"The Mushroom Lair","floor":11,"turns":4},{"damage":5,"enemies":"3 Louse","floor":14,"turns":4},{"damage":38,"enemies":"Slime Boss","floor":16,"turns":12},{"damage":20,"enemies":"Spheric Guardian","floor":18,"turns":5},{"damage":29,"enemies":"Shell Parasite","floor":22,"turns":6}],"seed_played":"-2508283789198596269","potions_obtained":[{"floor":6,"key":"SneckoOil"},{"floor":11,"key":"GhostInAJar"}],"is_trial":false,"path_per_floor":["M","?","?","M","$","M","R","M","T","?","?","?","$","M","R","B",null,"M","?","?","$","M"],"character_chosen":"THE_SILENT","items_purchased":["Footwork","Crippling Poison","Calipers","Dagger Spray","BlessingOfTheForge","Omamori"],"campfire_rested":1,"item_purchase_floors":[5,5,5,5,13,21],"current_hp_per_floor":[52,52,52,48,48,46,46,43,43,32,30,30,30,25,43,5,46,26,26,26,26,0,0],"gold":39,"neow_bonus":"TWO_FIFTY_GOLD","is_daily":false,"chose_seed":false,"campfire_upgraded":1,"win_rate":0.0,"timestamp":1608842161,"path_taken":["M","?","?","M","$","M","R","M","T","?","?","?","?","M","R","BOSS","M","?","?","?","M"],"items_purchased_type":["Card","Card","Relic","Card","Potion","Relic"],"build_version":"2020-12-22","purchased_purges":1,"victory":false,"max_hp_per_floor":[66,66,66,66,66,66,66,66,66,66,66,60,60,60,60,60,60,60,60,60,60,60,60],"card_choices":[{"not_picked":["Flying Knee","Cloak And Dagger"],"picked":"Dagger Throw","floor":1},{"not_picked":["Quick Slash","Acrobatics"],"picked":"Deadly Poison","floor":4},{"not_picked":["Dagger Throw","Well Laid Plans","Slice"],"picked":"SKIP","floor":6},{"not_picked":["Prepared","Tactician","All Out Attack"],"picked":"SKIP","floor":8},{"not_picked":["Flying Knee","Infinite Blades"],"picked":"Skewer","floor":11},{"not_picked":["Cloak And Dagger","Acrobatics"],"picked":"Catalyst","floor":14},{"not_picked":["Glass Knife","A Thousand Cuts"],"picked":"Wraith Form v2","floor":16},{"not_picked":["Flying Knee","Underhanded Strike","Reflex"],"picked":"SKIP","floor":18}],"player_experience":1353150,"relics_obtained":[{"floor":9,"key":"Shovel"},{"floor":11,"key":"Odd Mushroom"}],"event_choices":[{"damage_healed":0,"gold_gain":150,"player_choice":"AGREE","damage_taken":0,"max_hp_gain":0,"max_hp_loss":0,"event_name":"Liars Game","floor":2,"gold_loss":0,"cards_obtained":["Doubt"]},{"cards_removed":["Doubt"],"damage_healed":0,"gold_gain":0,"player_choice":"Forget","damage_taken":0,"max_hp_gain":0,"max_hp_loss":0,"event_name":"Living Wall","floor":3,"gold_loss":0},{"damage_healed":0,"gold_gain":75,"player_choice":"Gather Gold","damage_taken":11,"max_hp_gain":0,"max_hp_loss":0,"event_name":"World of Goop","floor":10,"gold_loss":0},{"damage_healed":0,"gold_gain":0,"player_choice":"Fought Mushrooms","damage_taken":0,"max_hp_gain":0,"max_hp_loss":0,"event_name":"Mushrooms","floor":11,"gold_loss":0},{"damage_healed":0,"gold_gain":0,"player_choice":"Lose Max HP","damage_taken":0,"relics_obtained":["Golden Idol"],"max_hp_gain":0,"max_hp_loss":6,"event_name":"Golden Idol","floor":12,"gold_loss":0},{"damage_healed":0,"gold_gain":0,"cards_transformed":["Setup","Underhanded Strike"],"player_choice":"Became Test Subject","damage_taken":0,"max_hp_gain":0,"max_hp_loss":0,"event_name":"Drug Dealer","floor":19,"gold_loss":0,"cards_obtained":["Outmaneuver","A Thousand Cuts"]},{"damage_healed":0,"gold_gain":50,"player_choice":"Stole From Cult","damage_taken":0,"max_hp_gain":0,"max_hp_loss":0,"event_name":"Nest","floor":20,"gold_loss":0}],"is_beta":false,"boss_relics":[{"not_picked":["Snecko Eye","Black Star"],"picked":"Pandora\u0027s Box"}],"items_purged_floors":[13],"is_endless":false,"potions_floor_spawned":[6,11],"killed_by":"Shell Parasite","ascension_level":20}}