{"host":"q229ysid750dmjme","time":1608797051,"event":{"mods":["AchievementEnabler","BaseMod","Colored Map","Minty Spire (QoL Compilation)","Prisma Mod","StSLib","The Animator","everything is the same but u backflip on backflip"],"gold_per_floor":[114,16,16,33,51,76,76,108,108,108,8,21,31,47,47,149,149,163,9,27,27,37,37,37],"floor_reached":23,"playtime":2664,"items_purged":["Strike_P","Decay"],"score":291,"play_id":"40e27262-14a8-42c0-8e6c-91690086d8a1","local_time":"20201224170411","is_ascension_mode":true,"campfire_choices":[{"data":"Eruption","floor":10,"key":"SMITH"},{"data":"Crescendo","floor":15,"key":"SMITH"}],"circlet_count":0,"master_deck":["Strike_P","Defend_P","Defend_P","Defend_P","Defend_P","Eruption+1","Vigilance","CurseOfTheBell","InnerPeace","EmptyFist","Crescendo+1","FlurryOfBlows","LikeWater+1","CutThroughFate","LessonLearned","ClearTheMind+1","Scrawl+1","DeceiveReality","Tantrum"],"relics":["Calling Bell","Ancient Tea Set","Singing Bowl","StoneCalendar","Strawberry","Frozen Egg 2","Bottled Lightning","Black Star","Medical Kit"],"acts_visited":["Exordium","TheCity"],"potions_floor_usage":[8,8,14,16,16,16],"damage_taken":[{"damage":8,"enemies":"Cultist","floor":1,"turns":5},{"damage":0,"enemies":"2 Louse","floor":4,"turns":3},{"damage":2,"enemies":"Jaw Worm","floor":5,"turns":3},{"damage":18,"enemies":"Lagavulin","floor":6,"turns":7},{"damage":32,"enemies":"3 Sentries","floor":8,"turns":7},{"damage":8,"enemies":"Large Slime","floor":12,"turns":5},{"damage":3,"enemies":"2 Fungi Beasts","floor":13,"turns":3},{"damage":6,"enemies":"Exordium Wildlife","floor":14,"turns":2},{"damage":0,"enemies":"Slime Boss","floor":16,"turns":6},{"damage":46,"enemies":"2 Thieves","floor":18,"turns":5},{"damage":13,"enemies":"Spheric Guardian","floor":20,"turns":4},{"damage":15,"enemies":"Shelled Parasite and Fungi","floor":22,"turns":7},{"damage":14,"enemies":"Slavers","floor":23,"turns":1}],"seed_played":"-648259482786340984","potions_obtained":[{"floor":6,"key":"EntropicBrew"},{"floor":8,"key":"Fire Potion"},{"floor":13,"key":"AttackPotion"},{"floor":14,"key":"PowerPotion"},{"floor":22,"key":"AttackPotion"}],"is_trial":false,"path_per_floor":["M","$","$","M","M","E","?","E","T","R","$","M","M","M","R","B",null,"M","$","M","?","M","E"],"character_chosen":"WATCHER","items_purchased":["EmptyFist","Medical Kit"],"campfire_rested":0,"item_purchase_floors":[2,19],"current_hp_per_floor":[64,64,64,64,62,53,53,21,21,21,21,13,12,8,8,8,85,41,41,28,28,13,0,0],"gold":37,"neow_bonus":"BOSS_RELIC","is_daily":false,"chose_seed":false,"campfire_upgraded":2,"win_rate":0.0,"timestamp":1608797051,"path_taken":["M","?","$","M","?","E","?","E","T","R","?","?","M","M","R","BOSS","M","$","M","?","M","E"],"items_purchased_type":["Card","Relic"],"build_version":"2020-12-22","purchased_purges":2,"victory":false,"max_hp_per_floor":[72,72,72,72,72,81,81,81,81,81,81,81,83,85,85,85,85,87,87,87,87,87,87,87],"card_choices":[{"not_picked":["Protect","BowlingBash"],"picked":"InnerPeace","floor":1},{"not_picked":["Evaluate","InnerPeace"],"picked":"Crescendo","floor":4},{"not_picked":["Wireheading","EmptyBody"],"picked":"FlurryOfBlows","floor":5},{"not_picked":["Brilliance","PathToVictory","Wireheading"],"picked":"Singing Bowl","floor":6},{"not_picked":["ForeignInfluence","PathToVictory"],"picked":"LikeWater+1","floor":8},{"not_picked":["Consecrate","FlyingSleeves"],"picked":"CutThroughFate","floor":12},{"not_picked":["TalkToTheHand","Protect","EmptyBody"],"picked":"Singing Bowl","floor":13},{"not_picked":["ThirdEye","Halt","Fasting2+1"],"picked":"Singing Bowl","floor":14},{"not_picked":["Omniscience","Blasphemy"],"picked":"LessonLearned","floor":16},{"not_picked":["JustLucky","Collect","Protect"],"picked":"Singing Bowl","floor":18},{"not_picked":["JustLucky","Consecrate"],"picked":"ClearTheMind+1","floor":20},{"not_picked":["Ragnarok","WaveOfTheHand+1"],"picked":"Tantrum","floor":22}],"player_experience":313351,"relics_obtained":[{"floor":0,"key":"Ancient Tea Set"},{"floor":0,"key":"Singing Bowl"},{"floor":0,"key":"StoneCalendar"},{"floor":6,"key":"Strawberry"},{"floor":8,"key":"Frozen Egg 2"},{"floor":9,"key":"Bottled Lightning"}],"event_choices":[{"damage_healed":0,"gold_gain":0,"player_choice":"Cursed","damage_taken":0,"max_hp_gain":0,"max_hp_loss":0,"event_name":"Wheel of Change","floor":7,"gold_loss":0,"cards_obtained":["Decay"]},{"damage_healed":0,"gold_gain":0,"cards_transformed":["Strike_P","Strike_P"],"player_choice":"Became Test Subject","damage_taken":0,"max_hp_gain":0,"max_hp_loss":0,"event_name":"Drug Dealer","floor":21,"gold_loss":0,"cards_obtained":["Scrawl","DeceiveReality"]}],"is_beta":false,"boss_relics":[{"not_picked":["Coffee Dripper","Ectoplasm"],"picked":"Black Star"}],"items_purged_floors":[2,11],"is_endless":false,"potions_floor_spawned":[6,8,13,14,22],"killed_by":"Slavers","ascension_level":1}}