{"host":"tiwza2kisyyrpq7h","time":1608824015,"event":{"mods":["BaseMod","BetterRewards","Colored Powertips","Minty Spire (QoL Compilation)","Quick Restart","Rare Cards Sparkle","Shop Mod","StSLib","SuperFastMode","The Servant 0.9.4","óô»ðÖ¸ÄÏ"],"gold_per_floor":[111,121,141,154,154,182,192,43,68,68,79,79,106,124,124,200,200,214,214,231,231,242,242,242],"floor_reached":23,"playtime":955,"items_purged":[],"score":359,"play_id":"91a80440-8034-4703-bd85-adda3b388c49","local_time":"20201224233335","is_ascension_mode":true,"campfire_choices":[{"data":"Revamp","floor":12.0,"key":"SMITH"},{"data":"Luminosity","floor":15.0,"key":"SMITH"}],"circlet_count":0,"master_deck":["AscendersBane","Strike_S","Strike_S","Strike_S","Defend_S","Defend_S","Defend_S","Defend_S","KidneyShot","Exchange","Orbit","DualDimension","Barrier","Rearm","Misdirection","Revamp+1","TimeWarp","Advance","Luminosity+1","MurderousAura","Starlight","ShiftingGears","Foresight"],"relics":["Uniform","NeowsBlessing","PaperSwan","ClockworkSouvenir","Vajra","Blood Vial","Coffee Dripper"],"acts_visited":["Exordium","TheCity"],"potions_floor_usage":[23],"damage_taken":[{"damage":0.0,"enemies":"Jaw Worm","floor":1.0,"turns":1.0},{"damage":0.0,"enemies":"2 Louse","floor":2.0,"turns":1.0},{"damage":0.0,"enemies":"Cultist","floor":3.0,"turns":1.0},{"damage":6.0,"enemies":"Blue Slaver","floor":4.0,"turns":5.0},{"damage":17.0,"enemies":"Lagavulin","floor":6.0,"turns":9.0},{"damage":4.0,"enemies":"Large Slime","floor":7.0,"turns":8.0},{"damage":0.0,"enemies":"3 Louse","floor":11.0,"turns":2.0},{"damage":18.0,"enemies":"Gremlin Nob","floor":13.0,"turns":5.0},{"damage":6.0,"enemies":"Exordium Wildlife","floor":14.0,"turns":3.0},{"damage":2.0,"enemies":"Hexaghost","floor":16.0,"turns":14.0},{"damage":4.0,"enemies":"2 Thieves","floor":18.0,"turns":5.0},{"damage":6.0,"enemies":"Shell Parasite","floor":20.0,"turns":7.0},{"damage":12.0,"enemies":"Centurion and Healer","floor":22.0,"turns":6.0},{"damage":34,"enemies":"Slavers","floor":23,"turns":1}],"seed_played":"54304976620746295","potions_obtained":[{"floor":3.0,"key":"AttackPotion"},{"floor":6.0,"key":"SpeedPotion"},{"floor":7.0,"key":"Regen Potion"},{"floor":13.0,"key":"PowerPotion"},{"floor":20.0,"key":"LiquidMemories"}],"is_trial":false,"path_per_floor":["M","M","M","M","?","E","M","$","T","?","M","R","E","M","R","B",null,"M","?","M","?","M","E"],"character_chosen":"THE_SERVANT","items_purchased":["ClockworkSouvenir"],"campfire_rested":0,"item_purchase_floors":[8],"current_hp_per_floor":[54,54,54,48,41,24,20,20,20,20,20,20,16,12,12,12,48,46,46,42,42,32,0,0],"gold":242,"neow_bonus":"THREE_ENEMY_KILL","is_daily":false,"chose_seed":false,"campfire_upgraded":2,"win_rate":0.0,"timestamp":1608824015,"path_taken":["M","M","M","M","?","E","M","$","T","?","M","R","E","M","R","BOSS","M","?","M","?","M","E"],"items_purchased_type":["Relic"],"build_version":"2020-12-22","purchased_purges":0,"victory":false,"max_hp_per_floor":[60,60,60,60,60,60,60,60,60,60,60,60,60,60,60,60,60,60,60,60,60,60,60,60],"card_choices":[{"not_picked":["Revamp","BottledTime"],"picked":"Orbit","floor":1.0},{"not_picked":["Replace","Unruled"],"picked":"DualDimension","floor":2.0},{"not_picked":["TimeTheft","Orbit"],"picked":"Barrier","floor":3.0},{"not_picked":["Rewind","BottledTime"],"picked":"Rearm","floor":4.0},{"not_picked":["Hightail","ShatteredReality"],"picked":"Misdirection","floor":6.0},{"not_picked":["Rearm","Misdirection"],"picked":"Revamp","floor":7.0},{"not_picked":["FanOfKnives","Deadline"],"picked":"TimeWarp","floor":11.0},{"not_picked":["TimeWarp","Unruled"],"picked":"Advance","floor":13.0},{"not_picked":["TheWorld","Barrier"],"picked":"Luminosity","floor":14.0},{"not_picked":["Sunlight","SoulSculpture"],"picked":"MurderousAura","floor":16.0},{"not_picked":["Hightail+1","Collapse"],"picked":"Starlight","floor":18.0},{"not_picked":["Replace+1","Alleviate","DoubleEdge"],"picked":"SKIP","floor":20.0},{"not_picked":["Rearm","Alleviate"],"picked":"Foresight","floor":22.0}],"player_experience":880045,"relics_obtained":[{"floor":6.0,"key":"PaperSwan"},{"floor":13.0,"key":"Blood Vial"}],"event_choices":[{"cards_removed":["Strike_S"],"damage_healed":0.0,"max_hp_gain":0.0,"max_hp_loss":0.0,"gold_gain":0.0,"event_name":"Golden Wing","player_choice":"Card Removal","floor":5.0,"gold_loss":0.0,"damage_taken":7.0},{"damage_healed":0.0,"max_hp_gain":0.0,"max_hp_loss":0.0,"gold_gain":0.0,"event_name":"Big Fish","player_choice":"Box","floor":10.0,"gold_loss":0.0,"damage_taken":0.0,"relics_obtained":["Vajra"],"cards_obtained":["Regret"]},{"damage_healed":0.0,"max_hp_gain":0.0,"max_hp_loss":0.0,"gold_gain":0.0,"event_name":"The Library","player_choice":"Read","floor":19.0,"gold_loss":0.0,"damage_taken":0.0,"cards_obtained":["ShiftingGears"]},{"cards_removed":["Regret"],"damage_healed":0.0,"max_hp_gain":0.0,"max_hp_loss":0.0,"gold_gain":0.0,"event_name":"Fountain of Cleansing","player_choice":"Removed Curses","floor":21.0,"gold_loss":0.0,"damage_taken":0.0}],"is_beta":false,"boss_relics":[{"not_picked":["Runic Dome","MysterySword"],"picked":"Coffee Dripper"}],"items_purged_floors":[],"is_endless":false,"potions_floor_spawned":[3,6,7,13,20],"killed_by":"Slavers","ascension_level":15}}