{"host":"5bdt6s51dmpd4l3v","time":1608783706,"event":{"mods":["AchievementEnabler","BaseMod","Colored Map","Colored Powertips","Highlight Path","Minty Spire (QoL Compilation)","Quick Restart","Rare Cards Sparkle","StSLib"],"gold_per_floor":[115,164,96,107,107,107,126,126,126,126,146,146,159,175,175,249,249,262,312,332,43,43,43],"floor_reached":22,"playtime":461,"items_purged":[],"score":308,"play_id":"3337050f-cc0c-48e9-be60-ff7a7eea6886","local_time":"20201224122146","is_ascension_mode":true,"campfire_choices":[{"data":"Sword Boomerang","floor":6,"key":"SMITH"},{"data":"Flex","floor":8,"key":"SMITH"},{"data":"Seeing Red","floor":10,"key":"SMITH"},{"data":"Bash","floor":12,"key":"SMITH"},{"data":"Shockwave","floor":15,"key":"SMITH"}],"circlet_count":0,"master_deck":["AscendersBane","Strike_R","Strike_R","Strike_R","Strike_R","Strike_R","Defend_R","Defend_R","Defend_R","Defend_R","Bash+1","Sword Boomerang+1","Seeing Red+1","Whirlwind+1","Flex+1","Shockwave+1","Battle Trance","Reaper","Headbutt","Dual Wield"],"relics":["Burning Blood","NeowsBlessing","Bronze Scales","Strawberry","Black Star","Molten Egg 2"],"acts_visited":["Exordium","TheCity"],"potions_floor_usage":[13,16,16,20,20],"damage_taken":[{"damage":0,"enemies":"Cultist","floor":1,"turns":1},{"damage":0,"enemies":"2 Louse","floor":4,"turns":1},{"damage":0,"enemies":"Jaw Worm","floor":7,"turns":1},{"damage":5,"enemies":"3 Louse","floor":11,"turns":2},{"damage":6,"enemies":"Exordium Thugs","floor":13,"turns":3},{"damage":7,"enemies":"Gremlin Gang","floor":14,"turns":3},{"damage":40,"enemies":"Hexaghost","floor":16,"turns":5},{"damage":4,"enemies":"3 Byrds","floor":18,"turns":3},{"damage":26,"enemies":"Chosen","floor":20,"turns":5},{"damage":60,"enemies":"Shelled Parasite and Fungi","floor":22,"turns":4}],"seed_played":"-6913397952717280251","potions_obtained":[{"floor":1,"key":"EssenceOfSteel"},{"floor":7,"key":"ElixirPotion"},{"floor":13,"key":"SpeedPotion"},{"floor":16,"key":"Weak Potion"},{"floor":18,"key":"SneckoOil"}],"is_trial":false,"path_per_floor":["M","T","$","M","?","R","M","R","T","R","M","R","M","M","R","B",null,"M","?","M","$","M"],"character_chosen":"IRONCLAD","items_purchased":["Seeing Red","Molten Egg 2","BlessingOfTheForge"],"campfire_rested":0,"item_purchase_floors":[3,21,21],"current_hp_per_floor":[74,74,74,75,75,75,75,75,82,82,82,82,82,81,81,47,73,75,75,55,55,0,0],"gold":43,"neow_bonus":"THREE_ENEMY_KILL","is_daily":false,"chose_seed":false,"campfire_upgraded":5,"win_rate":0.0,"timestamp":1608783706,"path_taken":["M","?","$","M","?","R","?","R","T","R","M","R","M","M","R","BOSS","M","?","M","$","M"],"items_purchased_type":["Card","Relic","Potion"],"build_version":"2020-12-22","purchased_purges":0,"victory":false,"max_hp_per_floor":[75,75,75,75,75,75,75,75,82,82,82,82,82,82,82,82,82,82,82,82,82,82,82],"card_choices":[{"not_picked":["Hemokinesis","Wild Strike"],"picked":"Sword Boomerang","floor":1},{"not_picked":["Armaments","Anger"],"picked":"Whirlwind","floor":4},{"not_picked":["Pommel Strike","Thunderclap"],"picked":"Flex","floor":7},{"not_picked":["Wild Strike","Pommel Strike","Disarm"],"picked":"SKIP","floor":11},{"not_picked":["True Grit","Uppercut"],"picked":"Shockwave","floor":13},{"not_picked":["Armaments","Clash"],"picked":"Battle Trance","floor":14},{"not_picked":["Immolate","Juggernaut"],"picked":"Reaper","floor":16},{"not_picked":["Flex","Clothesline"],"picked":"Headbutt","floor":18},{"not_picked":["Power Through","Warcry"],"picked":"Dual Wield","floor":20}],"player_experience":215330,"relics_obtained":[{"floor":2,"key":"Bronze Scales"},{"floor":9,"key":"Strawberry"}],"event_choices":[{"damage_healed":0,"gold_gain":0,"player_choice":"Forge","damage_taken":0,"max_hp_gain":0,"max_hp_loss":0,"event_name":"Accursed Blacksmith","floor":5,"gold_loss":0,"cards_upgraded":["Whirlwind"]},{"damage_healed":0,"gold_gain":50,"player_choice":"Stole From Cult","damage_taken":0,"max_hp_gain":0,"max_hp_loss":0,"event_name":"Nest","floor":19,"gold_loss":0}],"is_beta":false,"boss_relics":[{"not_picked":["Black Blood","Runic Pyramid"],"picked":"Black Star"}],"items_purged_floors":[],"is_endless":false,"potions_floor_spawned":[1,7,13,16,18],"killed_by":"Shelled Parasite and Fungi","ascension_level":15}}