{"host":"r6ixdbpnwahtqyu3","time":1608777585,"event":{"mods":["BaseMod","CapriCore","Colored Map","Friendly Minions","Koishi","Marisa（霧雨　魔理沙）","Minty Spire (QoL Compilation)","Remilia（蕾米莉?）","StSLib","The Immortal","The Servant 0.9.4"],"gold_per_floor":[114,39,39,214,233,268,279,293,293,293,293],"floor_reached":10,"playtime":536,"items_purged":[],"score":95,"play_id":"35d5e5ee-a368-47c1-8860-58ff563c7acf","local_time":"20201223213945","is_ascension_mode":true,"campfire_choices":[],"circlet_count":0,"master_deck":["Koishi:BasicStrike","Koishi:BasicStrike","Koishi:BasicStrike","Koishi:BasicStrike","Koishi:BasicDefend","Koishi:BasicDefend","Koishi:BasicDefend","Koishi:BasicDefend","Koishi:Provoke","Koishi:HauntingSlash+1","Koishi:CatchAndRose","Koishi:GhostParty","Doubt","Koishi:RacingHeart","Koishi:YoukaiPolygraph","Koishi:FidgetySnatcher"],"relics":["Koishi:ImaginaryFriend","Meat on the Bone","Ornamental Fan","Molten Egg 2"],"acts_visited":["Exordium"],"potions_floor_usage":[6,10],"damage_taken":[{"damage":2,"enemies":"Jaw Worm","floor":1,"turns":5},{"damage":0,"enemies":"2 Louse","floor":5,"turns":4},{"damage":52,"enemies":"3 Sentries","floor":6,"turns":13},{"damage":13,"enemies":"Small Slimes","floor":7,"turns":6},{"damage":1,"enemies":"Blue Slaver","floor":8,"turns":7},{"damage":57,"enemies":"Gremlin Nob","floor":10,"turns":7}],"seed_played":"6206658924696730123","potions_obtained":[{"floor":5,"key":"Explosive Potion"},{"floor":7,"key":"SneckoOil"},{"floor":8,"key":"CultistPotion"}],"is_trial":false,"path_per_floor":["M","$","?","?","M","E","M","M","T","E"],"character_chosen":"KOISHI","items_purchased":["Koishi:GhostParty"],"campfire_rested":0,"item_purchase_floors":[2],"current_hp_per_floor":[58,58,55,55,57,31,36,43,43,0,0],"gold":293,"neow_bonus":"UPGRADE_CARD","is_daily":false,"chose_seed":false,"campfire_upgraded":0,"win_rate":0.0,"timestamp":1608777585,"path_taken":["M","$","?","?","M","E","M","M","T","E"],"items_purchased_type":["Card"],"build_version":"2020-12-22","purchased_purges":0,"victory":false,"max_hp_per_floor":[60,60,60,60,60,60,60,60,60,60,60],"card_choices":[{"not_picked":["Koishi:UnconsciousUprising","Koishi:RorschachInDanmaku"],"picked":"Koishi:CatchAndRose","floor":1},{"not_picked":["Koishi:Bloodlust","Koishi:EmbersOfLove"],"picked":"Koishi:RacingHeart","floor":5},{"not_picked":["Koishi:BloodcurdlingScream","Koishi:Jaunt","Koishi:FleetingPhantom"],"picked":"SKIP","floor":6},{"not_picked":["Koishi:UnconsciousUrges","Koishi:PhantomStrike"],"picked":"Koishi:YoukaiPolygraph","floor":7},{"not_picked":["Koishi:LastRemote","Koishi:DreadfulBlow"],"picked":"Koishi:FidgetySnatcher","floor":8}],"player_experience":375314,"relics_obtained":[{"floor":6,"key":"Ornamental Fan"},{"floor":9,"key":"Molten Egg 2"}],"event_choices":[{"damage_healed":0,"gold_gain":0,"player_choice":"Success","damage_taken":3,"relics_obtained":["Meat on the Bone"],"max_hp_gain":0,"max_hp_loss":0,"event_name":"Scrap Ooze","floor":3,"gold_loss":0},{"damage_healed":0,"gold_gain":175,"player_choice":"AGREE","damage_taken":0,"max_hp_gain":0,"max_hp_loss":0,"event_name":"Liars Game","floor":4,"gold_loss":0,"cards_obtained":["Doubt"]}],"is_beta":false,"boss_relics":[],"items_purged_floors":[],"is_endless":false,"potions_floor_spawned":[5,7,8],"killed_by":"Gremlin Nob","ascension_level":8}}