{"host":"sabve5zmqufxyc5o","time":1608811143,"event":{"mods":["2.2 Compatiblity","AchievementEnabler","Act Like it!","BaseMod","Block Reminder","Colored Map","Colored Powertips","DeckTracker","KOR Keyword Fix","Keyboard Shortcuts","Minty Spire (QoL Compilation)","Quick Restart","Rare Cards Sparkle","Relic Stats","StSLib","SuperFastMode"],"gold_per_floor":[110,3,3,3,17,45,45,59,59,72,102,120,153,171,171,247,247,263,291,87,102,102,102,115,115,115],"floor_reached":25,"playtime":500,"items_purged":["Hyperbeam"],"score":496,"play_id":"7c5449f2-0e85-42a3-a726-482ecb80c65a","local_time":"20201224205903","is_ascension_mode":true,"campfire_choices":[{"data":"Coolheaded","floor":7.0,"key":"SMITH"},{"floor":15.0,"key":"REST"},{"data":"Fusion","floor":23,"key":"SMITH"}],"circlet_count":0,"master_deck":["AscendersBane","Zap","Dualcast","Stack","Self Repair","Coolheaded+1","Blizzard","Genetic Algorithm","Compile Driver","Ball Lightning","Cold Snap","Cold Snap","Seek","BootSequence","Skim","Machine Learning","Beam Cell","Self Repair","Go for the Eyes","Conserve Battery","Turbo","Aggregate","Defragment","Fusion+1","Gash","Core Surge","Go for the Eyes"],"relics":["Cracked Core","NeowsBlessing","Vajra","Mercury Hourglass","Akabeko","TungstenRod","Pandora\u0027s Box","Red Mask"],"acts_visited":["Exordium","TheCity"],"potions_floor_usage":[19,25],"damage_taken":[{"damage":0.0,"enemies":"Jaw Worm","floor":1.0,"turns":1.0},{"damage":0.0,"enemies":"Cultist","floor":5.0,"turns":1.0},{"damage":0.0,"enemies":"3 Sentries","floor":6.0,"turns":1.0},{"damage":3.0,"enemies":"2 Louse","floor":8.0,"turns":3.0},{"damage":18.0,"enemies":"Red Slaver","floor":10.0,"turns":3.0},{"damage":32.0,"enemies":"Gremlin Nob","floor":11.0,"turns":4.0},{"damage":4.0,"enemies":"Looter","floor":12.0,"turns":2.0},{"damage":8.0,"enemies":"3 Sentries","floor":13.0,"turns":4.0},{"damage":3.0,"enemies":"Blue Slaver","floor":14.0,"turns":3.0},{"damage":37.0,"enemies":"Slime Boss","floor":16.0,"turns":10.0},{"damage":9.0,"enemies":"Chosen","floor":18.0,"turns":5.0},{"damage":3,"enemies":"Masked Bandits","floor":19,"turns":4},{"damage":17,"enemies":"2 Thieves","floor":21,"turns":4},{"damage":32,"enemies":"Cultist and Chosen","floor":24,"turns":7},{"damage":48,"enemies":"Gremlin Leader","floor":25,"turns":3}],"seed_played":"-2818070091264711355","potions_obtained":[{"floor":8.0,"key":"PowerPotion"},{"floor":11.0,"key":"AttackPotion"},{"floor":16.0,"key":"FocusPotion"},{"floor":21,"key":"DuplicationPotion"}],"is_trial":false,"path_per_floor":["M","$","?","$","M","E","R","M","T","M","E","M","E","M","R","B",null,"M","?","$","M","?","R","M","E"],"character_chosen":"DEFECT","items_purchased":["Self Repair","Coolheaded","Defragment","Fusion"],"campfire_rested":1,"item_purchase_floors":[2,2,20,20],"current_hp_per_floor":[64,64,64,64,64,71,71,71,71,60,35,31,30,34,55,25,60,65,69,69,66,66,66,48,0,0],"gold":115,"neow_bonus":"THREE_ENEMY_KILL","is_daily":false,"chose_seed":false,"campfire_upgraded":2,"win_rate":0.0,"timestamp":1608811143,"path_taken":["M","$","?","$","M","E","R","M","T","M","E","M","E","?","R","BOSS","M","?","$","M","?","R","M","E"],"items_purchased_type":["Card","Card","Card","Card"],"build_version":"2020-12-22","purchased_purges":1,"victory":false,"max_hp_per_floor":[71,71,71,71,71,71,71,71,71,71,71,71,71,71,71,71,71,71,71,71,71,71,71,71,71,71],"relic_stats":{"counters":[15,55],"Pandora\u0027s Box":["Skim","Machine Learning","Beam Cell","Self Repair","Go for the Eyes","Conserve Battery","Hyperbeam"],"obtain_stats":[{"NeowsBlessing":0,"Vajra":6,"Pandora\u0027s Box":17,"Red Mask":19,"Cracked Core":0,"Akabeko":11,"TungstenRod":13,"Mercury Hourglass":9},{"NeowsBlessing":0,"Vajra":3,"Pandora\u0027s Box":10,"Red Mask":12,"Cracked Core":0,"Akabeko":6,"TungstenRod":8,"Mercury Hourglass":4},{"NeowsBlessing":0,"Vajra":3,"Pandora\u0027s Box":32,"Red Mask":41,"Cracked Core":0,"Akabeko":13,"TungstenRod":19,"Mercury Hourglass":6}],"TungstenRod":17,"Mercury Hourglass":[207]},"card_choices":[{"not_picked":["Steam","Melter"],"picked":"Stack","floor":1.0},{"not_picked":["Steam","Reprogram"],"picked":"Blizzard","floor":5.0},{"not_picked":["Leap","Turbo"],"picked":"Genetic Algorithm","floor":6.0},{"not_picked":["Recycle","Capacitor"],"picked":"Compile Driver","floor":8.0},{"not_picked":["Go for the Eyes","Stack"],"picked":"Ball Lightning","floor":10.0},{"not_picked":["Beam Cell","Hologram"],"picked":"Cold Snap","floor":11.0},{"not_picked":["Turbo","Steam"],"picked":"Cold Snap","floor":12.0},{"not_picked":["Amplify","Leap"],"picked":"Seek","floor":13.0},{"not_picked":["Chill","Sweeping Beam"],"picked":"BootSequence","floor":14.0},{"not_picked":["Go for the Eyes","White Noise"],"picked":"Turbo","floor":18.0},{"not_picked":["Auto Shields","Beam Cell"],"picked":"Aggregate","floor":19},{"not_picked":["Ball Lightning","Sunder"],"picked":"Gash","floor":21},{"not_picked":["BootSequence","Leap"],"picked":"Go for the Eyes","floor":24}],"player_experience":804322,"relics_obtained":[{"floor":6.0,"key":"Vajra"},{"floor":9.0,"key":"Mercury Hourglass"},{"floor":11.0,"key":"Akabeko"},{"floor":13.0,"key":"TungstenRod"},{"floor":19,"key":"Red Mask"}],"event_choices":[{"cards_removed":["Defend_B"],"damage_healed":0.0,"max_hp_gain":0.0,"max_hp_loss":0.0,"gold_gain":0.0,"event_name":"Purifier","player_choice":"Purged","floor":3.0,"gold_loss":0.0,"damage_taken":0.0},{"damage_healed":0,"gold_gain":0,"player_choice":"Fought Bandits","damage_taken":0,"max_hp_gain":0,"max_hp_loss":0,"event_name":"Masked Bandits","floor":19,"gold_loss":0},{"damage_healed":0,"gold_gain":0,"player_choice":"Read","damage_taken":0,"max_hp_gain":0,"max_hp_loss":0,"event_name":"The Library","floor":22,"gold_loss":0,"cards_obtained":["Core Surge"]}],"is_beta":false,"boss_relics":[{"not_picked":["Coffee Dripper","Snecko Eye"],"picked":"Pandora\u0027s Box"}],"items_purged_floors":[20],"is_endless":false,"potions_floor_spawned":[8,11,12,16,21,24],"killed_by":"Gremlin Leader","ascension_level":20}}