{"host":"1rf9pknejqhzkc4o","time":1608851585,"event":{"mods":["BaseMod","Better Altar","Better Match","Better Note","Better Sensory Stone","Better Skull","Better Third Choice","Colored Map","Colored Powertips","Communication Mod","Minty Spire (QoL Compilation)","Quick Restart","RNG Fix","Rare Cards Sparkle","Relic Stats","StSLib","The Hierophant"],"gold_per_floor":[114,189,201,219,235,235,235,235,235,335,368,370,405,405,405,500,500,533,43,143,143,166,166,210,221,245,221,221,193,193,160,160,41,41],"floor_reached":33,"playtime":2476,"items_purged":[],"score":286,"play_id":"a1689433-30bc-446e-9010-0c1dcc55ff7d","local_time":"20201225021305","is_ascension_mode":false,"campfire_choices":[{"floor":6.0,"key":"REST"},{"floor":8.0,"key":"REST"},{"data":"hierophant:ChurchCoffers","floor":15.0,"key":"SMITH"},{"data":"hierophant:LocustPlague","floor":23,"key":"SMITH"},{"floor":28,"key":"REST"},{"floor":30,"key":"REST"},{"floor":32,"key":"REST"}],"circlet_count":0,"master_deck":["hierophant:Strike_Hierophant","hierophant:Strike_Hierophant","hierophant:Strike_Hierophant","hierophant:Strike_Hierophant","hierophant:Punish","hierophant:Defend_Hierophant+1","hierophant:Defend_Hierophant","hierophant:Defend_Hierophant+1","hierophant:Defend_Hierophant","hierophant:ChurchCoffers+1","hierophant:SecretStash","hierophant:ThreeLashes","hierophant:FieryStrike+1","hierophant:RustyCrate+1","hierophant:Doubloon","hierophant:Doubloon","hierophant:ThreeLashes","hierophant:Doubloon","hierophant:LocustPlague+1","hierophant:Doubloon","hierophant:Encroach+1","hierophant:AuricBeam","hierophant:Doubloon","hierophant:Remorse+1","hierophant:SolarFlare","hierophant:Doubloon","hierophant:ThreeLashes"],"relics":["hierophant:PropheticMaskRelic","Bag of Marbles","FossilizedHelix","Runic Pyramid","HornCleat","Matryoshka","Oddly Smooth Stone","War Paint","Potion Belt"],"acts_visited":["Exordium","TheCity"],"potions_floor_usage":[16,25,25],"damage_taken":[{"damage":0.0,"enemies":"2 Louse","floor":1.0,"turns":3.0},{"damage":6.0,"enemies":"Cultist","floor":3.0,"turns":3.0},{"damage":1.0,"enemies":"Jaw Worm","floor":4.0,"turns":5.0},{"damage":13.0,"enemies":"Red Slaver","floor":5.0,"turns":4.0},{"damage":5.0,"enemies":"3 Louse","floor":11.0,"turns":4.0},{"damage":0.0,"enemies":"Gremlin Gang","floor":12.0,"turns":5.0},{"damage":0.0,"enemies":"Lots of Slimes","floor":13.0,"turns":3.0},{"damage":24,"enemies":"Slime Boss","floor":16,"turns":12},{"damage":0,"enemies":"Chosen","floor":18,"turns":4},{"damage":10,"enemies":"Spheric Guardian","floor":22,"turns":4},{"damage":0,"enemies":"Snecko","floor":24,"turns":3},{"damage":65,"enemies":"Slavers","floor":25,"turns":8},{"damage":0,"enemies":"Sentry and Sphere","floor":27,"turns":4},{"damage":32,"enemies":"Centurion and Healer","floor":29,"turns":6},{"damage":7,"enemies":"Shelled Parasite and Fungi","floor":31,"turns":3},{"damage":67,"enemies":"Automaton","floor":33,"turns":6}],"seed_played":"-9123557630641598399","potions_obtained":[{"floor":3.0,"key":"FearPotion"},{"floor":11.0,"key":"Ancient Potion"},{"floor":13.0,"key":"FairyPotion"},{"floor":16,"key":"ColorlessPotion"},{"floor":25,"key":"SteroidPotion"},{"floor":27,"key":"GamblersBrew"}],"is_trial":false,"path_per_floor":["M","?","M","M","M","R","?","R","T","?","M","M","M","?","R","B",null,"M","$","?","?","M","R","M","E","T","M","R","M","R","M","R","B"],"character_chosen":"HIEROPHANT","items_purchased":["HornCleat","Matryoshka"],"campfire_rested":5,"item_purchase_floors":[19,19],"current_hp_per_floor":[75,68,62,61,48,70,55,75,75,75,70,70,70,75,75,51,75,75,75,75,75,65,65,65,22,22,22,44,12,34,27,49,0,0],"gold":41,"neow_bonus":"RANDOM_COMMON_RELIC","is_daily":false,"chose_seed":false,"campfire_upgraded":2,"win_rate":0.0,"timestamp":1608851585,"path_taken":["M","?","M","M","?","R","?","R","T","?","M","M","M","?","R","BOSS","M","$","?","?","?","R","M","E","T","?","R","M","R","M","R","BOSS"],"items_purchased_type":["Relic","Relic"],"build_version":"2020-12-22","purchased_purges":0,"victory":false,"max_hp_per_floor":[75,75,75,75,75,75,75,75,75,75,75,75,75,75,75,75,75,75,75,75,75,75,75,75,75,75,75,75,75,75,75,75,75,75],"relic_stats":{"counters":[16,77],"War Paint":["hierophant:RustyCrate","hierophant:Defend_Hierophant"],"obtain_stats":[{"Potion Belt":26,"HornCleat":19,"Matryoshka":19,"hierophant:PropheticMaskRelic":0,"Oddly Smooth Stone":25,"Bag of Marbles":0,"War Paint":26,"FossilizedHelix":9,"Runic Pyramid":17},{"Potion Belt":12,"HornCleat":9,"Matryoshka":9,"hierophant:PropheticMaskRelic":0,"Oddly Smooth Stone":12,"Bag of Marbles":0,"War Paint":12,"FossilizedHelix":4,"Runic Pyramid":8},{"Potion Belt":58,"HornCleat":43,"Matryoshka":43,"hierophant:PropheticMaskRelic":0,"Oddly Smooth Stone":58,"Bag of Marbles":0,"War Paint":58,"FossilizedHelix":15,"Runic Pyramid":39}]},"card_choices":[{"not_picked":["hierophant:Flagellation","hierophant:AuricBeam"],"picked":"hierophant:SecretStash","floor":1.0},{"not_picked":["hierophant:Shelter","hierophant:HolyVerse","hierophant:HammerAndAnvil"],"picked":"SKIP","floor":3.0},{"not_picked":["hierophant:SolarFlare","hierophant:EyeForCoin"],"picked":"hierophant:ThreeLashes","floor":4.0},{"not_picked":["hierophant:Mercenaries","hierophant:Doubloon"],"picked":"hierophant:FieryStrike","floor":5.0},{"not_picked":["hierophant:Smite","hierophant:Empathy"],"picked":"hierophant:RustyCrate","floor":11.0},{"not_picked":["hierophant:OrnateBuckler","hierophant:Zeal"],"picked":"hierophant:ThreeLashes","floor":12.0},{"not_picked":["hierophant:HolyVerse","hierophant:Remorse"],"picked":"hierophant:EyeForCoin","floor":13.0},{"not_picked":["hierophant:Invocation","hierophant:DeathKnell"],"picked":"hierophant:LocustPlague","floor":16},{"not_picked":["hierophant:Charity","hierophant:Zeal"],"picked":"hierophant:Doubloon","floor":18},{"not_picked":["hierophant:MorningPrayer","hierophant:PassingBell"],"picked":"hierophant:Encroach+1","floor":22},{"not_picked":["hierophant:SealAway","hierophant:CoinFling+1"],"picked":"hierophant:AuricBeam","floor":24},{"not_picked":["hierophant:Rebuild","hierophant:DisplayOfPower"],"picked":"hierophant:Remorse+1","floor":25},{"not_picked":["hierophant:Zeal","hierophant:PassingBell"],"picked":"hierophant:SolarFlare","floor":27},{"not_picked":["hierophant:Encroach+1","hierophant:OrnateBuckler"],"picked":"hierophant:Doubloon","floor":29},{"not_picked":["hierophant:SolarFlare","hierophant:Encroach"],"picked":"hierophant:ThreeLashes","floor":31}],"player_experience":157583,"relics_obtained":[{"floor":9.0,"key":"FossilizedHelix"},{"floor":25,"key":"Oddly Smooth Stone"},{"floor":26,"key":"War Paint"},{"floor":26,"key":"Potion Belt"}],"event_choices":[{"damage_healed":0.0,"max_hp_gain":0.0,"max_hp_loss":0.0,"gold_gain":75.0,"event_name":"FaceTrader","player_choice":"Touch","floor":2.0,"gold_loss":0.0,"damage_taken":7.0},{"damage_healed":70.0,"max_hp_gain":0.0,"max_hp_loss":75.0,"gold_gain":0.0,"event_name":"betterThird:BetterShining","player_choice":"Upgrade","floor":7.0,"gold_loss":0.0,"damage_taken":15.0,"cards_upgraded":["hierophant:Defend_Hierophant","hierophant:FieryStrike"]},{"damage_healed":0.0,"max_hp_gain":0.0,"max_hp_loss":0.0,"gold_gain":100.0,"event_name":"Golden Shrine","player_choice":"Pray","floor":10.0,"gold_loss":0.0,"damage_taken":0.0},{"damage_healed":5.0,"max_hp_gain":0.0,"max_hp_loss":0.0,"gold_gain":0.0,"event_name":"Wheel of Change","player_choice":"Full Heal","floor":14.0,"gold_loss":0.0,"damage_taken":0.0},{"damage_healed":0,"gold_gain":100,"player_choice":"Pray","damage_taken":0,"max_hp_gain":0,"max_hp_loss":0,"event_name":"Golden Shrine","floor":20,"gold_loss":0},{"cards_removed":["hierophant:EyeForCoin"],"damage_healed":0,"gold_gain":0,"player_choice":"Purged","damage_taken":0,"max_hp_gain":0,"max_hp_loss":0,"event_name":"Purifier","floor":21,"gold_loss":0}],"is_beta":false,"boss_relics":[{"not_picked":["Velvet Choker","Snecko Eye"],"picked":"Runic Pyramid"}],"items_purged_floors":[],"is_endless":false,"potions_floor_spawned":[3,11,13,16,18,25,27],"killed_by":"Automaton","ascension_level":0}}