{"host":"jpcy2bclvs7juczu","time":1608770361,"event":{"mods":["AchievementEnabler","BaseMod","Block Reminder","Colored Powertips","Minty Spire (QoL Compilation)","Quick Restart","Relic Stats","ojb\u0027s Better Paths Mod","ojb\u0027s Info Mod","slay the spire mod where everything is the same but ironclad has a cowboy hat"],"gold_per_floor":[15,30,30,50,50,79,79,112,112,126,276,296,42,42,42,117,117,133,58,58,90,100,129,129,146,146,164,0,0,19,19,19],"floor_reached":31,"playtime":1075,"items_purged":["Doubt"],"score":530,"play_id":"fba08cbd-56c2-4dcd-8830-489bb79d7f6f","local_time":"20201224003921","is_ascension_mode":true,"campfire_choices":[{"data":"Fire Breathing","floor":7.0,"key":"SMITH"},{"data":"Bash","floor":15,"key":"SMITH"},{"data":"Shockwave","floor":24,"key":"SMITH"},{"data":"Second Wind","floor":29,"key":"SMITH"}],"circlet_count":0,"master_deck":["AscendersBane","Strike_R","Strike_R","Strike_R","Defend_R","Defend_R","Defend_R","Defend_R","Bash+1","Carnage+1","Fire Breathing+1","Burning Pact","Power Through","Sever Soul","Headbutt","Fiend Fire","Offering","Ghostly Armor","Shockwave+1","Ghostly Armor+1","Body Slam+1","Second Wind+1"],"relics":["Burning Blood","Torii","PreservedInsect","White Beast Statue","Mercury Hourglass","Cursed Key","Red Mask","Akabeko","Toolbox"],"acts_visited":["Exordium","TheCity"],"potions_floor_usage":[16,18,23,25],"damage_taken":[{"damage":13.0,"enemies":"Small Slimes","floor":1.0,"turns":4.0},{"damage":1.0,"enemies":"2 Louse","floor":2.0,"turns":5.0},{"damage":0.0,"enemies":"Cultist","floor":4.0,"turns":2.0},{"damage":42.0,"enemies":"Gremlin Nob","floor":6.0,"turns":6.0},{"damage":10.0,"enemies":"3 Sentries","floor":8.0,"turns":4.0},{"damage":9.0,"enemies":"Exordium Wildlife","floor":10.0,"turns":3.0},{"damage":12,"enemies":"Looter","floor":12,"turns":4},{"damage":23,"enemies":"Slime Boss","floor":16,"turns":5},{"damage":17,"enemies":"2 Thieves","floor":18,"turns":2},{"damage":18,"enemies":"Masked Bandits","floor":21,"turns":3},{"damage":6,"enemies":"Chosen","floor":22,"turns":3},{"damage":18,"enemies":"Slavers","floor":23,"turns":5},{"damage":6,"enemies":"3 Cultists","floor":25,"turns":4},{"damage":8,"enemies":"Shelled Parasite and Fungi","floor":27,"turns":4},{"damage":9,"enemies":"Chosen and Byrds","floor":30,"turns":3},{"damage":33,"enemies":"Snecko","floor":31,"turns":4}],"seed_played":"-9160551857277057522","potions_obtained":[{"floor":2.0,"key":"LiquidMemories"},{"floor":4.0,"key":"Weak Potion"},{"floor":10.0,"key":"Dexterity Potion"},{"floor":12,"key":"Regen Potion"},{"floor":16,"key":"Swift Potion"},{"floor":18,"key":"Block Potion"},{"floor":21,"key":"Ancient Potion"},{"floor":23,"key":"Regen Potion"},{"floor":25,"key":"FairyPotion"},{"floor":27,"key":"Strength Potion"},{"floor":30,"key":"PowerPotion"}],"is_trial":false,"path_per_floor":["M","M","?","M","?","E","R","E","T","M","?","M","$","?","R","B",null,"M","?","T","?","M","E","R","M","T","M","$","R","M","M"],"character_chosen":"IRONCLAD","items_purchased":["Fiend Fire","Toolbox"],"campfire_rested":0,"item_purchase_floors":[13,28],"current_hp_per_floor":[61,66,66,72,72,36,36,32,32,29,29,23,23,12,12,9,59,48,48,48,36,36,24,24,36,36,34,34,34,31,0,0],"gold":19,"neow_bonus":"ONE_RARE_RELIC","is_daily":false,"chose_seed":false,"campfire_upgraded":4,"win_rate":0.0,"timestamp":1608770361,"path_taken":["M","M","?","M","?","E","R","E","T","?","?","M","$","?","R","BOSS","M","?","?","?","M","E","R","?","T","M","$","R","M","M"],"items_purchased_type":["Card","Relic"],"build_version":"2020-12-22","purchased_purges":1,"victory":false,"max_hp_per_floor":[75,75,75,75,75,75,75,75,75,75,75,75,75,75,75,75,75,75,75,75,75,75,75,75,75,75,75,75,75,75,75,75],"relic_stats":{"Torii":15,"counters":[16,60],"PreservedInsect":74,"Cursed Key":0,"obtain_stats":[{"Torii":0,"Toolbox":28,"PreservedInsect":6,"Red Mask":21,"Cursed Key":17,"Burning Blood":0,"White Beast Statue":8,"Akabeko":23,"Mercury Hourglass":14},{"Torii":0,"Toolbox":14,"PreservedInsect":4,"Red Mask":10,"Cursed Key":8,"Burning Blood":0,"White Beast Statue":5,"Akabeko":12,"Mercury Hourglass":7},{"Torii":0,"Toolbox":53,"PreservedInsect":17,"Red Mask":38,"Cursed Key":33,"Burning Blood":0,"White Beast Statue":21,"Akabeko":46,"Mercury Hourglass":28}],"Burning Blood":90,"Mercury Hourglass":[152]},"card_choices":[{"not_picked":["Iron Wave","Pommel Strike"],"picked":"Carnage","floor":1.0},{"not_picked":["Perfected Strike","Armaments"],"picked":"Fire Breathing","floor":2.0},{"not_picked":["Sword Boomerang","Perfected Strike"],"picked":"Burning Pact","floor":4.0},{"not_picked":["Clash","Exhume","True Grit"],"picked":"SKIP","floor":6.0},{"not_picked":["Clash","Exhume","True Grit"],"picked":"SKIP","floor":6.0},{"not_picked":["Intimidate","Dark Embrace"],"picked":"Sever Soul","floor":8.0},{"not_picked":["Anger","Dropkick"],"picked":"Headbutt","floor":10.0},{"not_picked":["Searing Blow","Sword Boomerang","Havoc"],"picked":"SKIP","floor":12},{"not_picked":["Fiend Fire","Demon Form"],"picked":"Offering","floor":16},{"not_picked":["Headbutt","Pummel+1","Bloodletting"],"picked":"SKIP","floor":18},{"not_picked":["Iron Wave","Havoc"],"picked":"Ghostly Armor","floor":21},{"not_picked":["Headbutt","Uppercut"],"picked":"Shockwave","floor":22},{"not_picked":["Searing Blow","Blood for Blood"],"picked":"Ghostly Armor+1","floor":23},{"not_picked":["Clothesline","Uppercut"],"picked":"Body Slam+1","floor":25},{"not_picked":["Thunderclap","Disarm"],"picked":"Second Wind","floor":27},{"not_picked":["Iron Wave","Clothesline","Fiend Fire"],"picked":"SKIP","floor":30}],"player_experience":177812,"relics_obtained":[{"floor":6.0,"key":"PreservedInsect"},{"floor":8.0,"key":"White Beast Statue"},{"floor":21,"key":"Red Mask"},{"floor":23,"key":"Akabeko"}],"event_choices":[{"damage_healed":0.0,"max_hp_gain":0.0,"max_hp_loss":0.0,"gold_gain":0.0,"event_name":"Living Wall","player_choice":"Grow","floor":3.0,"gold_loss":0.0,"damage_taken":0.0,"cards_upgraded":["Carnage"]},{"damage_healed":0.0,"max_hp_gain":0.0,"max_hp_loss":0.0,"gold_gain":0.0,"cards_transformed":["Strike_R"],"event_name":"Transmorgrifier","player_choice":"Transformed","floor":5.0,"gold_loss":0.0,"damage_taken":0.0,"cards_obtained":["Power Through"]},{"damage_healed":0,"gold_gain":150,"player_choice":"AGREE","damage_taken":0,"max_hp_gain":0,"max_hp_loss":0,"event_name":"Liars Game","floor":11,"gold_loss":0,"cards_obtained":["Doubt"]},{"damage_healed":0,"gold_gain":0,"player_choice":"Success","damage_taken":11,"relics_obtained":["Mercury Hourglass"],"max_hp_gain":0,"max_hp_loss":0,"event_name":"Scrap Ooze","floor":14,"gold_loss":0},{"cards_removed":["Strike_R"],"damage_healed":0,"gold_gain":0,"player_choice":"Gave Gold","damage_taken":0,"max_hp_gain":0,"max_hp_loss":0,"event_name":"Beggar","floor":19,"gold_loss":75},{"damage_healed":0,"gold_gain":0,"player_choice":"Fought Bandits","damage_taken":0,"max_hp_gain":0,"max_hp_loss":0,"event_name":"Masked Bandits","floor":21,"gold_loss":0}],"is_beta":false,"boss_relics":[{"not_picked":["Ectoplasm","Coffee Dripper"],"picked":"Cursed Key"}],"items_purged_floors":[13],"is_endless":false,"potions_floor_spawned":[2,4,10,12,16,18,21,22,23,25,27,30],"killed_by":"Snecko","ascension_level":20}}