{"host":"9v3x998ddbx8o276","time":1608805648,"event":{"mods":["AchievementEnabler","BaseMod","Colored Map","Highlight Path","Minty Spire (QoL Compilation)","Quick Restart","Rare Cards Sparkle"],"gold_per_floor":[119,12,12,27,40,75,75,90,90,115,57,57,75,101,101,175,175,191,191,191,218,43,43,70,70,93,93,106,106,119,129,129,206,206,224,1223,703,719,735,766,766,782,806,806,806],"floor_reached":44,"playtime":3853,"items_purged":["Strike_R","Normality"],"score":1027,"play_id":"2c6bd29a-9bd3-4a48-ab6b-7292c4011e61","local_time":"20201224205728","is_ascension_mode":true,"campfire_choices":[{"data":"Spot Weakness","floor":7.0,"key":"SMITH"},{"floor":12.0,"key":"REST"},{"floor":15.0,"key":"REST"},{"floor":23.0,"key":"REST"},{"floor":25.0,"key":"REST"},{"floor":29.0,"key":"REST"},{"floor":32.0,"key":"REST"},{"floor":41.0,"key":"REST"}],"circlet_count":0,"master_deck":["AscendersBane","Strike_R","Strike_R","Defend_R","Defend_R","Defend_R","Defend_R","Bash","Cleave","Flash of Steel","Spot Weakness+1","Thunderclap","Feed","Fire Breathing","Battle Trance","Wild Strike+1","Blood for Blood+1","Sword Boomerang+1","Shockwave","Shrug It Off","Offering","True Grit","J.A.X.+1","Evolve","Shrug It Off","Power Through+1","Feel No Pain+1","Barricade","Dark Embrace","Shrug It Off+1","Corruption","Metallicize+1","Normality","Rupture","Hemokinesis+1","Shrug It Off+1","Body Slam+1","Reaper+1","Parasite","Rupture"],"relics":["Burning Blood","NeowsBlessing","Tiny Chest","Dream Catcher","Molten Egg 2","Ancient Tea Set","Fusion Hammer","Regal Pillow","Toxic Egg 2","Blood Vial","Busted Crown","Membership Card","Red Skull","Bronze Scales","Potion Belt"],"acts_visited":["Exordium","TheCity","TheBeyond"],"potions_floor_usage":[44,44],"damage_taken":[{"damage":0.0,"enemies":"Cultist","floor":1.0,"turns":1.0},{"damage":0.0,"enemies":"2 Louse","floor":4.0,"turns":1.0},{"damage":0.0,"enemies":"Small Slimes","floor":5.0,"turns":1.0},{"damage":40.0,"enemies":"3 Sentries","floor":6.0,"turns":6.0},{"damage":0.0,"enemies":"3 Louse","floor":8.0,"turns":1.0},{"damage":39.0,"enemies":"Gremlin Nob","floor":10.0,"turns":4.0},{"damage":13.0,"enemies":"Exordium Thugs","floor":13.0,"turns":3.0},{"damage":25.0,"enemies":"3 Sentries","floor":14.0,"turns":5.0},{"damage":29.0,"enemies":"Hexaghost","floor":16.0,"turns":8.0},{"damage":14.0,"enemies":"3 Byrds","floor":18.0,"turns":4.0},{"damage":29.0,"enemies":"Book of Stabbing","floor":24.0,"turns":4.0},{"damage":6.0,"enemies":"Chosen","floor":28.0,"turns":5.0},{"damage":9.0,"enemies":"Centurion and Healer","floor":30.0,"turns":7.0},{"damage":36.0,"enemies":"Snake Plant","floor":31.0,"turns":5.0},{"damage":10.0,"enemies":"Collector","floor":33.0,"turns":6.0},{"damage":12.0,"enemies":"Orb Walker","floor":35.0,"turns":5.0},{"damage":17.0,"enemies":"3 Shapes","floor":38.0,"turns":8.0},{"damage":11.0,"enemies":"Spire Growth","floor":39.0,"turns":4.0},{"damage":49.0,"enemies":"Nemesis","floor":40.0,"turns":9.0},{"damage":20.0,"enemies":"Writhing Mass","floor":42.0,"turns":8.0},{"damage":91,"enemies":"Giant Head","floor":44,"turns":7}],"seed_played":"-6883986354195383344","potions_obtained":[{"floor":1.0,"key":"LiquidBronze"},{"floor":4.0,"key":"Block Potion"},{"floor":6.0,"key":"LiquidMemories"},{"floor":14.0,"key":"SpeedPotion"},{"floor":33.0,"key":"Dexterity Potion"}],"is_trial":false,"path_per_floor":["M","$","?","M","M","E","R","M","T","E","$","R","M","E","R","B",null,"M","?","?","T","$","R","E","R","T","?","M","R","M","M","R","B",null,"M","?","$","M","M","E","R","M","T","E"],"character_chosen":"IRONCLAD","items_purchased":["Flash of Steel","Wild Strike+1","Evolve","PowerPotion","Membership Card","Rupture","Hemokinesis+1","Red Skull","Bronze Scales","Explosive Potion","Shrug It Off+1"],"campfire_rested":7,"item_purchase_floors":[2,11,22,22,37,37,37,37,37,37,37],"current_hp_per_floor":[74,74,74,75,75,41,41,47,47,17,17,40,33,14,37,17,65,60,60,60,60,60,84,61,84,84,84,84,84,81,53,84,83,86,84,84,84,78,75,34,76,64,64,0,0],"gold":806,"neow_bonus":"THREE_ENEMY_KILL","is_daily":false,"chose_seed":false,"campfire_upgraded":1,"win_rate":0.0,"timestamp":1608805648,"path_taken":["M","$","?","M","?","E","R","M","T","E","?","R","M","E","R","BOSS","M","?","?","?","$","R","E","R","T","?","M","R","?","M","R","BOSS","M","?","$","M","M","E","R","M","T","E"],"items_purchased_type":["Card","Card","Card","Potion","Relic","Card","Card","Relic","Relic","Potion","Card"],"build_version":"2020-12-22","purchased_purges":2,"victory":false,"max_hp_per_floor":[75,75,75,75,75,75,75,75,75,78,78,78,78,78,78,81,81,84,84,84,84,84,84,84,84,84,84,84,84,84,84,84,87,87,90,90,90,93,93,93,93,93,93,93,93],"card_choices":[{"not_picked":["Burning Pact","Dark Embrace"],"picked":"Cleave","floor":1.0},{"not_picked":["Havoc","Blood for Blood"],"picked":"Spot Weakness","floor":4.0},{"not_picked":["Iron Wave","Burning Pact"],"picked":"Thunderclap","floor":5.0},{"not_picked":["Anger","Body Slam"],"picked":"Feed","floor":6.0},{"not_picked":["True Grit","Rupture"],"picked":"Fire Breathing","floor":8.0},{"not_picked":["Juggernaut","Pummel+1"],"picked":"Battle Trance","floor":10.0},{"not_picked":["Cleave+1","Entrench"],"picked":"Blood for Blood+1","floor":12.0},{"not_picked":["Flex","True Grit"],"picked":"Sword Boomerang+1","floor":13.0},{"not_picked":["Flex","Pommel Strike+1"],"picked":"Shockwave","floor":14.0},{"not_picked":["Havoc","Twin Strike+1"],"picked":"Shrug It Off","floor":15.0},{"not_picked":["Bludgeon+1","Brutality"],"picked":"Offering","floor":16.0},{"not_picked":["Whirlwind+1","Cleave+1"],"picked":"True Grit","floor":18.0},{"not_picked":["Clothesline+1","Sentinel"],"picked":"Shrug It Off","floor":23.0},{"not_picked":["Clothesline+1","Iron Wave+1","Searing Blow+1"],"picked":"SKIP","floor":24.0},{"not_picked":["Uppercut+1","Ghostly Armor+1"],"picked":"Power Through+1","floor":25.0},{"not_picked":["Thunderclap+1","Flex+1"],"picked":"Feel No Pain+1","floor":28.0},{"not_picked":["Headbutt+1","Twin Strike+1"],"picked":"Barricade","floor":29.0},{"not_picked":["Shrug It Off+1","Fire Breathing"],"picked":"Dark Embrace","floor":30.0},{"not_picked":["Perfected Strike+1","Iron Wave+1","Blood for Blood+1"],"picked":"SKIP","floor":31.0},{"not_picked":["Blood for Blood+1","Perfected Strike+1"],"picked":"Shrug It Off+1","floor":32.0},{"not_picked":["Feed+1","Immolate+1"],"picked":"Corruption","floor":33.0},{"not_picked":[],"picked":"Metallicize+1","floor":35.0},{"not_picked":["Armaments+1"],"picked":"SKIP","floor":38.0},{"not_picked":[],"picked":"Body Slam+1","floor":39.0},{"not_picked":[],"picked":"Reaper+1","floor":40.0},{"not_picked":[],"picked":"Rupture","floor":42.0}],"player_experience":2060907,"relics_obtained":[{"floor":6.0,"key":"Tiny Chest"},{"floor":9.0,"key":"Dream Catcher"},{"floor":10.0,"key":"Molten Egg 2"},{"floor":14.0,"key":"Ancient Tea Set"},{"floor":21.0,"key":"Regal Pillow"},{"floor":24.0,"key":"Toxic Egg 2"},{"floor":26.0,"key":"Blood Vial"},{"floor":40.0,"key":"Potion Belt"}],"event_choices":[{"cards_removed":["Strike_R"],"damage_healed":0.0,"max_hp_gain":0.0,"max_hp_loss":0.0,"gold_gain":0.0,"event_name":"Purifier","player_choice":"Purged","floor":3.0,"gold_loss":0.0,"damage_taken":0.0},{"cards_removed":["Strike_R"],"damage_healed":0.0,"max_hp_gain":0.0,"max_hp_loss":0.0,"gold_gain":0.0,"event_name":"Back to Basics","player_choice":"Elegance","floor":19.0,"gold_loss":0.0,"damage_taken":0.0},{"damage_healed":0.0,"max_hp_gain":0.0,"max_hp_loss":0.0,"gold_gain":0.0,"event_name":"Drug Dealer","player_choice":"Obtain J.A.X.","floor":20.0,"gold_loss":0.0,"damage_taken":0.0,"cards_obtained":["J.A.X."]},{"damage_healed":0.0,"max_hp_gain":0.0,"max_hp_loss":0.0,"gold_gain":0.0,"event_name":"Upgrade Shrine","player_choice":"Upgraded","floor":27.0,"gold_loss":0.0,"damage_taken":0.0,"cards_upgraded":["J.A.X."]},{"damage_healed":0.0,"max_hp_gain":0.0,"max_hp_loss":0.0,"gold_gain":999.0,"event_name":"MindBloom","player_choice":"Gold","floor":36.0,"gold_loss":0.0,"damage_taken":0.0,"cards_obtained":["Normality","Normality"]}],"is_beta":false,"boss_relics":[{"not_picked":["SacredBark","Runic Dome"],"picked":"Fusion Hammer"},{"not_picked":["Sozu","Philosopher\u0027s Stone"],"picked":"Busted Crown"}],"items_purged_floors":[22,37],"is_endless":false,"potions_floor_spawned":[1,4,6,14,24,33,39],"killed_by":"Giant Head","ascension_level":20}}