{"host":"258i9hh742n85m0z","time":1608797277,"event":{"mods":["Act Like it!","Aspiration","BaseMod","CapriCore","Challenge The Spire","Conspire","Decade(王小明)","Friendly Minions","Gensokyo","Hermit","HololiveMod","KinomotoSakuraMod(木之本樱)","Koishi","LagranYue(拉格朗・月)","Luminous","Minty Spire (QoL Compilation)","Prisma Mod","Quick Restart","Reimu（博丽灵梦）","Relic Stats","Remilia（蕾米莉亚）","Replay The Spire","RumiaBox-露米娅的神秘盒子","Spicy Shops","StSLib","The Alterego","The Bladedancer","The Bug Knight","The Cursed","The Gatherer","The Hierophant","The Immortal","The Poker Player","The Runesmith","The Senshi","The Servant 0.9.4","WarShipGirlsR/战舰少女R mod","Yohane!","Youmu（魂魄妖梦）","Yuri Mod","Yuyuko","【东方二次创作】八云紫mod","【遗物卡牌】REMEMod"],"gold_per_floor":[91,111,111,127,141,212,212,212,237,237,567,585,585,605,605,718,718,736,752,752,752,752,786,786,818,818,818,835,854,898,898,898],"floor_reached":31,"playtime":1388,"items_purged":[],"score":528,"play_id":"2b7a15df-32c2-4a29-88e3-e755b79a8112","local_time":"20201224160757","is_ascension_mode":true,"campfire_choices":[{"data":"Hololive_StrengthChampion","floor":7,"key":"SMITH"},{"data":"Hololive_StrengthChampion+2","floor":13,"key":"SMITH"},{"data":"Hololive_StrengthChampion+3","floor":15,"key":"SMITH"},{"floor":24,"key":"RECALL"},{"data":"Hololive_StrengthChampion+4","floor":27,"key":"SMITH"}],"circlet_count":0,"master_deck":["Hololive_Strike","Hololive_Strike+1","Hololive_Defend","Hololive_Defend","Hololive_Breathe","Hololive_CallFriendA","Hololive_CallNekomataOkayu","Hololive_CallYozoraMel","Hololive_CallSakuraMiko","Hololive_CallAZKi","Hololive_ILoveYou","Hololive_CallNakiriAyame","Hololive_StrengthChampion+5","Hololive_CallMoonaHoshinova","Hololive_CallUsadaPekora","Hololive_CocoNews","Hololive_Psychosis","Hololive_FlyingPonyTail","Hololive_CallNatsuiroMatsuri","Hololive_CallDoris","Hololive_CallShiroganeNoel","Hololive_CallMinatoAqua","Hololive_CallTokoyamiTowa","Hololive_ASMR+1","Hololive_CallAmaneKanata","Hololive_CallShirakamiFubuki","Hololive_CallYuzukiChoco"],"relics":["Hololive_TheStar","REME_ComplimentaryCards","LagranYue:RandomDrawCardRelic","Blood Vial","Old Coin","conspire:SpecialSausage","PrismaticShard","Gremlin Food","SumBook","GodSword5","MealTicket"],"acts_visited":["Exordium","TheCity"],"potions_floor_usage":[6,19,23,23],"damage_taken":[{"damage":0,"enemies":"2 Louse","floor":1,"turns":3},{"damage":0,"enemies":"Jaw Worm","floor":2,"turns":3},{"damage":0,"enemies":"Cultist","floor":4,"turns":3},{"damage":0,"enemies":"Blue Slaver","floor":5,"turns":5},{"damage":0,"enemies":"Lagavulin","floor":6,"turns":4},{"damage":0,"enemies":"Gremlin Nob","floor":11,"turns":4},{"damage":0,"enemies":"Looter","floor":12,"turns":3},{"damage":3,"enemies":"Large Slime","floor":14,"turns":4},{"damage":0,"enemies":"Hexaghost","floor":16,"turns":6},{"damage":0,"enemies":"Spheric Guardian","floor":18,"turns":4},{"damage":7,"enemies":"3 Byrds","floor":19,"turns":5},{"damage":0,"enemies":"Gremlin Leader","floor":23,"turns":4},{"damage":0,"enemies":"Book of Stabbing","floor":25,"turns":4},{"damage":0,"enemies":"Snecko","floor":28,"turns":3},{"damage":28,"enemies":"Shelled Parasite and Fungi","floor":29,"turns":5},{"damage":0,"enemies":"Gremlin Leader","floor":30,"turns":6},{"damage":0,"enemies":"Snake Plant","floor":31,"turns":1}],"seed_played":"-307141355475334008","potions_obtained":[{"floor":4,"key":"Fire Potion"},{"floor":5,"key":"REME_GoldPotion"},{"floor":6,"key":"Energy Potion"},{"floor":11,"key":"Toxic Potion"},{"floor":19,"key":"SkillPotion"},{"floor":29,"key":"FearPotion"}],"is_trial":false,"path_per_floor":["M","M","?","M","M","E","R","?","T","?","E","M","R","M","R","B",null,"M","M","?","?","?","E","R","E","T","R","M","M","E","M"],"character_chosen":"Hololive_HololiveCharacter","items_purchased":[],"campfire_rested":0,"item_purchase_floors":[],"current_hp_per_floor":[38,38,38,38,38,38,38,38,38,30,32,34,34,33,33,35,38,38,31,35,27,27,29,29,31,31,31,33,7,9,11,11],"gold":898,"neow_bonus":"TEN_PERCENT_HP_BONUS","is_daily":false,"chose_seed":false,"campfire_upgraded":4,"win_rate":0.0,"timestamp":1608797277,"path_taken":["M","M","?","?","M","E","R","?","T","?","E","M","R","M","R","BOSS","M","M","?","?","?","E","R","E","T","R","?","M","E","M"],"items_purchased_type":[],"build_version":"2020-12-22","purchased_purges":0,"victory":false,"max_hp_per_floor":[38,38,38,38,38,38,38,38,38,38,38,38,38,38,38,38,38,38,38,38,38,38,38,38,38,38,38,38,38,38,38,38],"relic_stats":{"Blood Vial":20,"counters":[17,67],"MealTicket":0,"obtain_stats":[{"Blood Vial":6,"Gremlin Food":23,"LagranYue:RandomDrawCardRelic":0,"Hololive_TheStar":0,"conspire:SpecialSausage":17,"MealTicket":30,"GodSword5":26,"PrismaticShard":21,"REME_ComplimentaryCards":0,"Old Coin":11,"SumBook":25},{"Blood Vial":5,"Gremlin Food":12,"LagranYue:RandomDrawCardRelic":0,"Hololive_TheStar":0,"conspire:SpecialSausage":9,"MealTicket":16,"GodSword5":13,"PrismaticShard":11,"REME_ComplimentaryCards":0,"Old Coin":6,"SumBook":13},{"Blood Vial":18,"Gremlin Food":48,"LagranYue:RandomDrawCardRelic":0,"Hololive_TheStar":0,"conspire:SpecialSausage":35,"MealTicket":66,"GodSword5":52,"PrismaticShard":44,"REME_ComplimentaryCards":0,"Old Coin":22,"SumBook":52}]},"card_choices":[{"not_picked":["Hololive_Psychosis","Hololive_HuntDinosaur","Hololive_Drill"],"picked":"Hololive_ILoveYou","floor":1},{"not_picked":["Hololive_Sequa","Hololive_LuckPotion","Hololive_CocoNews"],"picked":"Hololive_CallNakiriAyame","floor":2},{"not_picked":[],"picked":"Hololive_StrengthChampion","floor":3},{"not_picked":["Hololive_HuntDinosaur","Hololive_Psychosis","Hololive_CallNakiriAyame"],"picked":"Hololive_CallMoonaHoshinova","floor":4},{"not_picked":["Hololive_Breathe","Hololive_Trident","Hololive_ScarfAndHalo","Hololive_Sequa"],"picked":"SKIP","floor":5},{"not_picked":["Hololive_StrengthChampion","Hololive_CallShirakamiFubuki","Hololive_CallAZKi"],"picked":"Hololive_CallUsadaPekora","floor":6},{"not_picked":["Hololive_RevenueBasedLive","Hololive_Sequa","Hololive_StrengthChampion"],"picked":"Hololive_CallShiroganeNoel","floor":11},{"not_picked":["Hololive_CallShiroganeNoel","Hololive_CallTsunomakiWatame","Hololive_CocoNews"],"picked":"Hololive_CallMinatoAqua","floor":12},{"not_picked":["Hololive_LuckPotion","Hololive_Rebound","Hololive_Drill"],"picked":"Hololive_CallTokoyamiTowa","floor":14},{"not_picked":["Hololive_StarCraft","Hololive_BeCareful","Hololive_Recruit"],"picked":"Hololive_ASMR","floor":16},{"not_picked":["Hololive_Breathe+1","Hololive_Rebound+1","Hololive_FlyingPonyTail"],"picked":"Hololive_CallAmaneKanata","floor":18},{"not_picked":["Hololive_OvertimeWork","Hololive_CallShiroganeNoel","Hololive_ILoveYou"],"picked":"Hololive_CallShirakamiFubuki","floor":19},{"not_picked":["Hololive_RevenueBasedLive","Hololive_CocoNews+1","Hololive_Drill+1"],"picked":"Hololive_CallYuzukiChoco","floor":21},{"not_picked":["Scrawl","PrismaMod:MiyuDefenseExplosion+1","UnarmedAttack1+1","BloodHunter"],"picked":"SKIP","floor":23},{"not_picked":["blademaster:CombatPrep","Decade_Defend2+1","Fondling of Papilio","Runesmith:WhiteBalance"],"picked":"SKIP","floor":25},{"not_picked":["Ghostdom Sakura+1","LagranYue:SkillBrokenSwordCard+1","Wallop","Koishi:SubconsciousSweep"],"picked":"SKIP","floor":28},{"not_picked":["Worship+1","hierophant:FlamingChariot+1","Feel No Pain","hermit:HoleUp+1"],"picked":"SKIP","floor":29},{"not_picked":["LagranYue:AttackFireCard","hermit:ItchyTrigger","Koishi:IdleWhim","Defragment"],"picked":"SKIP","floor":30}],"player_experience":157500,"relics_obtained":[{"floor":6,"key":"Blood Vial"},{"floor":11,"key":"Old Coin"},{"floor":21,"key":"PrismaticShard"},{"floor":23,"key":"Gremlin Food"},{"floor":25,"key":"SumBook"},{"floor":26,"key":"GodSword5"},{"floor":30,"key":"MealTicket"}],"event_choices":[{"damage_healed":0,"gold_gain":0,"player_choice":"Entered Light","damage_taken":8,"max_hp_gain":0,"max_hp_loss":0,"event_name":"Shining Light","floor":10,"gold_loss":0,"cards_upgraded":["Hololive_Strike","Hololive_StrengthChampion"]},{"damage_healed":0,"gold_gain":0,"player_choice":"Upgraded","damage_taken":0,"max_hp_gain":0,"max_hp_loss":0,"event_name":"Upgrade Shrine","floor":22,"gold_loss":0,"cards_upgraded":["Hololive_ASMR"]}],"is_beta":false,"boss_relics":[{"not_picked":["ReplayTheSpireMod:DimensionalGlitch","Snecko Eye"],"picked":"conspire:SpecialSausage"}],"items_purged_floors":[],"is_endless":false,"potions_floor_spawned":[4,5,6,11,18,19,29],"killed_by":"Snake Plant","ascension_level":2}}