{"host":"12piqfhmdln9x2la","time":1608832020,"event":{"mods":["2.2 Compatiblity","AchievementEnabler","BaseMod","BetterRewards","Colored Powertips","Minty Spire (QoL Compilation)","Quick Restart","SuperFastMode"],"gold_per_floor":[110,185,185,199,16,45,45,80,131,161,171,183,183,199,199,304,304,317,317,329,329,101,101,130,130,130,150,150,180,200,200,200],"floor_reached":31,"playtime":600,"items_purged":["Strike_R"],"score":405,"play_id":"fefd7bbe-faf8-4e16-8553-dd18034c1f2f","local_time":"20201225024700","is_ascension_mode":true,"campfire_choices":[{"floor":13,"key":"RECALL"},{"floor":15,"key":"REST"},{"data":"Apotheosis","floor":23,"key":"SMITH"},{"floor":25,"key":"REST"}],"circlet_count":0,"master_deck":["Strike_R","Strike_R+1","Strike_R+1","Defend_R+1","Defend_R","Defend_R+1","Defend_R","Bash","Armaments","Demon Form","Apotheosis+1","Infernal Blade","Flex+1","Cleave","Bloodletting+1","Heavy Blade","Impervious+1","Seeing Red+1","Thunderclap+1","Heavy Blade"],"relics":["Burning Blood","NeowsBlessing","Whetstone","Toxic Egg 2","Vajra","Omamori","Black Star","Lee\u0027s Waffle","Unceasing Top","Lizard Tail","MutagenicStrength","Strawberry","Lantern"],"acts_visited":["Exordium","TheCity"],"potions_floor_usage":[12,16,24,31],"damage_taken":[{"damage":0,"enemies":"2 Louse","floor":1,"turns":1},{"damage":0,"enemies":"Small Slimes","floor":4,"turns":1},{"damage":0,"enemies":"Gremlin Nob","floor":6,"turns":1},{"damage":18,"enemies":"Lagavulin","floor":8,"turns":5},{"damage":33,"enemies":"3 Sentries","floor":10,"turns":10},{"damage":7,"enemies":"Jaw Worm","floor":11,"turns":3},{"damage":16,"enemies":"Large Slime","floor":12,"turns":4},{"damage":6,"enemies":"Looter","floor":14,"turns":3},{"damage":0,"enemies":"Slime Boss","floor":16,"turns":3},{"damage":23,"enemies":"Chosen","floor":18,"turns":5},{"damage":48,"enemies":"Shell Parasite","floor":20,"turns":6},{"damage":83,"enemies":"Book of Stabbing","floor":24,"turns":8},{"damage":13,"enemies":"Snecko","floor":27,"turns":4},{"damage":37,"enemies":"Slavers","floor":29,"turns":5},{"damage":38,"enemies":"Centurion and Healer","floor":30,"turns":6},{"damage":20,"enemies":"Book of Stabbing","floor":31,"turns":4}],"seed_played":"-1947807550401126584","potions_obtained":[{"floor":6,"key":"SteroidPotion"},{"floor":10,"key":"Ancient Potion"},{"floor":11,"key":"Block Potion"},{"floor":16,"key":"ElixirPotion"},{"floor":20,"key":"Block Potion"},{"floor":29,"key":"Dexterity Potion"},{"floor":30,"key":"Energy Potion"}],"is_trial":false,"path_per_floor":["M","?","?","M","$","E","?","E","T","E","M","M","R","M","R","B",null,"M","?","M","?","$","R","E","R","T","M","?","E","M","E"],"character_chosen":"IRONCLAD","items_purchased":["Apotheosis","Lee\u0027s Waffle"],"campfire_rested":2,"item_purchase_floors":[5,22],"current_hp_per_floor":[80,69,62,68,68,74,58,46,46,19,18,8,8,8,32,38,80,63,63,21,21,87,87,10,36,36,29,29,49,17,0,0],"gold":200,"neow_bonus":"THREE_ENEMY_KILL","is_daily":false,"chose_seed":false,"campfire_upgraded":1,"win_rate":0.0,"timestamp":1608832020,"path_taken":["M","?","?","M","$","E","?","E","T","E","M","M","R","M","R","BOSS","M","?","M","?","$","R","E","R","T","M","?","E","M","E"],"items_purchased_type":["Card","Relic"],"build_version":"2020-12-22","purchased_purges":1,"victory":false,"max_hp_per_floor":[80,80,80,80,80,80,80,80,80,80,80,80,80,80,80,80,80,80,80,80,80,87,87,87,87,87,87,87,94,94,94,94],"card_choices":[{"not_picked":["Pommel Strike","Shrug It Off"],"picked":"Armaments","floor":1},{"not_picked":["Warcry","Intimidate"],"picked":"Demon Form","floor":4},{"not_picked":["Twin Strike","Dark Embrace"],"picked":"Infernal Blade","floor":6},{"not_picked":["Sever Soul","Pommel Strike"],"picked":"Flex+1","floor":8},{"not_picked":["Second Wind+1","Seeing Red+1"],"picked":"Cleave","floor":10},{"not_picked":["Dark Embrace","True Grit+1"],"picked":"Bloodletting+1","floor":11},{"not_picked":["Iron Wave","Feel No Pain","True Grit+1"],"picked":"SKIP","floor":12},{"not_picked":["Headbutt","Shrug It Off+1"],"picked":"Heavy Blade","floor":14},{"not_picked":["Fiend Fire","Juggernaut"],"picked":"Impervious+1","floor":16},{"not_picked":["Sword Boomerang","True Grit+1","Perfected Strike+1"],"picked":"SKIP","floor":18},{"not_picked":["Clothesline+1","Demon Form"],"picked":"Thunderclap+1","floor":20},{"not_picked":["Rage+1","Thunderclap+1","Clothesline"],"picked":"SKIP","floor":24},{"not_picked":["Seeing Red+1","Clash"],"picked":"Heavy Blade","floor":27},{"not_picked":["Metallicize+1","Thunderclap","Rage+1"],"picked":"SKIP","floor":29},{"not_picked":["Brutality","Shockwave+1","Thunderclap"],"picked":"SKIP","floor":30}],"player_experience":118364,"relics_obtained":[{"floor":6,"key":"Whetstone"},{"floor":8,"key":"Toxic Egg 2"},{"floor":9,"key":"Vajra"},{"floor":10,"key":"Omamori"},{"floor":24,"key":"Unceasing Top"},{"floor":24,"key":"Lizard Tail"},{"floor":29,"key":"Strawberry"},{"floor":29,"key":"Lantern"}],"event_choices":[{"damage_healed":0,"gold_gain":75,"player_choice":"Gather Gold","damage_taken":11,"max_hp_gain":0,"max_hp_loss":0,"event_name":"World of Goop","floor":2,"gold_loss":0},{"cards_removed":["Strike_R"],"damage_healed":0,"gold_gain":0,"player_choice":"Card Removal","damage_taken":7,"max_hp_gain":0,"max_hp_loss":0,"event_name":"Golden Wing","floor":3,"gold_loss":0},{"damage_healed":0,"gold_gain":0,"player_choice":"Entered Light","damage_taken":16,"max_hp_gain":0,"max_hp_loss":0,"event_name":"Shining Light","floor":7,"gold_loss":0,"cards_upgraded":["Defend_R","Defend_R"]},{"damage_healed":0,"gold_gain":0,"player_choice":"Read","damage_taken":0,"max_hp_gain":0,"max_hp_loss":0,"event_name":"The Library","floor":19,"gold_loss":0,"cards_obtained":["Seeing Red"]},{"damage_healed":0,"gold_gain":0,"player_choice":"Ignored","damage_taken":0,"max_hp_gain":0,"max_hp_loss":0,"event_name":"Ghosts","floor":21,"gold_loss":0},{"damage_healed":0,"gold_gain":0,"player_choice":"Inject Mutagens","damage_taken":0,"relics_obtained":["MutagenicStrength"],"max_hp_gain":0,"max_hp_loss":0,"event_name":"Drug Dealer","floor":28,"gold_loss":0}],"is_beta":false,"boss_relics":[{"not_picked":["Astrolabe","Cursed Key"],"picked":"Black Star"}],"items_purged_floors":[22],"is_endless":false,"potions_floor_spawned":[6,10,11,16,20,29,30],"killed_by":"Book of Stabbing","ascension_level":2}}