{"host":"szp1d6dso4pv7ddl","time":1608776292,"event":{"mods":["AchievementEnabler","Alarm Clock","BaseMod","Bestiary","Block Reminder","Colored Map","Colored Powertips","Curses Come First","Displayed Cursed Tome","Highlight Path","Minty Spire (QoL Compilation)","Permanent Neow","Quick Restart","Relic Sorter","Relic Stats","StSLib","Synergy Search"],"gold_per_floor":[119,74,92,92,107,134,47,47,47,80,99,112,123,139,139,241,241,259,277,26,26,26,56,82,94,132,169,181,224,252,291,303,410,422,444,470,392,129,140,140,40,53,79,79,96,107,107,127,127,127],"floor_reached":51,"playtime":3030,"items_purged":["Strike_G","Defend_G"],"score":1088,"play_id":"bca000ac-02aa-456c-a86d-d3fc7791d39f","local_time":"20201223181812","is_ascension_mode":true,"campfire_choices":[{"floor":8.0,"key":"REST"},{"floor":15.0,"key":"REST"},{"data":"Accuracy","floor":25.0,"key":"SMITH"},{"floor":32.0,"key":"REST"},{"data":"Blade Dance","floor":40.0,"key":"SMITH"},{"floor":44.0,"key":"REST"},{"data":"Infinite Blades","floor":49.0,"key":"SMITH"}],"circlet_count":0,"master_deck":["Defend_G","Defend_G","Survivor","Neutralize","Slice","Blade Dance+1","Deflect","Blade Dance","Bandage Up+1","Blade Dance","Blade Dance","After Image","Backstab+1","Accuracy+1","Accuracy+1","Infinite Blades+1","Blade Dance+1","Night Terror+1","Prepared+1","Backflip+1","Accuracy+1","Prepared+1","Terror+1"],"relics":["Ring of the Snake","Pen Nib","Lizard Tail","Molten Egg 2","Bottled Lightning","WristBlade","Bottled Tornado","MawBank","Art of War","Prayer Wheel","Blood Vial","Toxic Egg 2","Empty Cage","Regal Pillow"],"acts_visited":["Exordium","TheCity","TheBeyond"],"potions_floor_usage":[50,50,50],"damage_taken":[{"damage":4.0,"enemies":"2 Louse","floor":1.0,"turns":3.0},{"damage":0.0,"enemies":"Cultist","floor":3.0,"turns":3.0},{"damage":0.0,"enemies":"Jaw Worm","floor":5.0,"turns":3.0},{"damage":18.0,"enemies":"Lagavulin","floor":6.0,"turns":8.0},{"damage":20.0,"enemies":"3 Sentries","floor":10.0,"turns":9.0},{"damage":0.0,"enemies":"Blue Slaver","floor":11.0,"turns":3.0},{"damage":6.0,"enemies":"Exordium Wildlife","floor":12.0,"turns":4.0},{"damage":0.0,"enemies":"3 Louse","floor":13.0,"turns":2.0},{"damage":4.0,"enemies":"Exordium Thugs","floor":14.0,"turns":3.0},{"damage":67.0,"enemies":"The Guardian","floor":16.0,"turns":17.0},{"damage":0.0,"enemies":"3 Byrds","floor":18.0,"turns":3.0},{"damage":0.0,"enemies":"Shell Parasite","floor":19.0,"turns":3.0},{"damage":11.0,"enemies":"Book of Stabbing","floor":23.0,"turns":3.0},{"damage":0.0,"enemies":"3 Cultists","floor":24.0,"turns":3.0},{"damage":9.0,"enemies":"Slavers","floor":27.0,"turns":4.0},{"damage":0.0,"enemies":"Gremlin Leader","floor":29.0,"turns":3.0},{"damage":25.0,"enemies":"Snake Plant","floor":30.0,"turns":3.0},{"damage":7.0,"enemies":"Slavers","floor":31.0,"turns":4.0},{"damage":40.0,"enemies":"Champ","floor":33.0,"turns":7.0},{"damage":3.0,"enemies":"Orb Walker","floor":35.0,"turns":2.0},{"damage":16.0,"enemies":"3 Darklings","floor":36.0,"turns":3.0},{"damage":0.0,"enemies":"Jaw Worm Horde","floor":39.0,"turns":2.0},{"damage":30.0,"enemies":"Maw","floor":42.0,"turns":3.0},{"damage":0.0,"enemies":"3 Darklings","floor":45.0,"turns":2.0},{"damage":1.0,"enemies":"Sphere and 2 Shapes","floor":46.0,"turns":3.0},{"damage":0.0,"enemies":"Transient","floor":48.0,"turns":5.0},{"damage":75,"enemies":"Awakened One","floor":50,"turns":9}],"seed_played":"-619879594875890363","potions_obtained":[{"floor":5.0,"key":"Dexterity Potion"},{"floor":10.0,"key":"DuplicationPotion"},{"floor":11.0,"key":"SpeedPotion"},{"floor":13.0,"key":"Energy Potion"},{"floor":16.0,"key":"SneckoOil"},{"floor":19.0,"key":"Weak Potion"},{"floor":23.0,"key":"SpeedPotion"},{"floor":24.0,"key":"CultistPotion"},{"floor":35.0,"key":"FearPotion"},{"floor":48.0,"key":"Block Potion"}],"is_trial":false,"path_per_floor":["M","$","M","?","M","E","$","R","T","E","M","M","M","M","R","B",null,"M","M","$","?","?","E","M","R","T","E","$","E","M","E","R","B",null,"M","M","?","$","M","R","$","M","T","R","M","M","?","M","R","B",null],"character_chosen":"THE_SILENT","items_purchased":["Blade Dance","Bandage Up","Bottled Tornado","Pen Nib","Swift Potion"],"campfire_rested":4,"item_purchase_floors":[2,7,20,38,38],"current_hp_per_floor":[41,41,41,41,41,23,23,44,44,28,32,30,30,30,51,24,59,63,67,67,67,54,47,51,51,51,46,46,50,27,26,48,14,60,59,45,45,45,47,47,47,25,25,62,64,65,65,75,75,6],"gold":127,"neow_bonus":"REMOVE_TWO","is_daily":false,"chose_seed":false,"campfire_upgraded":3,"win_rate":0.0,"timestamp":1608776292,"path_taken":["M","$","M","?","M","E","$","R","T","E","M","?","?","M","R","BOSS","M","?","$","?","?","E","M","R","T","E","?","E","M","E","R","BOSS","M","M","?","$","M","R","?","M","T","R","?","M","?","M","R","BOSS"],"items_purchased_type":["Card","Card","Relic","Relic","Potion"],"build_version":"2020-12-22","purchased_purges":2,"victory":true,"max_hp_per_floor":[70,70,70,70,70,70,70,70,70,70,70,70,70,70,70,70,70,70,70,70,70,75,75,75,75,75,75,75,75,75,75,75,75,75,75,75,75,75,75,75,75,75,75,75,75,75,75,75,75,75],"relic_stats":{"Blood Vial":20,"Lizard Tail":35,"Regal Pillow":15,"counters":[27,117],"Prayer Wheel":8,"Pen Nib":[11],"Art of War":[0],"MawBank":180,"obtain_stats":[{"Regal Pillow":43,"Pen Nib":38,"Bottled Tornado":20,"MawBank":23,"Empty Cage":34,"Blood Vial":29,"Lizard Tail":6,"WristBlade":17,"Molten Egg 2":9,"Prayer Wheel":27,"Art of War":26,"Bottled Lightning":10,"Toxic Egg 2":31,"Ring of the Snake":0},{"Regal Pillow":23,"Pen Nib":21,"Bottled Tornado":12,"MawBank":13,"Empty Cage":19,"Blood Vial":16,"Lizard Tail":4,"WristBlade":10,"Molten Egg 2":4,"Prayer Wheel":15,"Art of War":14,"Bottled Lightning":5,"Toxic Egg 2":18,"Ring of the Snake":0},{"Regal Pillow":98,"Pen Nib":93,"Bottled Tornado":61,"MawBank":64,"Empty Cage":88,"Blood Vial":74,"Lizard Tail":17,"WristBlade":55,"Molten Egg 2":17,"Prayer Wheel":71,"Art of War":67,"Bottled Lightning":26,"Toxic Egg 2":81,"Ring of the Snake":0}],"Ring of the Snake":[54]},"card_choices":[{"not_picked":["Dodge and Roll","Bane"],"picked":"Slice","floor":1.0},{"not_picked":["Expertise","Dash"],"picked":"Deflect","floor":3.0},{"not_picked":["Deflect","A Thousand Cuts"],"picked":"Blade Dance","floor":5.0},{"not_picked":["Bane","Reflex","Eviscerate"],"picked":"SKIP","floor":6.0},{"not_picked":["Flechettes+1","Crippling Poison"],"picked":"Blade Dance","floor":10.0},{"not_picked":["Footwork","Eviscerate+1","Dodge and Roll"],"picked":"SKIP","floor":11.0},{"not_picked":["Caltrops","Skewer+1"],"picked":"Blade Dance","floor":12.0},{"not_picked":["Flying Knee+1","Setup","Poisoned Stab+1"],"picked":"SKIP","floor":13.0},{"not_picked":["Expertise","Backflip","Bane+1"],"picked":"SKIP","floor":14.0},{"not_picked":["Glass Knife+1","Grand Finale+1"],"picked":"After Image","floor":16.0},{"not_picked":["Sucker Punch+1","Masterful Stab+1"],"picked":"Backstab+1","floor":18.0},{"not_picked":["Backflip","Underhanded Strike+1"],"picked":"Accuracy+1","floor":19.0},{"not_picked":["Terror","Noxious Fumes+1"],"picked":"Slice+1","floor":23.0},{"not_picked":["Cloak And Dagger","Underhanded Strike+1","Flying Knee+1"],"picked":"SKIP","floor":24.0},{"not_picked":["Outmaneuver","All Out Attack+1"],"picked":"Infinite Blades","floor":27.0},{"not_picked":["Backflip+1","Dagger Spray+1","Acrobatics"],"picked":"SKIP","floor":29.0},{"not_picked":["Caltrops","Dodge and Roll"],"picked":"Blade Dance+1","floor":30.0},{"not_picked":["Distraction","Deadly Poison","Quick Slash+1"],"picked":"SKIP","floor":30.0},{"not_picked":["Acrobatics+1","Cloak And Dagger+1","Noxious Fumes"],"picked":"SKIP","floor":31.0},{"not_picked":["Venomology+1","Tools of the Trade"],"picked":"Night Terror+1","floor":33.0},{"not_picked":["Tactician+1","Flechettes+1"],"picked":"Prepared+1","floor":35.0},{"not_picked":["Prepared+1","Flying Knee+1","Quick Slash+1"],"picked":"SKIP","floor":35.0},{"not_picked":["Bane+1","Dodge and Roll+1"],"picked":"Backflip+1","floor":36.0},{"not_picked":["Deflect+1","Poisoned Stab+1","Cloak And Dagger+1"],"picked":"SKIP","floor":36.0},{"not_picked":["Infinite Blades","Choke+1"],"picked":"Accuracy+1","floor":39.0},{"not_picked":["Backflip+1","Dagger Spray+1","Dodge and Roll+1"],"picked":"SKIP","floor":39.0},{"not_picked":["Blade Dance+1","Deadly Poison+1"],"picked":"Prepared+1","floor":42.0},{"not_picked":["Catalyst+1","Deflect+1","Underhanded Strike+1"],"picked":"SKIP","floor":42.0},{"not_picked":["Slice+1","Dagger Spray+1","Venomology+1"],"picked":"SKIP","floor":45.0},{"not_picked":["Distraction+1","Backflip+1","Dagger Spray+1"],"picked":"SKIP","floor":45.0},{"not_picked":["Dagger Spray+1","PiercingWail+1"],"picked":"Terror+1","floor":46.0},{"not_picked":["Heel Hook+1","Backflip+1","Deadly Poison+1"],"picked":"SKIP","floor":46.0},{"not_picked":["Outmaneuver+1","Quick Slash+1","Deadly Poison+1"],"picked":"SKIP","floor":48.0},{"not_picked":["Prepared+1","Unload+1","PiercingWail+1"],"picked":"SKIP","floor":48.0}],"player_experience":992338,"relics_obtained":[{"floor":6.0,"key":"Lizard Tail"},{"floor":9.0,"key":"Molten Egg 2"},{"floor":10.0,"key":"Bottled Lightning"},{"floor":23.0,"key":"MawBank"},{"floor":26.0,"key":"Art of War"},{"floor":27.0,"key":"Prayer Wheel"},{"floor":29.0,"key":"Blood Vial"},{"floor":31.0,"key":"Toxic Egg 2"},{"floor":43.0,"key":"Regal Pillow"}],"event_choices":[{"cards_removed":["Defend_G"],"damage_healed":0.0,"max_hp_gain":0.0,"max_hp_loss":0.0,"gold_gain":0.0,"event_name":"Bonfire Elementals","player_choice":"Offered Basic","floor":4.0,"gold_loss":0.0,"damage_taken":0.0},{"damage_healed":0.0,"max_hp_gain":0.0,"max_hp_loss":0.0,"gold_gain":0.0,"event_name":"The Library","player_choice":"Read","floor":21.0,"gold_loss":0.0,"damage_taken":0.0,"cards_obtained":["Accuracy"]},{"damage_healed":0.0,"max_hp_gain":5.0,"max_hp_loss":0.0,"gold_gain":0.0,"event_name":"Forgotten Altar","player_choice":"Shed Blood","floor":22.0,"gold_loss":0.0,"damage_taken":18.0},{"cards_removed":["Strike_G"],"damage_healed":0.0,"max_hp_gain":0.0,"max_hp_loss":0.0,"gold_gain":0.0,"event_name":"Designer","player_choice":"Upgrade and Remove","floor":37.0,"gold_loss":90.0,"damage_taken":0.0,"cards_upgraded":["Bandage Up"]},{"cards_removed":["Slice"],"damage_healed":0.0,"max_hp_gain":0.0,"max_hp_loss":0.0,"gold_gain":0.0,"event_name":"Falling","player_choice":"Removed Attack","floor":47.0,"gold_loss":0.0,"damage_taken":0.0}],"is_beta":false,"boss_relics":[{"not_picked":["Sozu","Busted Crown"],"picked":"WristBlade"},{"not_picked":["Calling Bell","HoveringKite"],"picked":"Empty Cage"}],"items_purged_floors":[38,41],"is_endless":false,"potions_floor_spawned":[5,10,11,13,16,19,23,24,31,35,45,46,48],"ascension_level":9}}