{"host":"cbnfbo28eyz4xcn1","time":1608846019,"event":{"mods":["BaseMod","Colored Map","Colored Powertips","Infinite Spire","Minty Spire (QoL Compilation)","Replay The Spire","StSLib"],"gold_per_floor":[112,112,129,143,158,193,193,193,193,208,89,106,136,150,150,221,221,233,249,34,50,50,79,79,104,157,157,173,201,201,214,214,288,288,298,520,534,297,297,324,69,103,149,168,223,223,236,246,246,246],"floor_reached":51,"playtime":2490,"items_purged":["ReplayTheSpireMod:Restless Dread"],"score":1323,"play_id":"e5d72a96-61b7-4435-9e8a-5738b6648879","local_time":"20201224224019","is_ascension_mode":true,"campfire_choices":[{"floor":7.0,"key":"REST"},{"data":"Dramatic Entrance","floor":15.0,"key":"SMITH"},{"floor":24.0,"key":"REST"},{"data":"Flame Barrier","floor":27.0,"key":"SMITH"},{"data":"Whirlwind","floor":32.0,"key":"SMITH"},{"data":"Flex","floor":46,"key":"SMITH"},{"data":"Phantasmal Killer","floor":49,"key":"SMITH"}],"circlet_count":0,"master_deck":["AscendersBane","Strike_R","Strike_R","Strike_R","Strike_R","Defend_R","Defend_R","Defend_R","Defend_R","Bash","Inflame","Shrug It Off","Cleave","Flame Barrier","Pommel Strike","Heavy Blade","Whirlwind+1","Dramatic Entrance+1","Feed","Thunderclap","Cleave","Reaper","Whirlwind","Metallicize+1","Pummel","Twin Strike","Cleave","Flame Barrier+1","Inflame+1","infinitespire:FinalStrike","Metallicize","Impervious","Perfected Strike","Flex+1","Limit Break+1","Sweeping Beam+1","Pommel Strike","Pommel Strike","Panacea","Perfected Strike","Turbo+1","Impatience","Phantasmal Killer+1","Dash+1"],"relics":["Burning Blood","Another Sword","Pocketwatch","Replay:Mystery Machine","StoneCalendar","ChewingGum","HandDrill","ReplayTheSpireMod:Ninjato","Bag of Marbles","ReplayTheSpireMod:Lightbulb","Blue Doll","Red Mask","Philosopher\u0027s Stone","Honey Jar","PrismaticShard","infinitespire:CheckeredPen","BargainBundle","Question Card","Anchor","Counterbalance"],"acts_visited":["Exordium","TheCity","TheBeyond"],"potions_floor_usage":[40,50],"damage_taken":[{"damage":12.0,"enemies":"Jaw Worm","floor":1.0,"turns":3.0},{"damage":1.0,"enemies":"Cultist","floor":3.0,"turns":4.0},{"damage":1.0,"enemies":"2 Louse","floor":4.0,"turns":3.0},{"damage":18.0,"enemies":"Exordium Thugs","floor":5.0,"turns":4.0},{"damage":30.0,"enemies":"Replay:BlueRogue","floor":6.0,"turns":12.0},{"damage":1.0,"enemies":"Exordium Wildlife","floor":10.0,"turns":4.0},{"damage":4.0,"enemies":"3 Louse","floor":12.0,"turns":2.0},{"damage":16.0,"enemies":"Gremlin Nob","floor":13.0,"turns":3.0},{"damage":0.0,"enemies":"Lots of Slimes","floor":14.0,"turns":1.0},{"damage":45.0,"enemies":"Hexaghost","floor":16.0,"turns":7.0},{"damage":4.0,"enemies":"3 Byrds","floor":18.0,"turns":3.0},{"damage":11.0,"enemies":"Spheric Guardian","floor":19.0,"turns":3.0},{"damage":15.0,"enemies":"Snake Plant","floor":21.0,"turns":2.0},{"damage":32.0,"enemies":"Book of Stabbing","floor":23.0,"turns":4.0},{"damage":9.0,"enemies":"Replay:Snechameleon","floor":25.0,"turns":3.0},{"damage":14.0,"enemies":"Chosen and Byrds","floor":28.0,"turns":4.0},{"damage":0.0,"enemies":"Masked Bandits","floor":29.0,"turns":2.0},{"damage":19.0,"enemies":"Snecko","floor":31.0,"turns":3.0},{"damage":57.0,"enemies":"Champ","floor":33.0,"turns":7.0},{"damage":0.0,"enemies":"3 Darklings","floor":35.0,"turns":1.0},{"damage":0.0,"enemies":"Orb Walker","floor":37.0,"turns":2.0},{"damage":36,"enemies":"Nightmare","floor":40,"turns":5},{"damage":4,"enemies":"Reptomancer","floor":42,"turns":4},{"damage":0,"enemies":"Spire Growth","floor":44,"turns":1},{"damage":0,"enemies":"2 Orb Walkers","floor":45,"turns":2},{"damage":0,"enemies":"Writhing Mass","floor":47,"turns":2},{"damage":0,"enemies":"Jaw Worm Horde","floor":48,"turns":2},{"damage":27,"enemies":"Donu and Deca","floor":50,"turns":4}],"seed_played":"-7647850607099328356","potions_obtained":[{"floor":1.0,"key":"Swift Potion"},{"floor":4.0,"key":"FairyPotion"},{"floor":5.0,"key":"Explosive Potion"},{"floor":14.0,"key":"LifebloodPotion"},{"floor":16.0,"key":"Energy Potion"},{"floor":21.0,"key":"BlessingOfTheForge"},{"floor":31.0,"key":"FearPotion"},{"floor":33.0,"key":"AttackPotion"},{"floor":40,"key":"Elixir"},{"floor":44,"key":"SpeedPotion"},{"floor":45,"key":"SkillPotion"},{"floor":47,"key":"Explosive Potion"}],"is_trial":false,"path_per_floor":["M","?","M","M","M","E","R","T","T","M","$","M","E","M","R","B",null,"M","M","$","M","?","E","R","E","T","R","M","?","AVR","M","R","B",null,"M","?","M","$","?","NM","$","E","T","M","?","R","M","M","R","B",null],"character_chosen":"IRONCLAD","items_purchased":["Whirlwind","Dramatic Entrance","HandDrill","Pummel","Limit Break+1","PrismaticShard","BargainBundle","Pommel Strike","Panacea","infinitespire:BlackPotion"],"campfire_rested":2,"item_purchase_floors":[11,11,20,20,38,38,41,41,41,41],"current_hp_per_floor":[69,69,74,79,67,43,67,67,67,72,72,74,64,70,70,31,69,82,80,80,71,71,48,75,72,72,72,64,89,89,76,76,25,75,81,81,91,91,91,61,61,90,90,91,91,91,91,91,91,70],"gold":246,"neow_bonus":"TEN_PERCENT_HP_BONUS","is_daily":false,"chose_seed":false,"campfire_upgraded":5,"win_rate":0.0,"timestamp":1608846019,"path_taken":["M","?","M","?","M","E","R","?","T","M","$","M","E","M","R","BOSS","M","M","$","M","?","E","R","E","T","R","M","?","AVR","M","R","BOSS","M","?","M","$","?","NM","$","E","T","?","?","R","M","M","R","BOSS"],"items_purchased_type":["Card","Card","Relic","Card","Card","Relic","Relic","Card","Card","Potion"],"build_version":"2020-12-22","purchased_purges":1,"victory":true,"max_hp_per_floor":[82,82,82,82,82,82,82,82,82,82,82,82,82,82,82,82,82,85,88,88,88,88,91,91,91,91,91,91,91,91,91,91,91,91,91,91,91,91,91,91,91,91,91,91,91,91,91,91,91,91],"card_choices":[{"not_picked":["Wild Strike","Power Through"],"picked":"Inflame","floor":1.0},{"not_picked":["Iron Wave","Pommel Strike"],"picked":"Shrug It Off","floor":3.0},{"not_picked":["Iron Wave","Rampage"],"picked":"Cleave","floor":4.0},{"not_picked":["Sword Boomerang","Iron Wave"],"picked":"Flame Barrier","floor":5.0},{"not_picked":["Thunderclap","Intimidate"],"picked":"Pommel Strike","floor":6.0},{"not_picked":["Life Link","Clash"],"picked":"Heavy Blade","floor":10.0},{"not_picked":["Twin Strike","Dropkick"],"picked":"Feed","floor":12.0},{"not_picked":["Disarm","Havoc"],"picked":"Thunderclap","floor":13.0},{"not_picked":["Armaments","Havoc"],"picked":"Cleave","floor":14.0},{"not_picked":["Limit Break","Brutality"],"picked":"Reaper","floor":16.0},{"not_picked":["Armaments","Headbutt"],"picked":"Whirlwind","floor":18.0},{"not_picked":["Sword Boomerang","ReplayTheSpireMod:Stacked"],"picked":"Metallicize+1","floor":19.0},{"not_picked":["Entrench","Intimidate"],"picked":"Twin Strike","floor":21.0},{"not_picked":["Shrug It Off","Replay:Undeath\u0027s Touch"],"picked":"Cleave","floor":23.0},{"not_picked":["Intimidate","Entrench"],"picked":"Flame Barrier","floor":25.0},{"not_picked":["Armaments","Entrench"],"picked":"Inflame+1","floor":28.0},{"not_picked":["Combust","Warcry"],"picked":"Metallicize","floor":31.0},{"not_picked":["Reaper","Hemogenesis"],"picked":"Impervious","floor":33.0},{"not_picked":["Headbutt","Uppercut","Defy Death"],"picked":"Perfected Strike","floor":35.0},{"not_picked":["Havoc","Armaments","True Grit"],"picked":"Flex","floor":37.0},{"not_picked":["Hemokinesis","Omniscience","Dodge and Roll"],"picked":"Sweeping Beam+1","floor":40},{"not_picked":["ReplayReversal","Havoc","Flying Knee+1"],"picked":"Perfected Strike","floor":42},{"not_picked":["Evaluate","Outmaneuver","Replay:ManipulateFuture","Conclude"],"picked":"Turbo+1","floor":44},{"not_picked":["Compile Driver","Defragment","Sanctity","Blood for Blood"],"picked":"Impatience","floor":45},{"not_picked":["Reflex+1","Defragment","Riddle With Holes+1","Rip and Tear"],"picked":"Phantasmal Killer","floor":47},{"not_picked":["Panic Button","Capacitor+1","Dagger Throw","Protect"],"picked":"Dash+1","floor":48}],"player_experience":467193,"relics_obtained":[{"floor":6.0,"key":"Another Sword"},{"floor":8.0,"key":"Pocketwatch"},{"floor":9.0,"key":"Replay:Mystery Machine"},{"floor":13.0,"key":"StoneCalendar"},{"floor":23.0,"key":"Bag of Marbles"},{"floor":25.0,"key":"ReplayTheSpireMod:Lightbulb"},{"floor":26.0,"key":"Blue Doll"},{"floor":29.0,"key":"Red Mask"},{"floor":40,"key":"infinitespire:CheckeredPen"},{"floor":42,"key":"Question Card"},{"floor":43,"key":"Anchor"},{"floor":45,"key":"Counterbalance"}],"event_choices":[{"cards_removed":["Strike_R"],"damage_healed":0.0,"max_hp_gain":0.0,"max_hp_loss":0.0,"gold_gain":0.0,"event_name":"Bonfire Elementals","player_choice":"Offered Basic","floor":2.0,"gold_loss":0.0,"damage_taken":0.0},{"damage_healed":0.0,"max_hp_gain":0.0,"max_hp_loss":0.0,"gold_gain":0.0,"event_name":"Addict","player_choice":"Stole Relic","floor":22.0,"gold_loss":0.0,"damage_taken":0.0,"relics_obtained":["ReplayTheSpireMod:Ninjato"],"cards_obtained":["Shame"]},{"damage_healed":0.0,"max_hp_gain":0.0,"max_hp_loss":0.0,"gold_gain":0.0,"event_name":"Masked Bandits","player_choice":"Fought Bandits","floor":29.0,"gold_loss":0.0,"damage_taken":0.0},{"damage_healed":0.0,"max_hp_gain":0.0,"max_hp_loss":0.0,"gold_gain":222.0,"event_name":"Tomb of Lord Red Mask","player_choice":"Wore Mask","floor":36.0,"gold_loss":0.0,"damage_taken":0.0},{"damage_healed":0.0,"max_hp_gain":0.0,"max_hp_loss":0.0,"gold_gain":0.0,"cards_transformed":["Shame"],"event_name":"Transmorgrifier","player_choice":"Transformed","floor":39.0,"gold_loss":0.0,"damage_taken":0.0,"cards_obtained":["ReplayTheSpireMod:Restless Dread"]},{"damage_healed":0,"gold_gain":0,"player_choice":"Fight","damage_taken":0,"max_hp_gain":0,"max_hp_loss":0,"event_name":"Mysterious Sphere","floor":45,"gold_loss":0}],"is_beta":false,"boss_relics":[{"not_picked":["SacredBark","Runic Dome"],"picked":"ChewingGum"},{"not_picked":["Sozu","Pandora\u0027s Box"],"picked":"Honey Jar"}],"items_purged_floors":[41],"is_endless":false,"potions_floor_spawned":[1,4,5,13,14,16,19,21,31,33,40,44,45,47],"ascension_level":14}}