{"host":"12lnwhc48gjtaggg","time":1608839159,"event":{"mods":["Aspiration","BaseMod","BetterRewards","Gold Saver","GungeonMod","Infinite Spire","Minty Spire (QoL Compilation)","Remove Card Discount Mod","StSLib","Trackpad","[IsaacMod]????"],"gold_per_floor":[984,984,984,1001,1001,1001,1033,1033,1056,1067,1085,1085,1100,1096,1096,1199,1199,1215,1229,1227,1243,1443,1443,1474,1474,1474,1474,1474,1486,1486,1519,1519,1621,1621,1638,1656,1656,1656,1669,1697,1697,1710,1710,1721,1735,1749,1768,1535,1535,1535],"floor_reached":51,"playtime":1503,"items_purged":["Chaos","Beam Cell","Dualcast","infinitespire:Pacifist","Capacitor","Strike_B","Defend_B","Defend_B","Self Repair"],"score":989,"play_id":"f5f2765e-0faa-42fc-9aed-0f30a87e0b42","local_time":"20201224194559","is_ascension_mode":true,"campfire_choices":[{"floor":6,"key":"REST"},{"data":"Streamline","floor":8,"key":"SMITH"},{"data":"Capacitor","floor":12,"key":"SMITH"},{"floor":15,"key":"REST"},{"data":"Electrodynamics","floor":23,"key":"SMITH"},{"data":"Cold Snap","floor":25,"key":"SMITH"},{"data":"Strike_B","floor":30,"key":"SMITH"},{"floor":32,"key":"REST"},{"data":"Echo Form","floor":41,"key":"SMITH"},{"data":"Madness","floor":49,"key":"SMITH"}],"circlet_count":0,"master_deck":["Strike_B","Strike_B","Strike_B+1","Defend_B","Zap+1","Streamline+1","Capacitor+1","Electrodynamics+1","Cold Snap+1","Echo Form+1","Leap+1","Madness+1","Madness","Doom and Gloom","Creative AI","Doom and Gloom"],"relics":["Cracked Core","HushsDoor","GuppysHead","Ice Cream","MoneyPower","Boot","Busted Crown","Strawberry","aspiration:HummingbirdHeart","Cursed Key","Toy Ornithopter","SacredBark","aspiration:FrozenJewel","infinitespire:CheckeredPen"],"acts_visited":["Exordium","TheCity","TheBeyond"],"potions_floor_usage":[24,24,31,33,50,50,50],"damage_taken":[{"damage":0,"enemies":"Cultist","floor":1,"turns":2},{"damage":1,"enemies":"Jaw Worm","floor":4,"turns":2},{"damage":12,"enemies":"3 Sentries","floor":7,"turns":3},{"damage":0,"enemies":"2 Louse","floor":10,"turns":1},{"damage":6,"enemies":"Blue Slaver","floor":11,"turns":2},{"damage":11,"enemies":"Lots of Slimes","floor":13,"turns":3},{"damage":16,"enemies":"The Guardian","floor":16,"turns":8},{"damage":7,"enemies":"Shell Parasite","floor":18,"turns":2},{"damage":10,"enemies":"Chosen","floor":19,"turns":3},{"damage":0,"enemies":"Snecko","floor":21,"turns":2},{"damage":11,"enemies":"Slavers","floor":24,"turns":3},{"damage":4,"enemies":"Chosen and Byrds","floor":29,"turns":3},{"damage":6,"enemies":"Book of Stabbing","floor":31,"turns":3},{"damage":11,"enemies":"Automaton","floor":33,"turns":6},{"damage":1,"enemies":"3 Darklings","floor":35,"turns":4},{"damage":0,"enemies":"3 Shapes","floor":36,"turns":3},{"damage":0,"enemies":"Sphere and 2 Shapes","floor":39,"turns":3},{"damage":0,"enemies":"Reptomancer","floor":40,"turns":5},{"damage":0,"enemies":"3 Darklings","floor":42,"turns":4},{"damage":3,"enemies":"Jaw Worm Horde","floor":44,"turns":3},{"damage":1,"enemies":"Sphere and 2 Shapes","floor":45,"turns":4},{"damage":15,"enemies":"Spire Growth","floor":46,"turns":4},{"damage":4,"enemies":"3 Darklings","floor":47,"turns":5},{"damage":28,"enemies":"Donu and Deca","floor":50,"turns":7}],"seed_played":"4102695367117484991","potions_obtained":[{"floor":7,"key":"PowerPotion"},{"floor":10,"key":"AttackPotion"},{"floor":11,"key":"PotionOfCapacity"},{"floor":13,"key":"FocusPotion"},{"floor":24,"key":"ColorlessPotion"},{"floor":35,"key":"Regen Potion"},{"floor":40,"key":"infinitespire:BlackPotion"},{"floor":44,"key":"LiquidBronze"},{"floor":45,"key":"AttackPotion"},{"floor":47,"key":"PowerPotion"}],"is_trial":false,"path_per_floor":["M","?","?","M","?","R","E","R","T","M","M","R","M","$","R","B",null,"M","M","$","M","?","R","E","R","T","?","AVR","M","R","E","R","B",null,"M","M","?","?","M","E","R","M","T","M","M","M","M","$","R","B",null],"character_chosen":"DEFECT","items_purchased":["Ice Cream","Echo Form","Creative AI","Doom and Gloom"],"campfire_rested":3,"item_purchase_floors":[0,34,48,48],"current_hp_per_floor":[44,44,37,36,36,58,46,46,46,46,40,40,29,29,51,35,75,68,58,58,58,58,58,54,54,54,54,54,50,50,44,68,62,78,77,77,67,75,75,75,75,75,75,78,77,69,78,78,78,78],"gold":1535,"neow_bonus":"","is_daily":false,"chose_seed":false,"campfire_upgraded":7,"win_rate":0.0,"timestamp":1608839159,"path_taken":["M","?","?","?","?","R","E","R","T","M","M","R","M","$","R","BOSS","M","M","$","M","?","R","E","R","T","?","AVR","M","R","E","R","BOSS","M","M","?","?","M","E","R","M","T","?","M","M","M","$","R","BOSS"],"items_purchased_type":["Relic","Card","Card","Card"],"build_version":"2020-12-22","purchased_purges":9,"victory":true,"max_hp_per_floor":[75,75,75,75,75,75,75,75,75,75,75,75,75,75,75,75,75,75,75,75,75,75,75,82,82,82,82,82,82,82,82,82,82,78,78,78,78,78,78,78,78,78,78,78,78,78,78,78,78,78],"card_choices":[{"not_picked":["Rebound","Reinforced Body"],"picked":"Chaos","floor":1},{"not_picked":["Steam Power","Steam"],"picked":"Beam Cell","floor":4},{"not_picked":["Ball Lightning","Hologram"],"picked":"Streamline","floor":7},{"not_picked":["Tempest","Ball Lightning"],"picked":"Capacitor","floor":10},{"not_picked":["Rebound","Darkness"],"picked":"Electrodynamics","floor":11},{"not_picked":["Redo","Go for the Eyes"],"picked":"Cold Snap","floor":13},{"not_picked":["Streamline"],"picked":"SKIP","floor":18},{"not_picked":["Stack+1"],"picked":"SKIP","floor":19},{"not_picked":["Lockon"],"picked":"SKIP","floor":21},{"not_picked":["Conserve Battery"],"picked":"SKIP","floor":24},{"not_picked":["Beam Cell+1"],"picked":"SKIP","floor":29},{"not_picked":["Steam"],"picked":"SKIP","floor":31},{"not_picked":["Steam"],"picked":"SKIP","floor":31},{"not_picked":[],"picked":"Leap+1","floor":35},{"not_picked":["Steam Power"],"picked":"SKIP","floor":36},{"not_picked":["Undo+1"],"picked":"SKIP","floor":39},{"not_picked":["Turbo+1"],"picked":"SKIP","floor":40},{"not_picked":[],"picked":"Self Repair","floor":42},{"not_picked":[],"picked":"Capacitor","floor":44},{"not_picked":["Sweeping Beam"],"picked":"SKIP","floor":45},{"not_picked":[],"picked":"Doom and Gloom","floor":46},{"not_picked":["Compile Driver"],"picked":"SKIP","floor":47}],"player_experience":335809,"relics_obtained":[{"floor":7,"key":"Boot"},{"floor":24,"key":"Strawberry"},{"floor":26,"key":"aspiration:HummingbirdHeart"},{"floor":31,"key":"Toy Ornithopter"},{"floor":40,"key":"aspiration:FrozenJewel"},{"floor":43,"key":"infinitespire:CheckeredPen"}],"event_choices":[{"damage_healed":0,"gold_gain":0,"player_choice":"Grow","damage_taken":0,"max_hp_gain":0,"max_hp_loss":0,"event_name":"Living Wall","floor":2,"gold_loss":0,"cards_upgraded":["Zap"]},{"cards_removed":["Defend_B"],"damage_healed":0,"gold_gain":0,"player_choice":"Card Removal","damage_taken":7,"max_hp_gain":0,"max_hp_loss":0,"event_name":"Golden Wing","floor":3,"gold_loss":0},{"damage_healed":0,"gold_gain":250,"player_choice":"Bet on Owner","damage_taken":0,"max_hp_gain":0,"max_hp_loss":0,"event_name":"The Joust","floor":22,"gold_loss":50},{"damage_healed":0,"gold_gain":0,"player_choice":"Embrace Madness","damage_taken":10,"max_hp_gain":0,"max_hp_loss":0,"event_name":"Winding Halls","floor":37,"gold_loss":0,"cards_obtained":["Madness","Madness"]}],"is_beta":false,"boss_relics":[{"not_picked":["Nuclear Battery","Inserter"],"picked":"Busted Crown"},{"not_picked":[]},{"not_picked":["Runic Dome","ChampionBelt"],"picked":"SacredBark"},{"not_picked":[]}],"items_purged_floors":[14,14,20,48,48,48,48,48,48],"is_endless":false,"potions_floor_spawned":[7,10,11,13,19,21,24,35,40,44,45,47],"ascension_level":1}}