{"host":"ix2a18c4ohfsrslv","time":1608786948,"event":{"mods":["BaseMod","Better Third Choice","Downfall","Lobotomy","Minty Spire (QoL Compilation)","Replay The Spire","StSLib","The Dragon Tamer"],"gold_per_floor":[112,37,57,57,72,72,106,106,106,106,123,136,136,110,110,209,209,223,223,242,294,308,308,308,343,343,343,360,41,41,59,59,159,159,178,239,239,239,258,258,271,271,322,322,17,17,17,34,34,57,57,65,65,65],"floor_reached":52,"playtime":3131,"items_purged":["Hallucinations","DTMod:Strike"],"score":495,"play_id":"ac478737-83c4-4527-9057-f51128a03eb9","local_time":"20201223211548","is_ascension_mode":false,"metric_token":531,"campfire_choices":[{"data":"DTMod:Training","floor":6,"key":"SMITH"},{"floor":8,"key":"REST"},{"data":"DTMod:DarkBreath","floor":10,"key":"SMITH"},{"data":"DTMod:MagiciansMark","floor":15,"key":"SMITH"},{"floor":23,"key":"REST"},{"floor":27,"key":"REST"},{"data":"DTMod:HeadStart","floor":30,"key":"SMITH"},{"floor":32,"key":"DIG"},{"data":"DTMod:DragonDance","floor":40,"key":"SMITH"},{"floor":44,"key":"REST"},{"floor":49,"key":"REST"},{"floor":51,"key":"REST"}],"dtmod_dragon_data":[0,50,3,3,14,2],"circlet_count":0,"master_deck":["DTMod:Strike","DTMod:Strike","DTMod:Strike","DTMod:DoubleHit","DTMod:TargetDefense","DTMod:TargetDefense","DTMod:TargetDefense","DTMod:TargetDefense","DTMod:SwitchingTactic","DTMod:DarkBreath+1","DTMod:ComboAttack","DTMod:Training+1","DTMod:DragonDance+1","DTMod:Weaken","DTMod:MagiciansMark+1","DTMod:HeadStart+1","DTMod:InvisibleFlame","DTMod:Training+1","DTMod:WarmUp","DTMod:Safeguard","DTMod:OpeningTactic","DTMod:Harmonize","Writhe","Finesse+1","DTMod:Observe+1","DTMod:FlameSlash"],"relics":["DTMod:MagicStone","DTMod:BindingString","Ornamental Fan","Vajra","Oddly Smooth Stone","Replay:Mystery Machine","MutagenicStrength","Blue Doll","Toxic Egg 2","Mirror","Divine Protection","Replay:Grab Bag","Runic Dome","ChewingGum","SlaversCollar","Onion Ring","Shuriken","Replay:Bandana","Juzu Bracelet"],"acts_visited":["Exordium","TheCity","TheBeyond"],"potions_floor_usage":[16,20,28,41,50,52,52],"damage_taken":[{"damage":0,"enemies":"Small Slimes","floor":1,"turns":3},{"damage":0,"enemies":"2 Louse","floor":3,"turns":2},{"damage":0,"enemies":"Jaw Worm","floor":5,"turns":3},{"damage":13,"enemies":"Lagavulin","floor":7,"turns":5},{"damage":10,"enemies":"Exordium Wildlife","floor":11,"turns":3},{"damage":0,"enemies":"Looter","floor":12,"turns":3},{"damage":17,"enemies":"Hexaghost","floor":16,"turns":10},{"damage":0,"enemies":"3 Byrds","floor":18,"turns":7},{"damage":5,"enemies":"Spheric Guardian","floor":20,"turns":4},{"damage":13,"enemies":"Snake Plant","floor":22,"turns":5},{"damage":0,"enemies":"Book of Stabbing","floor":25,"turns":5},{"damage":0,"enemies":"Centurion and Healer","floor":28,"turns":5},{"damage":0,"enemies":"Cultist and Chosen","floor":31,"turns":4},{"damage":7,"enemies":"Champ","floor":33,"turns":8},{"damage":0,"enemies":"3 Darklings","floor":35,"turns":4},{"damage":0,"enemies":"Orb Walker","floor":39,"turns":2},{"damage":14,"enemies":"Sphere and 2 Shapes","floor":41,"turns":7},{"damage":0,"enemies":"Jaw Worm Horde","floor":48,"turns":5},{"damage":0,"enemies":"4 Shapes","floor":50,"turns":5},{"damage":64,"enemies":"Time Eater","floor":52,"turns":9}],"seed_played":"2166048894932726331","potions_obtained":[{"floor":3,"key":"Dexterity Potion"},{"floor":12,"key":"BlessingOfTheForge"},{"floor":16,"key":"Reflective Coating"},{"floor":22,"key":"Elixir"},{"floor":25,"key":"hexamod:EctoCoolerPotion"},{"floor":31,"key":"Reflective Coating"},{"floor":35,"key":"Dexterity Potion"},{"floor":36,"key":"LifebloodPotion"}],"is_trial":false,"path_per_floor":["M","$","M","?","M","R","E","R","T","R","M","M","?","?","R","B",null,"M","?","M","T","M","R","?","E","T","R","M","$","R","M","R","B",null,"M","?","?","?","M","R","M","T","T","R","$","PTL","PTL","M","R","M","R","B"],"character_chosen":"THE_DT","items_purchased":["DTMod:WarmUp","Mirror","Juzu Bracelet","champ:CounterPotion"],"campfire_rested":6,"item_purchase_floors":[29,29,45,45],"current_hp_per_floor":[45,45,45,50,50,50,37,50,50,50,40,40,40,40,40,23,50,50,50,45,45,32,47,47,47,47,50,50,50,50,50,50,43,50,50,38,50,50,50,50,36,36,36,50,50,50,50,50,50,50,50,0,0,0],"gold":65,"neow_bonus":"ONE_RARE_RELIC","is_daily":false,"chose_seed":false,"campfire_upgraded":5,"win_rate":0.0,"timestamp":1608786948,"path_taken":["M","$","M","?","M","R","E","R","T","R","M","M","?","?","R","BOSS","M","?","M","?","?","R","?","E","T","R","M","$","R","M","R","BOSS","M","?","?","?","M","R","M","?","T","R","?","PTL","PTL","M","R","M","R","BOSS"],"items_purchased_type":["Card","Relic","Relic","Potion"],"build_version":"2020-12-22","purchased_purges":2,"victory":false,"max_hp_per_floor":[45,45,45,50,50,50,50,50,50,50,50,50,50,50,50,50,50,50,50,50,50,50,50,50,50,50,50,50,50,50,50,50,50,50,50,50,50,50,50,50,50,50,50,50,50,50,50,50,50,50,50,50,50,50],"card_choices":[{"not_picked":["DTMod:BuildUp","DTMod:Conduct"],"picked":"DTMod:DarkBreath","floor":1},{"not_picked":["DTMod:Adaptation","DTMod:Weaken"],"picked":"DTMod:ComboAttack","floor":3},{"not_picked":["DTMod:BurningEnergy","DTMod:ComboAttack"],"picked":"DTMod:Training","floor":5},{"not_picked":["DTMod:Overwhelm","DTMod:BlazingStrike"],"picked":"DTMod:DragonDance","floor":7},{"not_picked":["DTMod:Conduct","DTMod:MagicField"],"picked":"DTMod:Weaken","floor":11},{"not_picked":["DTMod:RunningTactic","DTMod:BurningEnergy"],"picked":"DTMod:MagiciansMark","floor":12},{"not_picked":["DTMod:FierySynthesis","DTMod:Outburst"],"picked":"DTMod:HeadStart","floor":16},{"not_picked":["DTMod:Dissolve","DTMod:Cover","DTMod:BreakAttack+1"],"picked":"SKIP","floor":18},{"not_picked":["DTMod:FlameSlash","DTMod:BizarreTactic","DTMod:BlazingStrike"],"picked":"SKIP","floor":20},{"not_picked":["DTMod:DarkBreath","DTMod:BreakAttack+1"],"picked":"DTMod:InvisibleFlame","floor":22},{"not_picked":["DTMod:BizarreTactic","DTMod:DarkBreath","DTMod:Haste"],"picked":"SKIP","floor":25},{"not_picked":["DTMod:BuildUp","DTMod:MasterPlan+1"],"picked":"DTMod:Training+1","floor":28},{"not_picked":["DTMod:LastStand+1","DTMod:MagicField+1"],"picked":"DTMod:Safeguard","floor":31},{"not_picked":["DTMod:Safeguard","DTMod:Multitask"],"picked":"DTMod:OpeningTactic","floor":33},{"not_picked":["DTMod:BurningEnergy+1","DTMod:Weaken+1","DTMod:TauntingStrike+1"],"picked":"SKIP","floor":35},{"not_picked":["DTMod:Feint","DTMod:CrossStep+1"],"picked":"DTMod:Harmonize","floor":36},{"not_picked":["expansioncontent:BronzeBeam","Replay:SS_fish_3"],"picked":"Finesse+1","floor":38},{"not_picked":["DTMod:HeatWave","DTMod:Threaten+1"],"picked":"DTMod:Observe+1","floor":39},{"not_picked":["DTMod:Dissolve+1","DTMod:Cover+1","DTMod:Punisher+1"],"picked":"SKIP","floor":41},{"not_picked":["DTMod:InvisibleFlame+1","DTMod:DeepFocus+1"],"picked":"DTMod:FlameSlash","floor":48},{"not_picked":["DTMod:Adaptation+1","DTMod:BreakAttack","DTMod:MaximumCharge"],"picked":"SKIP","floor":50}],"player_experience":138373,"relics_obtained":[{"floor":7,"key":"Ornamental Fan"},{"floor":9,"key":"Vajra"},{"floor":21,"key":"Replay:Mystery Machine"},{"floor":25,"key":"Blue Doll"},{"floor":26,"key":"Toxic Egg 2"},{"floor":32,"key":"Divine Protection"},{"floor":36,"key":"Onion Ring"},{"floor":42,"key":"Shuriken"},{"floor":43,"key":"Replay:Bandana"}],"event_choices":[{"damage_healed":0,"gold_gain":0,"player_choice":"Donut","damage_taken":0,"max_hp_gain":5,"max_hp_loss":0,"event_name":"Big Fish","floor":4,"gold_loss":0},{"damage_healed":0,"gold_gain":0,"player_choice":"Ignored","damage_taken":136,"max_hp_gain":0,"max_hp_loss":0,"event_name":"betterThird:BetterSerpent","floor":13,"gold_loss":0},{"damage_healed":0,"gold_gain":0,"player_choice":"Left","damage_taken":0,"max_hp_gain":0,"max_hp_loss":0,"event_name":"betterThird:BetterGoop","floor":14,"gold_loss":26},{"damage_healed":0,"gold_gain":0,"player_choice":"Inject Mutagens","damage_taken":0,"relics_obtained":["MutagenicStrength"],"max_hp_gain":0,"max_hp_loss":0,"event_name":"Drug Dealer","floor":24,"gold_loss":0},{"damage_healed":13,"gold_gain":0,"player_choice":"Writhe","damage_taken":0,"max_hp_gain":0,"max_hp_loss":0,"event_name":"Winding Halls","floor":37,"gold_loss":0,"cards_obtained":["Writhe"]},{"damage_healed":0,"gold_gain":0,"player_choice":"Memory 1","damage_taken":0,"max_hp_gain":0,"max_hp_loss":0,"event_name":"SensoryStone","floor":38,"gold_loss":0}],"is_beta":false,"boss_relics":[{"not_picked":["Honey Jar","Velvet Choker","Painkiller Herb"]},{"not_picked":["SacredBark","Pandora\u0027s Box"],"picked":"Replay:Grab Bag"},{"not_picked":["Replay:Wanted Poster","DTMod:TheChair"],"picked":"Runic Dome"},{"not_picked":["Replay:Bronze Core","Coffee Dripper"],"picked":"ChewingGum"},{"not_picked":["Ring of Chaos","Calling Bell"],"picked":"DTMod:MagicStone"},{"not_picked":["Astrolabe","Runic Pyramid"],"picked":"SlaversCollar"}],"items_purged_floors":[2,45],"is_endless":false,"potions_floor_spawned":[3,12,16,22,25,31,35],"killed_by":"Time Eater","ascension_level":0}}