{"host":"j0a1jfichhxu8b8p","time":1608785438,"event":{"mods":["BaseMod","Colored Map","DeckTracker","Keyboard Shortcuts","Minty Spire (QoL Compilation)","Permanent Neow","StSLib","The Dragon Tamer"],"gold_per_floor":[113,133,133,133,151,185,185,220,245,245,273,273,310,260,260,260,260],"floor_reached":16,"playtime":503,"items_purged":[],"score":162,"play_id":"78e57c15-235c-4e6f-982c-f385af269be5","local_time":"20201224135038","is_ascension_mode":true,"campfire_choices":[{"floor":7,"key":"REST"},{"data":"Dramatic Entrance","floor":10,"key":"SMITH"},{"data":"Zap","floor":15,"key":"SMITH"}],"circlet_count":0,"master_deck":["AscendersBane","Strike_B","Strike_B","Strike_B","Defend_B","Defend_B","Defend_B","Zap+1","Dualcast","Dramatic Entrance+1","Streamline","Redo","Conserve Battery","Melter","BootSequence+1","Redo+1","Leap+1"],"relics":["Cracked Core","Boot","Akabeko","Toxic Egg 2","CeramicFish","Odd Mushroom"],"acts_visited":["Exordium"],"potions_floor_usage":[16,16,16],"damage_taken":[{"damage":0,"enemies":"2 Louse","floor":1,"turns":2},{"damage":2,"enemies":"Jaw Worm","floor":2,"turns":3},{"damage":0,"enemies":"Small Slimes","floor":5,"turns":2},{"damage":25,"enemies":"Lagavulin","floor":6,"turns":6},{"damage":13,"enemies":"3 Sentries","floor":8,"turns":6},{"damage":0,"enemies":"Red Slaver","floor":11,"turns":2},{"damage":0,"enemies":"The Mushroom Lair","floor":13,"turns":1},{"damage":27,"enemies":"The Guardian","floor":16,"turns":9}],"seed_played":"5310260628936807154","potions_obtained":[{"floor":8,"key":"ColorlessPotion"},{"floor":11,"key":"AttackPotion"},{"floor":13,"key":"Explosive Potion"}],"is_trial":false,"path_per_floor":["M","M","?","?","M","E","R","E","T","R","M","?","?","?","R","B"],"character_chosen":"DEFECT","items_purchased":[],"campfire_rested":1,"item_purchase_floors":[],"current_hp_per_floor":[68,66,48,41,41,16,38,25,25,25,25,25,25,25,25,0,0],"gold":260,"neow_bonus":"RANDOM_COLORLESS","is_daily":false,"chose_seed":false,"campfire_upgraded":2,"win_rate":0.0,"timestamp":1608785438,"path_taken":["M","M","?","?","M","E","R","E","T","R","?","?","?","?","R","BOSS"],"items_purchased_type":[],"build_version":"2020-12-22","purchased_purges":0,"victory":false,"max_hp_per_floor":[75,75,75,75,75,75,75,75,75,75,75,75,75,75,75,75,75],"card_choices":[{"not_picked":["Finesse","Swift Strike"],"picked":"Dramatic Entrance","floor":0},{"not_picked":["Hello World","Turbo"],"picked":"Streamline","floor":1},{"not_picked":["Stack","Reprogram"],"picked":"Redo","floor":2},{"not_picked":["Turbo","Rebound"],"picked":"Conserve Battery","floor":5},{"not_picked":["Amplify","Aggregate"],"picked":"Melter","floor":6},{"not_picked":["Go for the Eyes","Thunder Strike"],"picked":"BootSequence+1","floor":8},{"not_picked":["Blizzard","Ball Lightning"],"picked":"Redo+1","floor":11},{"not_picked":["Cold Snap","Hello World"],"picked":"Leap+1","floor":13}],"player_experience":344364,"relics_obtained":[{"floor":6,"key":"Akabeko"},{"floor":8,"key":"Toxic Egg 2"},{"floor":9,"key":"CeramicFish"},{"floor":13,"key":"Odd Mushroom"}],"event_choices":[{"damage_healed":0,"gold_gain":0,"player_choice":"Success","damage_taken":18,"relics_obtained":["Boot"],"max_hp_gain":0,"max_hp_loss":0,"event_name":"Scrap Ooze","floor":3,"gold_loss":0},{"cards_removed":["Strike_B"],"damage_healed":0,"gold_gain":0,"player_choice":"Card Removal","damage_taken":7,"max_hp_gain":0,"max_hp_loss":0,"event_name":"Golden Wing","floor":4,"gold_loss":0},{"damage_healed":0,"gold_gain":0,"player_choice":"Ignored","damage_taken":0,"max_hp_gain":0,"max_hp_loss":0,"event_name":"Liars Game","floor":12,"gold_loss":0},{"damage_healed":0,"gold_gain":0,"player_choice":"Fought Mushrooms","damage_taken":0,"max_hp_gain":0,"max_hp_loss":0,"event_name":"Mushrooms","floor":13,"gold_loss":0},{"cards_removed":["Defend_B"],"damage_healed":0,"gold_gain":0,"player_choice":"Card Removal","damage_taken":0,"max_hp_gain":0,"max_hp_loss":0,"event_name":"The Cleric","floor":14,"gold_loss":50}],"is_beta":false,"boss_relics":[],"items_purged_floors":[],"is_endless":false,"potions_floor_spawned":[8,11,13],"killed_by":"The Guardian","ascension_level":10}}