{"host":"ilxricga2547gmyy","time":1608821480,"event":{"mods":["AchievementEnabler","BaseMod","Minty Spire (QoL Compilation)","Quick Restart","StSLib"],"gold_per_floor":[137,167,203,296,139,139,64,99,99,274,311,339,339,434,434,539,539,577,274,274,288,326,326,403,403,403,456,492,462,532,573,573,695,695,706,616,656,137,175,209,228,286,333,333,33,48,0,43,43,68,68,68,18,18,18],"floor_reached":54,"playtime":2075,"items_purged":["Strike_R","Doubt","Fire Breathing","Shame"],"score":1078,"play_id":"ac8ef1ce-5ca5-4510-b453-92640dff0a84","local_time":"20201224155120","is_ascension_mode":true,"campfire_choices":[{"data":"HandOfGreed","floor":6,"key":"SMITH"},{"data":"Battle Trance","floor":13,"key":"SMITH"},{"data":"Shockwave","floor":15,"key":"SMITH"},{"data":"Impervious","floor":23,"key":"SMITH"},{"floor":25,"key":"REST"},{"data":"Burning Pact","floor":32,"key":"SMITH"},{"floor":44,"key":"REST"},{"floor":49,"key":"RECALL"},{"data":"Shrug It Off","floor":52,"key":"SMITH"}],"circlet_count":0,"master_deck":["Strike_R+1","Strike_R+1","Strike_R","Strike_R+1","Defend_R","Defend_R","Defend_R","Defend_R","Bash","HandOfGreed+1","Shrug It Off+1","Battle Trance+1","Immolate","Shockwave+1","Second Wind","Impervious+1","Feel No Pain+1","Fire Breathing","Rage+1","Clothesline+1","Burning Pact+1","Feed","Ghostly Armor","Pummel+1","Feel No Pain+1","Seeing Red+1","Disarm+1","Warcry+1","Disarm+1","Parasite","Shrug It Off+1"],"relics":["Burning Blood","Vajra","Bronze Scales","Bottled Lightning","Pocketwatch","Cursed Key","Brimstone","Ginger","Matryoshka","Boot","Philosopher\u0027s Stone","Frozen Eye","InkBottle","Calipers","Nunchaku","Whetstone","Red Skull","Red Mask"],"acts_visited":["Exordium","TheCity","TheBeyond","TheEnding"],"potions_floor_usage":[12,12,12,14,24,24,33,33,41,42,50,50,54],"damage_taken":[{"damage":0,"enemies":"Cultist","floor":1,"turns":4},{"damage":7,"enemies":"Jaw Worm","floor":2,"turns":3},{"damage":2,"enemies":"2 Louse","floor":3,"turns":3},{"damage":6,"enemies":"Gremlin Gang","floor":4,"turns":9},{"damage":25,"enemies":"3 Sentries","floor":8,"turns":6},{"damage":9,"enemies":"2 Fungi Beasts","floor":11,"turns":2},{"damage":6,"enemies":"Gremlin Nob","floor":12,"turns":3},{"damage":3,"enemies":"3 Louse","floor":14,"turns":4},{"damage":20,"enemies":"Slime Boss","floor":16,"turns":6},{"damage":4,"enemies":"Shell Parasite","floor":18,"turns":5},{"damage":11,"enemies":"3 Byrds","floor":21,"turns":1},{"damage":9,"enemies":"Snecko","floor":22,"turns":5},{"damage":23,"enemies":"Slavers","floor":24,"turns":4},{"damage":2,"enemies":"Gremlin Leader","floor":27,"turns":5},{"damage":7,"enemies":"Centurion and Healer","floor":28,"turns":4},{"damage":18,"enemies":"3 Cultists","floor":30,"turns":5},{"damage":0,"enemies":"Snake Plant","floor":31,"turns":3},{"damage":27,"enemies":"Champ","floor":33,"turns":9},{"damage":0,"enemies":"3 Shapes","floor":35,"turns":3},{"damage":4,"enemies":"Orb Walker","floor":37,"turns":4},{"damage":12,"enemies":"Maw","floor":39,"turns":5},{"damage":18,"enemies":"Giant Head","floor":40,"turns":7},{"damage":0,"enemies":"Jaw Worm Horde","floor":41,"turns":4},{"damage":28,"enemies":"Reptomancer","floor":42,"turns":7},{"damage":2,"enemies":"Transient","floor":46,"turns":5},{"damage":14,"enemies":"Writhing Mass","floor":48,"turns":3},{"damage":9,"enemies":"Awakened One","floor":50,"turns":12},{"damage":77,"enemies":"Shield and Spear","floor":54,"turns":5}],"seed_played":"4266741298550777756","potions_obtained":[{"floor":1,"key":"DuplicationPotion"},{"floor":2,"key":"EssenceOfSteel"},{"floor":4,"key":"Ancient Potion"},{"floor":12,"key":"EssenceOfSteel"},{"floor":18,"key":"Energy Potion"},{"floor":24,"key":"FearPotion"},{"floor":28,"key":"Regen Potion"},{"floor":29,"key":"EssenceOfSteel"},{"floor":37,"key":"Energy Potion"},{"floor":39,"key":"FearPotion"},{"floor":41,"key":"SpeedPotion"},{"floor":48,"key":"EssenceOfSteel"}],"is_trial":false,"path_per_floor":["M","M","M","M","$","R","$","E","T","?","M","E","R","M","R","B",null,"M","$","?","M","M","R","E","R","T","E","M","?","M","M","R","B",null,"M","?","M","$","M","E","M","E","T","R","$","M","?","M","R","B",null,"R","$","E"],"character_chosen":"IRONCLAD","items_purchased":["Vajra","Brimstone","Energy Potion","Frozen Eye","InkBottle","Red Skull","BlessingOfTheForge"],"campfire_rested":2,"item_purchase_floors":[5,19,19,38,38,45,53],"current_hp_per_floor":[72,71,72,72,72,72,72,53,53,53,50,50,50,53,53,39,64,66,66,66,61,58,58,41,62,62,66,65,65,53,59,59,53,67,75,75,75,75,69,57,66,44,44,67,67,71,71,63,63,60,74,74,74,0,0],"gold":18,"neow_bonus":"RANDOM_COLORLESS_2","is_daily":false,"chose_seed":false,"campfire_upgraded":6,"win_rate":0.0,"timestamp":1608821480,"path_taken":["M","M","M","M","$","R","$","E","T","?","M","E","R","M","R","BOSS","M","$","?","M","M","R","E","R","T","E","M","?","M","?","R","BOSS","M","?","?","$","M","E","M","E","T","R","$","?","?","M","R","BOSS","R","$","E"],"items_purchased_type":["Relic","Relic","Potion","Relic","Relic","Relic","Potion"],"build_version":"2020-12-22","purchased_purges":4,"victory":false,"max_hp_per_floor":[72,72,72,72,72,72,72,72,72,72,72,72,72,72,72,72,72,72,72,72,72,72,72,72,72,72,72,72,72,72,72,72,72,72,75,75,75,75,75,75,78,78,78,78,78,78,78,78,78,78,78,78,78,78,78],"card_choices":[{"not_picked":["Thinking Ahead","Violence"],"picked":"HandOfGreed","floor":0},{"not_picked":["Blood for Blood","Flex","True Grit"],"picked":"SKIP","floor":1},{"not_picked":["Pommel Strike","Havoc"],"picked":"Fire Breathing","floor":2},{"not_picked":["Pommel Strike","Inflame"],"picked":"Shrug It Off","floor":3},{"not_picked":["Blood for Blood","Shockwave"],"picked":"Battle Trance","floor":4},{"not_picked":["Perfected Strike","Corruption"],"picked":"Immolate","floor":8},{"not_picked":["Iron Wave","Body Slam"],"picked":"Shockwave","floor":11},{"not_picked":["Fiend Fire","Warcry"],"picked":"Second Wind","floor":12},{"not_picked":["Sword Boomerang","Infernal Blade","Carnage"],"picked":"SKIP","floor":14},{"not_picked":["Bludgeon","Double Tap"],"picked":"Impervious","floor":16},{"not_picked":["Anger","Headbutt"],"picked":"Feel No Pain+1","floor":18},{"not_picked":["Clash","Body Slam","Sentinel"],"picked":"SKIP","floor":21},{"not_picked":["Fire Breathing","Blood for Blood","Cleave"],"picked":"SKIP","floor":22},{"not_picked":["Blood for Blood","Cleave"],"picked":"Fire Breathing","floor":22},{"not_picked":["Ghostly Armor","Perfected Strike"],"picked":"Rage+1","floor":24},{"not_picked":["Cleave","Searing Blow","Dual Wield"],"picked":"SKIP","floor":27},{"not_picked":["Sword Boomerang+1","Blood for Blood"],"picked":"Clothesline+1","floor":28},{"not_picked":["Seeing Red","Thunderclap"],"picked":"Burning Pact","floor":30},{"not_picked":["Clash+1","Twin Strike","Rage"],"picked":"SKIP","floor":31},{"not_picked":["Double Tap","Fiend Fire"],"picked":"Feed","floor":33},{"not_picked":["Clash+1","Thunderclap+1"],"picked":"Ghostly Armor","floor":35},{"not_picked":["Perfected Strike+1","Havoc+1"],"picked":"Pummel+1","floor":37},{"not_picked":["Sentinel","Anger"],"picked":"Feel No Pain+1","floor":39},{"not_picked":["Entrench","Intimidate+1"],"picked":"Seeing Red+1","floor":40},{"not_picked":["Brutality","Shrug It Off"],"picked":"Disarm+1","floor":41},{"not_picked":["Clothesline","Sentinel"],"picked":"Warcry+1","floor":42},{"not_picked":["Warcry+1","Iron Wave+1"],"picked":"Disarm+1","floor":46},{"not_picked":["Second Wind+1","Pommel Strike"],"picked":"Shrug It Off+1","floor":48}],"player_experience":247026,"relics_obtained":[{"floor":8,"key":"Bronze Scales"},{"floor":9,"key":"Bottled Lightning"},{"floor":12,"key":"Pocketwatch"},{"floor":24,"key":"Ginger"},{"floor":26,"key":"Matryoshka"},{"floor":27,"key":"Boot"},{"floor":40,"key":"Calipers"},{"floor":42,"key":"Nunchaku"},{"floor":43,"key":"Whetstone"}],"event_choices":[{"damage_healed":0,"gold_gain":175,"player_choice":"AGREE","damage_taken":0,"max_hp_gain":0,"max_hp_loss":0,"event_name":"Liars Game","floor":10,"gold_loss":0,"cards_obtained":["Doubt"]},{"damage_healed":0,"gold_gain":0,"player_choice":"Ignored","damage_taken":0,"max_hp_gain":0,"max_hp_loss":0,"event_name":"Ghosts","floor":20,"gold_loss":0},{"damage_healed":0,"gold_gain":0,"player_choice":"Bought 2 Potions","damage_taken":0,"max_hp_gain":0,"max_hp_loss":0,"event_name":"The Woman in Blue","floor":29,"gold_loss":0},{"cards_removed":["Normality"],"damage_healed":0,"gold_gain":0,"player_choice":"Upgrade and Remove","damage_taken":0,"max_hp_gain":0,"max_hp_loss":0,"event_name":"Designer","floor":36,"gold_loss":90,"cards_upgraded":["Strike_R"]},{"damage_healed":0,"gold_gain":0,"player_choice":"Paid","damage_taken":0,"relics_obtained":["Red Mask"],"max_hp_gain":0,"max_hp_loss":0,"event_name":"Tomb of Lord Red Mask","floor":47,"gold_loss":48}],"is_beta":false,"boss_relics":[{"not_picked":["Black Blood","Ectoplasm"],"picked":"Cursed Key"},{"not_picked":["Runic Cube","Mark of Pain"],"picked":"Philosopher\u0027s Stone"}],"items_purged_floors":[7,19,38,45],"is_endless":false,"potions_floor_spawned":[1,2,4,12,18,24,28,30,31,37,39,41,48],"killed_by":"Shield and Spear","ascension_level":9}}