{"host":"28bpuzdckreop5i0","time":1608824148,"event":{"mods":["Act Like it!","BaseMod","BetterRewards","Challenge The Spire","Conspire","Defuse TimeMaze Blight","Downfall","Energized Spire","Googly Eyes","Hubris","Infinite Spire","Lobotomy","Mimic Mod","Minty Spire (QoL Compilation)","Relic Stats","Spicy Shops","StSLib","The Awakened One except there are too many feathers","The Cursed","The Hierophant","The IronCluck","The Jungle","Thieving Mod","Transform Curses","Wandering Minibosses","slay the spire mod where everything is the same but ironclad has a cowboy hat"],"gold_per_floor":[109,119,119,119,119,154,20,48,48,90,90,90,117,117,117,224,224,245,245,373,373,373],"floor_reached":21,"playtime":802,"items_purged":["Normality","Regret"],"score":237,"play_id":"52c6038c-7bab-4b8e-9a95-60dea157e947","local_time":"20201224093548","is_ascension_mode":false,"campfire_choices":[{"floor":12,"key":"REST"},{"floor":15,"key":"REST"}],"circlet_count":0,"master_deck":["conspire:GhostlyStrike","conspire:GhostlyStrike","conspire:GhostlyStrike","conspire:GhostlyStrike","conspire:GhostlyStrike","conspire:GhostlyDefend","conspire:GhostlyDefend","conspire:GhostlyDefend","conspire:GhostlyDefend","conspire:GhostlyDefend","Survivor","Neutralize+1","Slice","Deadly Poison","hubris:Wrath","hubris:InfiniteBlow","hubris:Greed","Infinite Blades","hubris:Greed","conspire:DoublingDagger","Phantasmal Killer"],"relics":["Ring of the Serpent","Du-Vu Doll","hubris:BundleOfHerbs","infinitespire:Lucky Rock","Torii","Bag of Preparation","hubris:Icosahedron","Sling"],"acts_visited":["Exordium","Exordium"],"potions_floor_usage":[16,16,16,21],"damage_taken":[{"damage":0,"enemies":"Cultist","floor":1,"turns":4},{"damage":0,"enemies":"2 Louse","floor":2,"turns":2},{"damage":22,"enemies":"Lagavulin","floor":6,"turns":6},{"damage":0,"enemies":"Small Slimes","floor":8,"turns":2},{"damage":22,"enemies":"Gremlin Nob","floor":10,"turns":4},{"damage":15,"enemies":"Blue Slaver","floor":13,"turns":2},{"damage":46,"enemies":"Slime Boss","floor":16,"turns":7},{"damage":16,"enemies":"theJungle:5_Spyders","floor":18,"turns":8},{"damage":7,"enemies":"theJungle:GiantWrat","floor":20,"turns":5},{"damage":49,"enemies":"theJungle:Snecko_Cultist_And_Trap","floor":21,"turns":4}],"seed_played":"-2344180831092914623","potions_obtained":[{"floor":1,"key":"SteroidPotion"},{"floor":10,"key":"Swift Potion"},{"floor":13,"key":"SteroidPotion"},{"floor":20,"key":"Dexterity Potion"}],"is_trial":false,"path_per_floor":["M","M","?","?","?","E","$","M","T","E","?","R","M","?","R","B",null,"M","AVR","M","M"],"character_chosen":"THE_SILENT","items_purchased":["infinitespire:Lucky Rock"],"campfire_rested":2,"item_purchase_floors":[7],"current_hp_per_floor":[70,70,70,70,70,48,48,48,48,26,26,47,32,32,53,13,70,54,54,47,0,0],"gold":373,"neow_bonus":"UPGRADE_CARD","is_daily":false,"chose_seed":false,"campfire_upgraded":0,"win_rate":0.0,"timestamp":1608824148,"path_taken":["M","M","?","?","?","E","?","M","T","E","?","R","M","?","R","BOSS","M","AVR","M","M"],"items_purchased_type":["Relic"],"build_version":"2020-12-22","purchased_purges":2,"victory":false,"max_hp_per_floor":[70,70,70,70,70,70,70,70,70,70,70,70,70,70,70,70,70,70,70,70,70,70],"relic_stats":{"Torii":22,"counters":[10,44],"Bag of Preparation":[10],"obtain_stats":[{"Du-Vu Doll":3,"hubris:Icosahedron":11,"Torii":9,"hubris:BundleOfHerbs":6,"Bag of Preparation":10,"infinitespire:Lucky Rock":7,"Sling":19,"Ring of the Serpent":17,"Ring of the Snake":0},{"Du-Vu Doll":2,"hubris:Icosahedron":5,"Torii":4,"hubris:BundleOfHerbs":3,"Bag of Preparation":5,"infinitespire:Lucky Rock":3,"Sling":8,"Ring of the Serpent":7,"Ring of the Snake":0},{"Du-Vu Doll":6,"hubris:Icosahedron":18,"Torii":14,"hubris:BundleOfHerbs":12,"Bag of Preparation":18,"infinitespire:Lucky Rock":12,"Sling":35,"Ring of the Serpent":27,"Ring of the Snake":0}]},"card_choices":[{"not_picked":["Calculated Gamble","hubris:SlightOfHand"],"picked":"Slice","floor":1},{"not_picked":["Calculated Gamble","Flying Knee"],"picked":"Deadly Poison","floor":2},{"not_picked":["infinitespire:Starlight","infinitespire:Gouge"],"picked":"hubris:InfiniteBlow","floor":4},{"not_picked":["Reflex","Predator"],"picked":"Infinite Blades","floor":6},{"not_picked":["Dagger Spray","Dagger Throw","Riddle With Holes"],"picked":"SKIP","floor":8},{"not_picked":["Reflex","Sucker Punch","hubris:SlightOfHand"],"picked":"SKIP","floor":10},{"not_picked":["Poisoned Stab","Underhanded Strike"],"picked":"conspire:DoublingDagger","floor":13},{"not_picked":["Unload","Bullet Time"],"picked":"Phantasmal Killer","floor":16},{"not_picked":["Catalyst+1","Dagger Throw+1","PiercingWail"],"picked":"SKIP","floor":18},{"not_picked":["Underhanded Strike","Outmaneuver","Backflip"],"picked":"SKIP","floor":20}],"player_experience":890769,"relics_obtained":[{"floor":6,"key":"hubris:BundleOfHerbs"},{"floor":9,"key":"Torii"},{"floor":10,"key":"Bag of Preparation"}],"event_choices":[{"damage_healed":0,"gold_gain":0,"player_choice":"Box","damage_taken":0,"relics_obtained":["Du-Vu Doll"],"max_hp_gain":0,"max_hp_loss":0,"event_name":"Big Fish","floor":3,"gold_loss":0,"cards_obtained":["Regret"]},{"damage_healed":0,"gold_gain":0,"player_choice":"Agree","damage_taken":0,"max_hp_gain":0,"max_hp_loss":0,"event_name":"conspire:LoneGhost","floor":5,"gold_loss":0},{"cards_removed":["hubris:Greed"],"damage_healed":0,"gold_gain":0,"player_choice":"Forget","damage_taken":0,"max_hp_gain":0,"max_hp_loss":0,"event_name":"Living Wall","floor":14,"gold_loss":0}],"is_beta":false,"boss_relics":[{"not_picked":["Busted Crown","energizedSpire:CursedPentagram"],"picked":"Ring of the Serpent"}],"items_purged_floors":[7,19],"is_endless":false,"potions_floor_spawned":[1,10,13,20],"killed_by":"theJungle:Snecko_Cultist_And_Trap","ascension_level":0}}