{"host":"9nt1zhl3k8mtcf72","time":1608786304,"event":{"mods":["Aspiration","BaseMod","BetterRewards","Conjunction","Conspire","Downfall","Energized Spire","Friendly Minions","GifTheSpireLib","Halation","Hubris","Infinite Spire","Jedi Mod","Mimic Mod","Minty Spire (QoL Compilation)","RatMod","Replay The Spire","Spikes Relics","StSLib","Stuff the Spire","Trackpad","Useless Jewels Mod","Wandering Minibosses","vexMod"],"gold_per_floor":[99,99,99,99,99,99,130,148,158,193,193,219,69,79,95,194,194,119,135,135,135,135,135],"floor_reached":21,"playtime":936,"items_purged":[],"score":184,"play_id":"e57fe3bb-1351-4a4d-a44d-157c000190d7","local_time":"20201224000504","is_ascension_mode":false,"campfire_choices":[{"floor":1,"key":"RECALL"},{"floor":13,"key":"REST"},{"data":"hexamod:HexaLevel","floor":18,"key":"SMITH"}],"circlet_count":0,"master_deck":["hexamod:Strike","hexamod:Strike","hexamod:Strike","hexamod:Strike","hexamod:Defend","hexamod:Defend","hexamod:Defend","hexamod:Defend","hexamod:Sear","hexamod:Float","hexamod:SuperheatedStrike","hexamod:FirstSeal","hexamod:Firestarter","Slimebound:SplitMire","Slimebound:RejuvenatingLick","hexamod:Firestarter","Slimebound:DisruptingSlam","hexamod:VolcanoVisage","Slimebound:PressTheAttack","Slimebound:LeadByExample","hexamod:HexaLevel+1","hexamod:Incineration+1"],"relics":["hexamod:SpiritBrand","downfall:HeartsMalice","hubris:DisguiseKit","Spirit Poop","halation:KoshaPiece","Blue Candle","trackpad:ToughGloves","downfall:HeartBlessingRed","downfall:HeartBlessingGreen","StuffTheSpire:RunicHypercube","downfall:HeartBlessingBlue","ReplayFunnel"],"acts_visited":["Exordium","TheCity"],"potions_floor_usage":[19],"damage_taken":[{"damage":0,"enemies":"2 Louse","floor":2,"turns":1},{"damage":0,"enemies":"downfall:FleeingMerchant","floor":5,"turns":1},{"damage":0,"enemies":"Small Slimes","floor":7,"turns":1},{"damage":11,"enemies":"Small Slimes","floor":8,"turns":3},{"damage":4,"enemies":"Cultist","floor":9,"turns":3},{"damage":24,"enemies":"Gremlin Nob","floor":10,"turns":4},{"damage":27,"enemies":"3 Sentries","floor":12,"turns":6},{"damage":16,"enemies":"3 Louse","floor":14,"turns":4},{"damage":4,"enemies":"conspire:2 RoseBushes","floor":15,"turns":4},{"damage":28,"enemies":"downfall:Watcher","floor":16,"turns":9},{"damage":8,"enemies":"3 Byrds","floor":19,"turns":5}],"seed_played":"-7571922567834564768","potions_obtained":[{"floor":9,"key":"SneckoOil"},{"floor":10,"key":"Adrenaline Potion"},{"floor":12,"key":"PowerPotion"}],"is_trial":false,"path_per_floor":["R","M","?","?","$","?","MIM","M","M","E","T","E","R","M","M","B",null,"R","M","?","?"],"character_chosen":"THE_SPIRIT","items_purchased":[],"campfire_rested":1,"item_purchase_floors":[],"current_hp_per_floor":[70,70,63,63,63,63,63,63,70,53,53,32,53,50,59,37,70,80,80,80,0,0,0],"gold":135,"neow_bonus":"THREE_ENEMY_KILL","is_daily":false,"chose_seed":false,"campfire_upgraded":1,"win_rate":0.0,"timestamp":1608786304,"path_taken":["R","M","?","?","?","?","MIM","M","M","E","?","E","R","M","M","BOSS","R","M","?","?"],"items_purchased_type":[],"build_version":"2020-12-22","purchased_purges":0,"victory":false,"max_hp_per_floor":[70,70,70,70,70,70,70,70,70,70,70,70,70,70,70,70,70,80,80,80,80,80,80],"card_choices":[{"not_picked":["hexamod:PhantomFireball","hexamod:GhostLash"],"picked":"hexamod:SuperheatedStrike","floor":2},{"not_picked":["hexamod:ParanormalForm","hexamod:SpectersWail","Slimebound:BestDefense"],"picked":"hexamod:Firestarter","floor":5},{"not_picked":["hexamod:StepThrough","hexamod:HauntingEcho","hexamod:HeatShield"],"picked":"Slimebound:SplitMire","floor":7},{"not_picked":["hexamod:ThermalTransfer","hexamod:RetreatToShadows","hexamod:SpectralAdrenaline"],"picked":"Slimebound:RejuvenatingLick","floor":8},{"not_picked":["hexamod:ThermalTransfer","hexamod:GhostLash","Slimebound:ComboTackle"],"picked":"hexamod:Firestarter","floor":9},{"not_picked":["hexamod:Hexaguard","hexamod:FastForward","hexamod:ApocalypticArmor"],"picked":"Slimebound:DisruptingSlam","floor":10},{"not_picked":["hexamod:GhostShield","hexamod:Firestarter","Slimebound:GoopSpray"],"picked":"hexamod:VolcanoVisage","floor":12},{"not_picked":["hexamod:NightmareGuise","hexamod:NightmareStrike","hexamod:NecessarySacrifice"],"picked":"Slimebound:PressTheAttack","floor":14},{"not_picked":["hexamod:GhostOfSpirePresent","hexamod:SecondSeal","hexamod:Hexaguard"],"picked":"Slimebound:LeadByExample","floor":15},{"not_picked":["hexamod:GiftsFromTheDead","hexamod:TimeWarp","Slimebound:Teamwork"],"picked":"hexamod:HexaLevel","floor":16},{"not_picked":["hexamod:BacktrackSmack","hexamod:ThirdSeal","Slimebound:RainOfGoop"],"picked":"hexamod:Incineration+1","floor":19}],"player_experience":452361,"relics_obtained":[{"floor":10,"key":"halation:KoshaPiece"},{"floor":11,"key":"Blue Candle"},{"floor":12,"key":"trackpad:ToughGloves"},{"floor":20,"key":"ReplayFunnel"}],"event_choices":[{"cards_removed":["Normality"],"damage_healed":0,"gold_gain":0,"player_choice":"Offered Curse","damage_taken":0,"relics_obtained":["Spirit Poop"],"max_hp_gain":0,"max_hp_loss":0,"event_name":"Bonfire Elementals","floor":6,"gold_loss":0}],"is_beta":false,"boss_relics":[{"not_picked":["vexMod:FluxCapacitor","hubris:CrackedHourglass"],"picked":"StuffTheSpire:RunicHypercube"}],"items_purged_floors":[],"is_endless":false,"potions_floor_spawned":[9,10,12,14,16],"ascension_level":0}}