{"host":"nj4msrt0z6tj4wtb","time":1608809646,"event":{"mods":["AchievementEnabler","BaseMod","Colored Map","Colored Powertips","DeckTracker","Highlight Path","Minty Spire (QoL Compilation)","Quick Restart","Random Character Button","StSLib","SuperFastMode"],"gold_per_floor":[119,69,82,101,121,121,149,173,243,13,47,57,57,72,72,169,169,180,180,7,21,38,69,89,89,112,112,112,138,156,167,167,271,271,289,305,30,75,91,121,121,151,151,131,142,142,168,141,141,141,141,141,67,96,96],"floor_reached":56,"playtime":3307,"items_purged":["Defend_B","Defend_B","Defend_B"],"score":1361,"play_id":"f6de1660-80d3-4b9a-9ac0-9ae5ea250070","local_time":"20201224203406","is_ascension_mode":true,"campfire_choices":[{"data":"Chaos","floor":6.0,"key":"SMITH"},{"data":"Zap","floor":13.0,"key":"SMITH"},{"data":"Machine Learning","floor":15.0,"key":"SMITH"},{"data":"Go for the Eyes","floor":27.0,"key":"SMITH"},{"data":"Loop","floor":32.0,"key":"SMITH"},{"data":"Coolheaded","floor":46.0,"key":"SMITH"},{"floor":49.0,"key":"RECALL"},{"data":"Redo","floor":52.0,"key":"SMITH"}],"circlet_count":0,"master_deck":["Defend_B+1","Zap+1","Dualcast","Chaos+1","Capacitor+1","Leap+1","Turbo","Undo+1","Chaos+1","Barrage","Coolheaded+1","Conserve Battery","Machine Learning+1","Thunder Strike","Ball Lightning","Loop+1","Hologram+1","Gash+1","Go for the Eyes+1","Stack","Buffer","Buffer","Cold Snap+1","Compile Driver+1","Streamline+1","Force Field+1","Redo+1","FTL"],"relics":["Astrolabe","War Paint","MealTicket","Symbiotic Virus","Runic Capacitor","Potion Belt","Coffee Dripper","White Beast Statue","Girya","Blood Vial","Strawberry","Sozu","Centennial Puzzle","Emotion Chip","Toy Ornithopter","Prayer Wheel","FossilizedHelix","Nunchaku"],"acts_visited":["Exordium","TheCity","TheBeyond","TheEnding"],"potions_floor_usage":[55,55,55,55],"damage_taken":[{"damage":0.0,"enemies":"Cultist","floor":1.0,"turns":4.0},{"damage":5.0,"enemies":"Jaw Worm","floor":3.0,"turns":8.0},{"damage":3.0,"enemies":"2 Louse","floor":4.0,"turns":4.0},{"damage":10.0,"enemies":"Exordium Thugs","floor":5.0,"turns":8.0},{"damage":5.0,"enemies":"Lagavulin","floor":7.0,"turns":7.0},{"damage":18.0,"enemies":"Gremlin Nob","floor":11.0,"turns":5.0},{"damage":6.0,"enemies":"Large Slime","floor":12.0,"turns":4.0},{"damage":0.0,"enemies":"Blue Slaver","floor":14.0,"turns":5.0},{"damage":1.0,"enemies":"Slime Boss","floor":16.0,"turns":7.0},{"damage":0.0,"enemies":"Chosen","floor":18.0,"turns":5.0},{"damage":0.0,"enemies":"Shell Parasite","floor":21.0,"turns":4.0},{"damage":0.0,"enemies":"Chosen and Byrds","floor":22.0,"turns":5.0},{"damage":2.0,"enemies":"Book of Stabbing","floor":23.0,"turns":5.0},{"damage":18.0,"enemies":"3 Cultists","floor":24.0,"turns":4.0},{"damage":2.0,"enemies":"Gremlin Leader","floor":29.0,"turns":7.0},{"damage":13.0,"enemies":"Sentry and Sphere","floor":30.0,"turns":6.0},{"damage":22.0,"enemies":"Snake Plant","floor":31.0,"turns":3.0},{"damage":45.0,"enemies":"Automaton","floor":33.0,"turns":9.0},{"damage":3.0,"enemies":"Orb Walker","floor":35.0,"turns":5.0},{"damage":30.0,"enemies":"3 Darklings","floor":36.0,"turns":7.0},{"damage":19.0,"enemies":"2 Orb Walkers","floor":38.0,"turns":6.0},{"damage":5.0,"enemies":"Spire Growth","floor":39.0,"turns":5.0},{"damage":46.0,"enemies":"Reptomancer","floor":40.0,"turns":6.0},{"damage":6.0,"enemies":"Nemesis","floor":42.0,"turns":5.0},{"damage":3.0,"enemies":"Writhing Mass","floor":45.0,"turns":8.0},{"damage":0.0,"enemies":"Giant Head","floor":47.0,"turns":8.0},{"damage":63.0,"enemies":"Time Eater","floor":50.0,"turns":9.0},{"damage":29.0,"enemies":"Shield and Spear","floor":54.0,"turns":8.0},{"damage":40,"enemies":"The Heart","floor":55,"turns":9}],"seed_played":"-125032879392143289","potions_obtained":[{"floor":3.0,"key":"Block Potion"},{"floor":4.0,"key":"ColorlessPotion"},{"floor":5.0,"key":"GamblersBrew"},{"floor":18.0,"key":"LiquidBronze"},{"floor":21.0,"key":"FearPotion"},{"floor":22.0,"key":"Block Potion"},{"floor":29.0,"key":"FocusPotion"},{"floor":30.0,"key":"AttackPotion"},{"floor":31.0,"key":"SteroidPotion"}],"is_trial":false,"path_per_floor":["M","?","M","M","M","R","E","T","T","$","E","M","R","M","R","B",null,"M","?","$","M","M","E","M","$","T","R","?","E","M","M","R","B",null,"M","M","$","?","M","E","?","E","T","?","M","R","E","$","R","B",null,"R","$","E","B",null],"character_chosen":"DEFECT","items_purchased":["Runic Capacitor","Loop","Centennial Puzzle","Redo","FTL"],"campfire_rested":0,"item_purchase_floors":[10,20,37,48,53],"current_hp_per_floor":[75,75,70,67,57,57,52,52,52,67,49,43,43,43,43,42,75,75,75,75,75,75,73,55,70,70,70,70,77,66,46,46,3,82,79,51,66,49,46,2,72,66,66,66,65,65,67,72,72,9,72,72,72,43,25],"gold":96,"neow_bonus":"BOSS_RELIC","is_daily":false,"chose_seed":false,"campfire_upgraded":7,"win_rate":0.0,"timestamp":1608809646,"path_taken":["M","?","M","M","M","R","E","?","T","$","E","M","R","?","R","BOSS","M","?","?","M","M","E","M","$","T","R","?","E","?","M","R","BOSS","M","M","$","?","M","E","?","E","T","?","M","R","E","$","R","BOSS","R","$","E","BOSS"],"items_purchased_type":["Relic","Card","Relic","Card","Card"],"build_version":"2020-12-22","purchased_purges":3,"victory":true,"max_hp_per_floor":[75,75,75,75,75,75,75,75,75,75,75,75,75,75,75,75,75,75,75,75,75,75,75,75,75,75,75,75,82,82,82,82,82,82,82,82,82,82,82,82,72,72,72,72,72,72,72,72,72,72,72,72,72,72,72],"card_choices":[{"not_picked":["Streamline","Barrage"],"picked":"Turbo","floor":1.0},{"not_picked":["Steam Power","Hologram"],"picked":"Undo","floor":3.0},{"not_picked":["Rebound","Leap"],"picked":"Chaos","floor":4.0},{"not_picked":["Blizzard","Heatsinks"],"picked":"Barrage","floor":5.0},{"not_picked":["Gash","Cold Snap"],"picked":"Coolheaded","floor":7.0},{"not_picked":["Steam","Doom and Gloom","Double Energy"],"picked":"SKIP","floor":11.0},{"not_picked":["Rebound","Blizzard"],"picked":"Conserve Battery","floor":12.0},{"not_picked":["FTL","Darkness"],"picked":"Machine Learning","floor":14.0},{"not_picked":["Buffer","Biased Cognition"],"picked":"Thunder Strike","floor":16.0},{"not_picked":["Double Energy","Leap"],"picked":"Ball Lightning","floor":18.0},{"not_picked":["Compile Driver+1","Storm+1"],"picked":"Hologram+1","floor":21.0},{"not_picked":["Compile Driver","Storm"],"picked":"Gash+1","floor":22.0},{"not_picked":["Cold Snap","Recycle"],"picked":"Go for the Eyes","floor":23.0},{"not_picked":["Rip and Tear","Recycle","Sweeping Beam"],"picked":"SKIP","floor":24.0},{"not_picked":["Leap","Fusion"],"picked":"Stack","floor":29.0},{"not_picked":["Go for the Eyes","Barrage"],"picked":"Buffer","floor":30.0},{"not_picked":["Barrage","Undo+1","Hologram"],"picked":"SKIP","floor":31.0},{"not_picked":["Multi-Cast","Meteor Strike"],"picked":"Buffer","floor":33.0},{"not_picked":["Heatsinks+1","Hologram"],"picked":"Cold Snap+1","floor":35.0},{"not_picked":["Melter","BootSequence","Static Discharge+1"],"picked":"SKIP","floor":36.0},{"not_picked":["Leap+1","Turbo"],"picked":"Compile Driver+1","floor":38.0},{"not_picked":["Lockon+1","Doom and Gloom","Go for the Eyes+1"],"picked":"SKIP","floor":39.0},{"not_picked":["Gash+1","Recycle"],"picked":"Streamline+1","floor":40.0},{"not_picked":["Melter+1","Turbo","Coolheaded"],"picked":"SKIP","floor":42.0},{"not_picked":["Conserve Battery+1","Gash+1"],"picked":"Force Field+1","floor":45.0},{"not_picked":["Beam Cell+1","Stack+1","Scrape"],"picked":"SKIP","floor":45.0},{"not_picked":["Turbo+1","Recycle+1","Genetic Algorithm"],"picked":"SKIP","floor":47.0},{"not_picked":["Ball Lightning","Gash","Reboot"],"picked":"SKIP","floor":54.0}],"player_experience":620116,"relics_obtained":[{"floor":7.0,"key":"War Paint"},{"floor":8.0,"key":"MealTicket"},{"floor":9.0,"key":"Symbiotic Virus"},{"floor":11.0,"key":"Potion Belt"},{"floor":23.0,"key":"Girya"},{"floor":26.0,"key":"Blood Vial"},{"floor":29.0,"key":"Strawberry"},{"floor":38.0,"key":"Emotion Chip"},{"floor":40.0,"key":"Toy Ornithopter"},{"floor":42.0,"key":"Prayer Wheel"},{"floor":47.0,"key":"FossilizedHelix"},{"floor":54.0,"key":"Nunchaku"}],"event_choices":[{"cards_removed":["Strike_B"],"damage_healed":0.0,"max_hp_gain":0.0,"max_hp_loss":0.0,"gold_gain":0.0,"event_name":"The Cleric","player_choice":"Card Removal","floor":2.0,"gold_loss":50.0,"damage_taken":0.0},{"damage_healed":0.0,"max_hp_gain":0.0,"max_hp_loss":0.0,"gold_gain":0.0,"event_name":"WeMeetAgain","player_choice":"Gave Potion","floor":19.0,"gold_loss":0.0,"damage_taken":0.0,"relics_obtained":["White Beast Statue"]},{"damage_healed":0.0,"max_hp_gain":0.0,"max_hp_loss":0.0,"gold_gain":0.0,"event_name":"Vampires","player_choice":"Ignored","floor":28.0,"gold_loss":0.0,"damage_taken":0.0},{"damage_healed":0.0,"max_hp_gain":0.0,"max_hp_loss":0.0,"gold_gain":0.0,"event_name":"Mysterious Sphere","player_choice":"Fight","floor":38.0,"gold_loss":0.0,"damage_taken":0.0},{"damage_healed":72.0,"max_hp_gain":0.0,"max_hp_loss":10.0,"gold_gain":0.0,"event_name":"The Moai Head","player_choice":"Heal","floor":41.0,"gold_loss":0.0,"damage_taken":0.0},{"damage_healed":0.0,"max_hp_gain":0.0,"max_hp_loss":0.0,"gold_gain":0.0,"event_name":"The Woman in Blue","player_choice":"Bought 1 Potion","floor":44.0,"gold_loss":0.0,"damage_taken":0.0}],"is_beta":false,"boss_relics":[{"not_picked":["Snecko Eye","Pandora\u0027s Box"],"picked":"Coffee Dripper"},{"not_picked":["Cursed Key","Inserter"],"picked":"Sozu"}],"items_purged_floors":[10,20,37],"is_endless":false,"potions_floor_spawned":[3,4,5,18,21,22,23,24,29,30,31,33,35,36,38,39,40,42,45,47,54],"ascension_level":2}}