{"host":"qxeepl7ydvsgmfdb","time":1608790872,"event":{"mods":["AchievementEnabler","BaseMod","Colored Powertips","Minty Spire (QoL Compilation)","Quick Restart","slay the spire mod where everything is the same but ironclad has a cowboy hat"],"gold_per_floor":[111,111,38,38,38,63,78,78,104,116,303,331,360,391,403,512,524,550,542,469,481,493,830,330,362,362,54,70,70,82,82,82,82,82],"floor_reached":33,"playtime":1217,"items_purged":["Rupture+1"],"score":361,"play_id":"c75d067f-8b67-4d99-ad4a-99379e925905","local_time":"20201224012112","is_ascension_mode":true,"campfire_choices":[{"floor":8,"key":"REST"},{"floor":15,"key":"REST"},{"data":"Flex","floor":29,"key":"SMITH"},{"floor":32,"key":"REST"}],"circlet_count":0,"master_deck":["Strike_R","Strike_R+1","Strike_R","Strike_R","Strike_R","Defend_R","Defend_R","Defend_R+1","Defend_R","Bash+1","Inflame","Flex+1","True Grit","Doubt","Iron Wave","Shrug It Off","Wild Strike+1","Shockwave+1","Writhe","Decay","Inflame+1"],"relics":["Burning Blood","Red Skull","Potion Belt","Incense Burner","MawBank","Runic Cube","MealTicket","Frozen Egg 2","Old Coin","Du-Vu Doll","Mango","Paper Frog","Lee\u0027s Waffle"],"acts_visited":["Exordium","TheCity"],"potions_floor_usage":[6,19,23,23,25,25,25],"damage_taken":[{"damage":8,"enemies":"Jaw Worm","floor":1,"turns":5},{"damage":38,"enemies":"3 Sentries","floor":6,"turns":8},{"damage":4,"enemies":"2 Louse","floor":7,"turns":3},{"damage":5,"enemies":"Small Slimes","floor":12,"turns":3},{"damage":4,"enemies":"Blue Slaver","floor":13,"turns":4},{"damage":10,"enemies":"Large Slime","floor":14,"turns":4},{"damage":64,"enemies":"Slime Boss","floor":16,"turns":15},{"damage":41,"enemies":"Shell Parasite","floor":18,"turns":7},{"damage":11,"enemies":"2 Thieves","floor":19,"turns":4},{"damage":31,"enemies":"Book of Stabbing","floor":23,"turns":6},{"damage":73,"enemies":"Slavers","floor":25,"turns":7},{"damage":28,"enemies":"3 Cultists","floor":28,"turns":5},{"damage":61,"enemies":"Centurion and Healer","floor":30,"turns":7},{"damage":66,"enemies":"Collector","floor":33,"turns":5}],"seed_played":"-493831967555403954","potions_obtained":[{"floor":1,"key":"CultistPotion"},{"floor":6,"key":"SneckoOil"},{"floor":16,"key":"FairyPotion"},{"floor":18,"key":"BloodPotion"},{"floor":19,"key":"PowerPotion"},{"floor":23,"key":"PowerPotion"}],"is_trial":false,"path_per_floor":["M","?","$","?","$","E","M","R","T","?","?","M","M","M","R","B",null,"M","M","?","?","?","E","$","E","T","$","M","R","M","?","R","B"],"character_chosen":"IRONCLAD","items_purchased":["Inflame","Du-Vu Doll","Regen Potion","Block Potion","Inflame+1","Lee\u0027s Waffle","Rupture+1"],"campfire_rested":3,"item_purchase_floors":[3,24,24,24,24,27,27],"current_hp_per_floor":[78,78,78,75,75,43,45,69,69,53,53,54,56,52,76,18,80,45,40,40,40,40,31,46,26,26,101,79,79,24,24,54,0,0],"gold":82,"neow_bonus":"RANDOM_COMMON_RELIC","is_daily":false,"chose_seed":false,"campfire_upgraded":1,"win_rate":0.0,"timestamp":1608790872,"path_taken":["M","?","$","?","$","E","M","R","T","?","?","M","M","?","R","BOSS","M","M","?","?","?","E","$","E","T","$","M","R","?","?","R","BOSS"],"items_purchased_type":["Card","Relic","Potion","Potion","Card","Relic","Card"],"build_version":"2020-12-22","purchased_purges":1,"victory":false,"max_hp_per_floor":[80,80,80,80,80,80,80,80,80,80,80,80,80,80,80,80,80,80,80,80,80,80,80,80,94,94,101,101,101,101,101,101,101,101],"card_choices":[{"not_picked":["Dropkick","Uppercut","Dark Embrace"],"picked":"SKIP","floor":1},{"not_picked":["Heavy Blade","Cleave"],"picked":"Flex","floor":6},{"not_picked":["Twin Strike","Dark Embrace"],"picked":"True Grit","floor":7},{"not_picked":["Disarm","Anger","Whirlwind"],"picked":"SKIP","floor":12},{"not_picked":["Anger","Metallicize"],"picked":"Iron Wave","floor":13},{"not_picked":["Heavy Blade","Clash"],"picked":"Shrug It Off","floor":14},{"not_picked":["Dark Embrace","Rampage"],"picked":"Wild Strike","floor":18},{"not_picked":["Clash","Inflame"],"picked":"Shockwave+1","floor":19},{"not_picked":["Blood for Blood","Dark Embrace+1","Shrug It Off"],"picked":"SKIP","floor":23},{"not_picked":["Intimidate","Reckless Charge","Warcry"],"picked":"SKIP","floor":25},{"not_picked":["Anger","Searing Blow","Havoc"],"picked":"SKIP","floor":28},{"not_picked":["Twin Strike","Warcry","Rupture+1"],"picked":"SKIP","floor":30}],"player_experience":351866,"relics_obtained":[{"floor":6,"key":"Incense Burner"},{"floor":9,"key":"MawBank"},{"floor":23,"key":"Old Coin"},{"floor":25,"key":"Mango"},{"floor":26,"key":"Paper Frog"}],"event_choices":[{"damage_healed":0,"gold_gain":0,"player_choice":"Grow","damage_taken":0,"max_hp_gain":0,"max_hp_loss":0,"event_name":"Living Wall","floor":2,"gold_loss":0,"cards_upgraded":["Bash"]},{"damage_healed":0,"gold_gain":0,"player_choice":"Success","damage_taken":3,"relics_obtained":["Potion Belt"],"max_hp_gain":0,"max_hp_loss":0,"event_name":"Scrap Ooze","floor":4,"gold_loss":0},{"damage_healed":0,"gold_gain":0,"player_choice":"Entered Light","damage_taken":16,"max_hp_gain":0,"max_hp_loss":0,"event_name":"Shining Light","floor":10,"gold_loss":0,"cards_upgraded":["Strike_R","Defend_R"]},{"damage_healed":0,"gold_gain":175,"player_choice":"AGREE","damage_taken":0,"max_hp_gain":0,"max_hp_loss":0,"event_name":"Liars Game","floor":11,"gold_loss":0,"cards_obtained":["Doubt"]},{"damage_healed":0,"gold_gain":0,"player_choice":"Obtained Relic","damage_taken":0,"relics_obtained":["MealTicket"],"max_hp_gain":0,"max_hp_loss":0,"event_name":"Addict","floor":20,"gold_loss":85},{"damage_healed":0,"gold_gain":0,"player_choice":"Opened","damage_taken":0,"relics_obtained":["Frozen Egg 2"],"max_hp_gain":0,"max_hp_loss":0,"event_name":"The Mausoleum","floor":21,"gold_loss":0,"cards_obtained":["Writhe"]},{"damage_healed":0,"gold_gain":0,"player_choice":"Cursed","damage_taken":0,"max_hp_gain":0,"max_hp_loss":0,"event_name":"Wheel of Change","floor":22,"gold_loss":0,"cards_obtained":["Decay"]},{"damage_healed":0,"gold_gain":0,"player_choice":"Upgraded","damage_taken":0,"max_hp_gain":0,"max_hp_loss":0,"event_name":"Upgrade Shrine","floor":31,"gold_loss":0,"cards_upgraded":["Wild Strike"]}],"is_beta":false,"boss_relics":[{"not_picked":["Runic Dome","Runic Pyramid"],"picked":"Runic Cube"}],"items_purged_floors":[27],"is_endless":false,"potions_floor_spawned":[1,6,16,18,19,23],"killed_by":"Collector","ascension_level":2}}