{"host":"2sct7qpnpunnnd84","time":1608776772,"event":{"mods":["BaseMod","Minty Spire (QoL Compilation)","Quick Restart","StSLib","The IronCluck"],"gold_per_floor":[117,117,189,209,9,9,29,53,53,77,77,77,92,74,74,202,202,220,13,34,34,55,76,175,175,199,218,241,256,256,275,275,275,275],"floor_reached":33,"playtime":2783,"items_purged":[],"score":268,"play_id":"e17bbd53-0d95-449a-8d1b-3f55daefeb57","local_time":"20201223182612","is_ascension_mode":false,"campfire_choices":[{"data":"Armaments","floor":6.0,"key":"SMITH"},{"data":"Armaments","floor":11.0,"key":"SMITH"},{"floor":15.0,"key":"REST"},{"floor":25,"key":"REST"},{"floor":30,"key":"REST"},{"floor":32,"key":"REST"}],"circlet_count":0,"master_deck":["Strike_R","Strike_R","Strike_R","Strike_R","Strike_R","Defend_R","Defend_R","Defend_R","Defend_R","Bash","Wild Strike","Injury","Armaments+1","Inflame+1","Flame Barrier","Thunderclap","Sword Boomerang","Armaments+1","Searing Blow","Spot Weakness","Heavy Blade","Limit Break","Feel No Pain+1","Inflame","Fire Breathing","Thunderclap","Cleave","Sword Boomerang","Headbutt","Bash","Double Tap","Forethought","Uppercut","Power Through+1","Clash+1","Rampage","Cleave","Blood for Blood+1"],"relics":["Burning Blood","Orichalcum","Golden Idol","The Courier","Mark of Pain","Membership Card","Art of War"],"acts_visited":["Exordium","TheCity"],"potions_floor_usage":[28,29],"damage_taken":[{"damage":1.0,"enemies":"Cultist","floor":1.0,"turns":3.0},{"damage":2.0,"enemies":"Small Slimes","floor":4.0,"turns":4.0},{"damage":6.0,"enemies":"Jaw Worm","floor":7.0,"turns":4.0},{"damage":24.0,"enemies":"Gremlin Gang","floor":8.0,"turns":5.0},{"damage":5.0,"enemies":"Exordium Wildlife","floor":10.0,"turns":5.0},{"damage":6.0,"enemies":"3 Louse","floor":13.0,"turns":4.0},{"damage":33.0,"enemies":"Hexaghost","floor":16.0,"turns":9.0},{"damage":0.0,"enemies":"Chosen","floor":18.0,"turns":3.0},{"damage":14.0,"enemies":"Spheric Guardian","floor":20.0,"turns":4.0},{"damage":32,"enemies":"Snake Plant","floor":22,"turns":4},{"damage":18,"enemies":"Shelled Parasite and Fungi","floor":23,"turns":5},{"damage":18,"enemies":"Snecko","floor":27,"turns":5},{"damage":29,"enemies":"3 Cultists","floor":28,"turns":6},{"damage":21,"enemies":"Chosen and Byrds","floor":29,"turns":6},{"damage":12,"enemies":"Snake Plant","floor":31,"turns":3},{"damage":78,"enemies":"Automaton","floor":33,"turns":6}],"seed_played":"-2561881949641651350","potions_obtained":[{"floor":7.0,"key":"Energy Potion"},{"floor":13.0,"key":"ElixirPotion"},{"floor":22,"key":"Fire Potion"},{"floor":27,"key":"Explosive Potion"}],"is_trial":false,"path_per_floor":["M","?","?","M","$","R","M","M","T","M","R","?","M","$","R","B",null,"M","$","M","?","M","M","?","R","T","M","M","M","R","M","R","B"],"character_chosen":"IRONCLAD","items_purchased":["Inflame","Flame Barrier","Thunderclap","Heavy Blade","Membership Card","Inflame","Fire Breathing","Thunderclap","Cleave"],"campfire_rested":4,"item_purchase_floors":[5,5,5,14,19,19,19,19,19],"current_hp_per_floor":[80,80,80,80,80,80,80,62,62,63,63,63,63,63,80,53,80,80,80,72,72,46,34,34,58,58,46,23,8,32,26,50,0,0],"gold":275,"neow_bonus":"RANDOM_COMMON_RELIC","is_daily":false,"chose_seed":false,"campfire_upgraded":2,"win_rate":0.0,"timestamp":1608776772,"path_taken":["M","?","?","M","$","R","M","M","T","M","R","?","M","$","R","BOSS","M","$","M","?","M","?","?","R","T","M","M","M","R","M","R","BOSS"],"items_purchased_type":["Card","Card","Card","Card","Relic","Card","Card","Card","Card"],"build_version":"2020-12-22","purchased_purges":0,"victory":false,"max_hp_per_floor":[80,80,80,80,80,80,80,80,80,80,80,80,80,80,80,80,80,80,80,80,80,80,80,80,80,80,80,80,80,80,80,80,80,80],"card_choices":[{"not_picked":["Pommel Strike","Sentinel"],"picked":"Wild Strike","floor":1.0},{"not_picked":["Searing Blow","Second Wind"],"picked":"Armaments","floor":4.0},{"not_picked":["Burning Pact","Warcry"],"picked":"Sword Boomerang","floor":7.0},{"not_picked":["Sentinel","Burning Pact"],"picked":"Armaments","floor":8.0},{"not_picked":["Shockwave","Twin Strike"],"picked":"Searing Blow","floor":10.0},{"not_picked":["Anger","Twin Strike"],"picked":"Spot Weakness","floor":13.0},{"not_picked":["Immolate","Barricade"],"picked":"Limit Break","floor":16.0},{"not_picked":["Twin Strike","Flame Barrier"],"picked":"Feel No Pain+1","floor":18.0},{"not_picked":["True Grit","Warcry+1"],"picked":"Sword Boomerang","floor":20.0},{"not_picked":["Havoc","Battle Trance"],"picked":"Uppercut","floor":22},{"not_picked":["Thunderclap","Iron Wave+1"],"picked":"Power Through+1","floor":23},{"not_picked":["Reckless Charge","Double Tap"],"picked":"Clash+1","floor":27},{"not_picked":["Second Wind","Clothesline"],"picked":"Rampage","floor":28},{"not_picked":["Intimidate","Sword Boomerang"],"picked":"Cleave","floor":29},{"not_picked":["Bloodletting","Pommel Strike"],"picked":"Blood for Blood+1","floor":31}],"player_experience":3373292,"relics_obtained":[{"floor":9.0,"key":"The Courier"},{"floor":26,"key":"Art of War"}],"event_choices":[{"damage_healed":0.0,"max_hp_gain":0.0,"max_hp_loss":0.0,"gold_gain":0.0,"event_name":"Golden Idol","player_choice":"Take Wound","floor":2.0,"gold_loss":0.0,"damage_taken":0.0,"relics_obtained":["Golden Idol"],"cards_obtained":["Injury"]},{"damage_healed":0.0,"max_hp_gain":0.0,"max_hp_loss":0.0,"gold_gain":72.0,"event_name":"Golden Wing","player_choice":"Gained Gold","floor":3.0,"gold_loss":0.0,"damage_taken":0.0},{"damage_healed":0.0,"max_hp_gain":0.0,"max_hp_loss":0.0,"gold_gain":0.0,"event_name":"Living Wall","player_choice":"Grow","floor":12.0,"gold_loss":0.0,"damage_taken":0.0,"cards_upgraded":["Inflame"]},{"damage_healed":0,"gold_gain":0,"player_choice":"4 cards matched","damage_taken":0,"max_hp_gain":0,"max_hp_loss":0,"event_name":"Match and Keep!","floor":21,"gold_loss":0,"cards_obtained":["Headbutt","Bash","Double Tap","Forethought"]},{"damage_healed":0,"gold_gain":99,"player_choice":"Stole From Cult","damage_taken":0,"max_hp_gain":0,"max_hp_loss":0,"event_name":"Nest","floor":24,"gold_loss":0}],"is_beta":false,"boss_relics":[{"not_picked":["Ectoplasm","SlaversCollar"],"picked":"Mark of Pain"}],"items_purged_floors":[],"is_endless":false,"potions_floor_spawned":[7,13,22,23,27],"killed_by":"Automaton","ascension_level":0}}