{"host":"gb9pilk70hujf88i","time":1608840536,"event":{"mods":["AchievementEnabler","BaseMod","Better Altar","Better Match","Better Sensory Stone","Better Third Choice","Better Vampires","Colored Map","Colored Powertips","Hubris","Infinite Spire","Koishi","Luminous","Minty Spire (QoL Compilation)","Replay The Spire","Robot Space Explorer","StSLib","The Disciple","The Gatherer","The Hierophant","The Jungle","The Poker Player","The Runesmith","The Witch"],"gold_per_floor":[115,0,0,0,24,61,86,86,111,149,175,155,155,198,198,306,306,322,322,322],"floor_reached":18,"playtime":1142,"items_purged":[],"score":203,"play_id":"abb008f8-e36b-4d2c-b535-7e2b797ccda4","local_time":"20201224180856","is_ascension_mode":false,"metric_token":1553,"campfire_choices":[{"data":"Gatherer:Solidify","floor":8,"key":"SMITH"},{"data":"Gatherer:BomberForm","floor":13,"key":"SMITH"},{"data":"Gatherer:Centralize","floor":15,"key":"SMITH"}],"circlet_count":0,"master_deck":["Gatherer:Strike_Gatherer","Gatherer:Strike_Gatherer","Gatherer:Strike_Gatherer","Gatherer:Strike_Gatherer","Gatherer:Strike_Gatherer","Gatherer:Defend_Gatherer","Gatherer:Defend_Gatherer","Gatherer:Defend_Gatherer","Gatherer:Defend_Gatherer","Gatherer:Defend_Gatherer","Gatherer:Centralize+1","Gatherer:FlowerWhip","Gatherer:Frenzy","Enlightenment","Gatherer:Solidify+1","Gatherer:FragileHammer","Gatherer:BomberForm+1","Gatherer:Transmute","Gatherer:ScentOfRosmari","Gatherer:BomberForm"],"relics":["Gatherer:AlchemyBag","NeowsBlessing","CeramicFish","Gatherer:MistGenerator","hubris:OldNail","infinitespire:Bottled Soul","Replay:Wax Seal","hubris:GrandSneckoEye"],"acts_visited":["Exordium","Exordium"],"potions_floor_usage":[10,10,14,14,14],"damage_taken":[{"damage":0,"enemies":"Small Slimes","floor":1,"turns":1},{"damage":0,"enemies":"3 Sentries","floor":6,"turns":1},{"damage":0,"enemies":"Jaw Worm","floor":7,"turns":1},{"damage":35,"enemies":"Lagavulin","floor":10,"turns":5},{"damage":0,"enemies":"Cultist","floor":11,"turns":2},{"damage":18,"enemies":"3 Sentries","floor":14,"turns":5},{"damage":16,"enemies":"The Guardian","floor":16,"turns":13},{"damage":25,"enemies":"Shell Parasite","floor":18,"turns":6}],"seed_played":"3053288092285710640","potions_obtained":[{"floor":6,"key":"AttackPotion"},{"floor":7,"key":"Toxic Potion"},{"floor":10,"key":"Adrenaline Potion"},{"floor":11,"key":"AttackPotion"},{"floor":12,"key":"Poison Potion"}],"is_trial":false,"path_per_floor":["M","?","$","$","T","E","M","R","T","E","M","?","R","E","R","B",null,"M"],"character_chosen":"THE_GATHERER","items_purchased":[],"campfire_rested":0,"item_purchase_floors":[],"current_hp_per_floor":[72,78,78,78,78,78,78,78,78,43,43,43,43,25,25,9,78,53,53,53],"gold":322,"neow_bonus":"THREE_ENEMY_KILL","is_daily":false,"chose_seed":false,"campfire_upgraded":3,"win_rate":0.0,"timestamp":1608840536,"path_taken":["M","?","?","$","?","E","M","R","T","E","M","?","R","E","R","BOSS","M"],"items_purchased_type":[],"build_version":"2020-12-22","purchased_purges":0,"victory":false,"max_hp_per_floor":[72,78,78,78,78,78,78,78,78,78,78,78,78,78,78,78,78,78,78,78],"card_choices":[{"not_picked":["Gatherer:FeelingFine","Gatherer:Convert"],"picked":"Gatherer:Frenzy","floor":1},{"not_picked":["Gatherer:FragileHammer","Gatherer:Herbalism"],"picked":"Gatherer:Solidify","floor":6},{"not_picked":["Gatherer:Pollute","Gatherer:CollectorsShot"],"picked":"Gatherer:FragileHammer","floor":7},{"not_picked":["Gatherer:GrowBook","Gatherer:FruitForce"],"picked":"Gatherer:BomberForm","floor":10},{"not_picked":["Gatherer:Duplicator","Gatherer:SaveValuables"],"picked":"Gatherer:Transmute","floor":11},{"not_picked":["Gatherer:AcidicSpray","Gatherer:Convert"],"picked":"Gatherer:ScentOfRosmari","floor":14},{"not_picked":["Gatherer:LuckyClover","Gatherer:FlamingBottle"],"picked":"Gatherer:BomberForm","floor":16}],"player_experience":19422,"relics_obtained":[{"floor":5,"key":"CeramicFish"},{"floor":6,"key":"Gatherer:MistGenerator"},{"floor":9,"key":"hubris:OldNail"},{"floor":10,"key":"infinitespire:Bottled Soul"},{"floor":14,"key":"Replay:Wax Seal"}],"event_choices":[{"damage_healed":0,"gold_gain":0,"player_choice":"RENOUNCE","damage_taken":115,"max_hp_gain":0,"max_hp_loss":0,"event_name":"betterThird:BetterSerpent","floor":2,"gold_loss":115,"cards_obtained":["Enlightenment"]},{"damage_healed":0,"gold_gain":0,"player_choice":"Bought 1 Potion","damage_taken":0,"max_hp_gain":0,"max_hp_loss":0,"event_name":"The Woman in Blue","floor":12,"gold_loss":0}],"is_beta":false,"boss_relics":[{"not_picked":["Honey Jar","hubris:VirtuousBlindfold"],"picked":"hubris:GrandSneckoEye"}],"items_purged_floors":[],"is_endless":false,"potions_floor_spawned":[6,7,10,11],"killed_by":"Shell Parasite","ascension_level":0}}