{"host":"6pgtslebjnyv5xmi","time":1608824610,"event":{"mods":["AchievementEnabler","BaseMod","Colored Map","Minty Spire (QoL Compilation)","Rare Cards Sparkle","StSLib","SuperFastMode","The Dragon Tamer","everything is the same but u backflip on backflip"],"gold_per_floor":[119,119,69,69,39,39,65,85,153,173,183,183,203,216,216,312,312,325,325,95,114,114,114,148,148,148,175,275,96,106,132,132,229,229,241,291,340,350,350,350,379,379,379,59,59,41,41,53,53,53],"floor_reached":51,"playtime":3902,"items_purged":["Defend_G","Bite+1","Defend_G"],"score":936,"play_id":"d520adb2-f822-43fc-95be-16f3859c46a6","local_time":"20201225004330","is_ascension_mode":true,"campfire_choices":[{"data":"Survivor","floor":6,"key":"SMITH"},{"data":"Caltrops","floor":12,"key":"SMITH"},{"data":"Noxious Fumes","floor":15,"key":"SMITH"},{"data":"Corpse Explosion","floor":23,"key":"SMITH"},{"data":"Bullet Time","floor":25,"key":"SMITH"},{"floor":32,"key":"REST"},{"data":"Venomology","floor":40,"key":"SMITH"},{"data":"Caltrops","floor":49,"key":"SMITH"}],"circlet_count":0,"master_deck":["Defend_G","Defend_G","Survivor+1","Neutralize+1","Blur","Endless Agony+1","Caltrops+1","Noxious Fumes+1","Skewer+1","PiercingWail","Corpse Explosion+1","Concentrate+1","Bite+1","Bite+1","Bite+1","PiercingWail","Bullet Time+1","Terror+1","Footwork","Deadly Poison+1","Malaise","CurseOfTheBell","Concentrate+1","Venomology+1","Caltrops+1","Caltrops","Parasite"],"relics":["Ring of the Snake","NeowsBlessing","Bag of Marbles","Molten Egg 2","Singing Bowl","Runic Pyramid","TwistedFunnel","Whetstone","Juzu Bracelet","TungstenRod","Mango","Ninja Scroll","Ice Cream","Calling Bell","Anchor","Eternal Feather","Tingsha","Lizard Tail","Pocketwatch","HornCleat","Ornamental Fan","Membership Card","Oddly Smooth Stone"],"acts_visited":["Exordium","TheCity","TheBeyond"],"potions_floor_usage":[16,16,27,27,31,33,37,37,41,50,50,50,50],"damage_taken":[{"damage":0,"enemies":"2 Louse","floor":1,"turns":1},{"damage":0,"enemies":"3 Sentries","floor":7,"turns":1},{"damage":0,"enemies":"Jaw Worm","floor":8,"turns":1},{"damage":0,"enemies":"Cultist","floor":10,"turns":2},{"damage":4,"enemies":"Gremlin Gang","floor":11,"turns":5},{"damage":4,"enemies":"Exordium Wildlife","floor":13,"turns":4},{"damage":11,"enemies":"3 Louse","floor":14,"turns":3},{"damage":11,"enemies":"Hexaghost","floor":16,"turns":9},{"damage":16,"enemies":"Spheric Guardian","floor":18,"turns":7},{"damage":8,"enemies":"2 Thieves","floor":21,"turns":2},{"damage":9,"enemies":"Gremlin Leader","floor":24,"turns":7},{"damage":16,"enemies":"Book of Stabbing","floor":27,"turns":5},{"damage":14,"enemies":"Colosseum Slavers","floor":28,"turns":2},{"damage":11,"enemies":"Colosseum Nobs","floor":28,"turns":3},{"damage":5,"enemies":"Snake Plant","floor":30,"turns":3},{"damage":45,"enemies":"Gremlin Leader","floor":31,"turns":7},{"damage":34,"enemies":"Automaton","floor":33,"turns":8},{"damage":13,"enemies":"Orb Walker","floor":35,"turns":3},{"damage":0,"enemies":"Mind Bloom Boss Battle","floor":36,"turns":6},{"damage":11,"enemies":"2 Orb Walkers","floor":37,"turns":5},{"damage":11,"enemies":"3 Darklings","floor":38,"turns":4},{"damage":58,"enemies":"Giant Head","floor":41,"turns":9},{"damage":13,"enemies":"Writhing Mass","floor":48,"turns":6},{"damage":23,"enemies":"Time Eater","floor":50,"turns":10}],"seed_played":"-2577403404742545120","potions_obtained":[{"floor":1,"key":"Weak Potion"},{"floor":5,"key":"SmokeBomb"},{"floor":5,"key":"Swift Potion"},{"floor":7,"key":"GamblersBrew"},{"floor":11,"key":"Block Potion"},{"floor":24,"key":"Strength Potion"},{"floor":28,"key":"CunningPotion"},{"floor":30,"key":"LiquidBronze"},{"floor":31,"key":"Block Potion"},{"floor":33,"key":"Swift Potion"},{"floor":38,"key":"Energy Potion"},{"floor":41,"key":"Poison Potion"}],"is_trial":false,"path_per_floor":["M","?","?","$","?","R","E","M","T","M","M","R","M","M","R","B",null,"M","?","$","M","?","R","E","R","T","E","?","$","M","E","R","B",null,"M","?","?","M","?","R","E","?","T","$","?","$","?","M","R","B",null],"character_chosen":"THE_SILENT","items_purchased":["TwistedFunnel","Footwork","Membership Card","Caltrops","Oddly Smooth Stone","Caltrops"],"campfire_rested":1,"item_purchase_floors":[20,29,44,44,44,46],"current_hp_per_floor":[70,63,63,63,63,63,63,63,63,63,59,59,57,46,46,35,63,47,47,47,45,45,45,50,50,50,47,48,48,54,33,53,43,62,55,70,62,62,62,72,39,41,41,41,41,41,41,42,57,58],"gold":53,"neow_bonus":"THREE_ENEMY_KILL","is_daily":false,"chose_seed":false,"campfire_upgraded":7,"win_rate":0.0,"timestamp":1608824610,"path_taken":["M","?","?","?","?","R","E","M","T","?","M","R","?","M","R","BOSS","M","?","$","M","?","R","E","R","T","E","?","$","M","E","R","BOSS","M","?","?","M","?","R","E","?","T","$","?","$","?","M","R","BOSS"],"items_purchased_type":["Relic","Card","Relic","Card","Relic","Card"],"build_version":"2020-12-22","purchased_purges":3,"victory":true,"max_hp_per_floor":[70,70,70,70,70,70,70,70,70,70,70,70,72,72,72,72,72,72,50,50,50,50,50,50,50,50,52,66,66,68,68,68,68,68,68,70,70,72,72,72,74,76,76,76,76,76,72,74,74,74],"card_choices":[{"not_picked":["Escape Plan","Dagger Spray"],"picked":"Blur","floor":1},{"not_picked":["Deflect","Flying Knee+1"],"picked":"Endless Agony+1","floor":7},{"not_picked":["Tactician","Bouncing Flask"],"picked":"Caltrops","floor":8},{"not_picked":["Flying Knee+1","Dodge and Roll"],"picked":"Noxious Fumes","floor":10},{"not_picked":["Prepared","Bouncing Flask"],"picked":"Skewer+1","floor":11},{"not_picked":["Escape Plan","Cloak And Dagger","Dodge and Roll"],"picked":"Singing Bowl","floor":13},{"not_picked":["Riddle With Holes+1","Masterful Stab+1"],"picked":"PiercingWail","floor":14},{"not_picked":["Doppelganger","Night Terror"],"picked":"Corpse Explosion","floor":16},{"not_picked":["Sucker Punch+1","Dodge and Roll+1"],"picked":"Concentrate+1","floor":18},{"not_picked":["Dodge and Roll","Well Laid Plans+1"],"picked":"PiercingWail","floor":21},{"not_picked":["Blade Dance+1","Setup"],"picked":"Bullet Time","floor":24},{"not_picked":["Prepared","Sucker Punch+1","Concentrate"],"picked":"Singing Bowl","floor":27},{"not_picked":["Deflect","Backstab+1"],"picked":"Terror+1","floor":28},{"not_picked":["Crippling Poison","Expertise","Calculated Gamble"],"picked":"Singing Bowl","floor":30},{"not_picked":["Bane+1","Crippling Poison"],"picked":"Deadly Poison+1","floor":31},{"not_picked":["Die Die Die+1","Phantasmal Killer"],"picked":"Malaise","floor":33},{"not_picked":["Backflip+1","Quick Slash+1"],"picked":"Concentrate+1","floor":35},{"not_picked":["Infinite Blades+1","Flying Knee+1","Reflex"],"picked":"Singing Bowl","floor":36},{"not_picked":["Dodge and Roll+1","Prepared+1"],"picked":"Venomology","floor":37},{"not_picked":["All Out Attack+1","Bouncing Flask","Slice+1"],"picked":"Singing Bowl","floor":38},{"not_picked":["Leg Sweep+1","Endless Agony+1","Poisoned Stab+1"],"picked":"Singing Bowl","floor":41},{"not_picked":["Blind","Madness","Impatience"],"picked":"Singing Bowl","floor":42},{"not_picked":["Cloak And Dagger","Concentrate+1","Flying Knee+1"],"picked":"Singing Bowl","floor":48}],"player_experience":462898,"relics_obtained":[{"floor":7,"key":"Molten Egg 2"},{"floor":9,"key":"Singing Bowl"},{"floor":24,"key":"Whetstone"},{"floor":26,"key":"Juzu Bracelet"},{"floor":27,"key":"TungstenRod"},{"floor":28,"key":"Mango"},{"floor":28,"key":"Ninja Scroll"},{"floor":31,"key":"Ice Cream"},{"floor":34,"key":"Anchor"},{"floor":34,"key":"Eternal Feather"},{"floor":34,"key":"Tingsha"},{"floor":36,"key":"Lizard Tail"},{"floor":37,"key":"Pocketwatch"},{"floor":41,"key":"HornCleat"},{"floor":43,"key":"Ornamental Fan"}],"event_choices":[{"damage_healed":0,"gold_gain":0,"player_choice":"Success","damage_taken":7,"relics_obtained":["Bag of Marbles"],"max_hp_gain":0,"max_hp_loss":0,"event_name":"Scrap Ooze","floor":2,"gold_loss":0},{"cards_removed":["Defend_G"],"damage_healed":0,"gold_gain":0,"player_choice":"Card Removal","damage_taken":0,"max_hp_gain":0,"max_hp_loss":0,"event_name":"The Cleric","floor":3,"gold_loss":50},{"damage_healed":0,"gold_gain":0,"player_choice":"Bought 2 Potions","damage_taken":0,"max_hp_gain":0,"max_hp_loss":0,"event_name":"The Woman in Blue","floor":5,"gold_loss":0},{"damage_healed":0,"gold_gain":0,"player_choice":"Became a vampire","damage_taken":0,"max_hp_gain":0,"max_hp_loss":22,"event_name":"Vampires","floor":19,"gold_loss":0,"cards_obtained":["Bite","Bite","Bite","Bite","Bite"]},{"damage_healed":0,"gold_gain":0,"player_choice":"Ignored","damage_taken":0,"max_hp_gain":0,"max_hp_loss":0,"event_name":"Cursed Tome","floor":22,"gold_loss":0},{"damage_healed":0,"gold_gain":0,"player_choice":"Fight","damage_taken":0,"max_hp_gain":0,"max_hp_loss":0,"event_name":"Colosseum","floor":28,"gold_loss":0},{"damage_healed":0,"gold_gain":0,"player_choice":"Fought Nobs","damage_taken":0,"max_hp_gain":0,"max_hp_loss":0,"event_name":"Colosseum","floor":28,"gold_loss":0},{"damage_healed":0,"gold_gain":0,"player_choice":"Fight","damage_taken":0,"max_hp_gain":0,"max_hp_loss":0,"event_name":"MindBloom","floor":36,"gold_loss":0},{"damage_healed":0,"gold_gain":0,"player_choice":"Fight","damage_taken":0,"max_hp_gain":0,"max_hp_loss":0,"event_name":"Mysterious Sphere","floor":37,"gold_loss":0},{"cards_removed":["Bite"],"damage_healed":0,"gold_gain":0,"player_choice":"Removed Attack","damage_taken":0,"max_hp_gain":0,"max_hp_loss":0,"event_name":"Falling","floor":39,"gold_loss":0},{"damage_healed":0,"gold_gain":0,"player_choice":"Memory 1","damage_taken":0,"max_hp_gain":0,"max_hp_loss":0,"event_name":"SensoryStone","floor":42,"gold_loss":0},{"damage_healed":0,"gold_gain":0,"player_choice":"Ignored","damage_taken":0,"max_hp_gain":0,"max_hp_loss":0,"event_name":"Tomb of Lord Red Mask","floor":45,"gold_loss":0},{"damage_healed":0,"gold_gain":0,"player_choice":"Max HP","damage_taken":0,"max_hp_gain":0,"max_hp_loss":4,"event_name":"Winding Halls","floor":47,"gold_loss":0}],"is_beta":false,"boss_relics":[{"not_picked":["SlaversCollar","Empty Cage"],"picked":"Runic Pyramid"},{"not_picked":["Ring of the Serpent","Tiny House"],"picked":"Calling Bell"}],"items_purged_floors":[20,29,44],"is_endless":false,"potions_floor_spawned":[1,7,11,24,28,30,31,33,38,41],"ascension_level":5}}