{"host":"fdzt26oh6i4vaxrk","time":1608769432,"event":{"mods":["BaseMod","Colored Map","Minty Spire (QoL Compilation)"],"gold_per_floor":[212,212,225,241,2,2,14,32,82,113,130,187,215,228,228,299,349,364,379,379,394,394,394,394],"floor_reached":23,"playtime":2827,"items_purged":["Strike_B"],"score":390,"play_id":"af5cf6a6-a4d7-4066-9677-96821bede99a","local_time":"20201224012352","is_ascension_mode":true,"campfire_choices":[{"floor":6.0,"key":"REST"},{"floor":15,"key":"REST"}],"circlet_count":0,"master_deck":["AscendersBane","Strike_B","Strike_B","Strike_B","Defend_B","Defend_B","Defend_B","Defend_B","Zap","Dualcast","Glacier","Leap","Go for the Eyes","Undo+1","Seek","Ball Lightning","Sweeping Beam","Static Discharge","Fission","Lockon","Hologram","Steam+1","Ball Lightning+1","Writhe"],"relics":["Cracked Core","White Beast Statue","Bronze Scales","Smiling Mask","Bag of Preparation","InkBottle","Oddly Smooth Stone","Tiny House","Turnip"],"acts_visited":["Exordium","TheCity"],"potions_floor_usage":[7,8,10,10,12,12,13,14,16,18,19,19,19,21,23],"damage_taken":[{"damage":7.0,"enemies":"Jaw Worm","floor":1.0,"turns":3.0},{"damage":8.0,"enemies":"Small Slimes","floor":3.0,"turns":4.0},{"damage":0.0,"enemies":"2 Louse","floor":4.0,"turns":2.0},{"damage":1,"enemies":"Looter","floor":7,"turns":3},{"damage":0,"enemies":"3 Louse","floor":8,"turns":1},{"damage":21,"enemies":"Gremlin Nob","floor":10,"turns":4},{"damage":0,"enemies":"Blue Slaver","floor":11,"turns":4},{"damage":1,"enemies":"Lagavulin Event","floor":12,"turns":8},{"damage":3,"enemies":"3 Sentries","floor":13,"turns":6},{"damage":4,"enemies":"Gremlin Gang","floor":14,"turns":3},{"damage":34,"enemies":"Slime Boss","floor":16,"turns":11},{"damage":11,"enemies":"Shell Parasite","floor":18,"turns":4},{"damage":5,"enemies":"Chosen","floor":19,"turns":4},{"damage":0,"enemies":"Snake Plant","floor":21,"turns":2},{"damage":81,"enemies":"Gremlin Leader","floor":23,"turns":10}],"seed_played":"5548662127121484736","potions_obtained":[{"floor":1.0,"key":"Strength Potion"},{"floor":3.0,"key":"SpeedPotion"},{"floor":4.0,"key":"DistilledChaos"},{"floor":7,"key":"Explosive Potion"},{"floor":8,"key":"FearPotion"},{"floor":10,"key":"Block Potion"},{"floor":11,"key":"Dexterity Potion"},{"floor":12,"key":"SteroidPotion"},{"floor":13,"key":"Energy Potion"},{"floor":14,"key":"DistilledChaos"},{"floor":16,"key":"DuplicationPotion"},{"floor":17,"key":"EntropicBrew"},{"floor":18,"key":"PowerPotion"},{"floor":19,"key":"PowerPotion"},{"floor":21,"key":"FairyPotion"}],"is_trial":false,"path_per_floor":["M","?","M","M","$","R","M","M","T","E","M","?","E","M","R","B",null,"M","M","?","M","?","E"],"character_chosen":"DEFECT","items_purchased":["Bronze Scales"],"campfire_rested":2,"item_purchase_floors":[5],"current_hp_per_floor":[57,46,38,38,38,59,58,58,58,37,37,36,33,29,50,16,62,51,46,46,46,46,0,0],"gold":394,"neow_bonus":"HUNDRED_GOLD","is_daily":false,"chose_seed":false,"campfire_upgraded":0,"win_rate":0.0,"timestamp":1608769432,"path_taken":["M","?","M","M","$","R","M","M","T","E","M","?","E","M","R","BOSS","M","M","?","M","?","E"],"items_purchased_type":["Relic"],"build_version":"2020-12-22","purchased_purges":1,"victory":false,"max_hp_per_floor":[71,71,71,71,71,71,71,71,71,71,71,71,71,71,71,71,76,76,76,76,76,76,76,76],"card_choices":[{"not_picked":["Stack","Steam"],"picked":"Glacier","floor":1.0},{"not_picked":["Ball Lightning","Skim"],"picked":"Leap","floor":3.0},{"not_picked":["Skim","Redo","Gash"],"picked":"SKIP","floor":4.0},{"not_picked":["Gash","Stack"],"picked":"Go for the Eyes","floor":7},{"not_picked":["Compile Driver","Beam Cell"],"picked":"Undo","floor":8},{"not_picked":["Melter","Redo"],"picked":"Seek","floor":10},{"not_picked":["Double Energy","Stack"],"picked":"Ball Lightning","floor":11},{"not_picked":["Rebound","Coolheaded"],"picked":"Sweeping Beam","floor":12},{"not_picked":["Fusion","Ball Lightning"],"picked":"Static Discharge","floor":13},{"not_picked":["Sweeping Beam","Beam Cell","Reprogram"],"picked":"SKIP","floor":14},{"not_picked":["Hyperbeam","Seek"],"picked":"Fission","floor":16},{"not_picked":["Cold Snap","Undo"],"picked":"Lockon","floor":17},{"not_picked":["Ball Lightning","Fusion"],"picked":"Hologram","floor":18},{"not_picked":["Compile Driver","Coolheaded"],"picked":"Steam+1","floor":19},{"not_picked":["Leap","Undo"],"picked":"Ball Lightning+1","floor":21}],"player_experience":547719,"relics_obtained":[{"floor":9,"key":"Smiling Mask"},{"floor":10,"key":"Bag of Preparation"},{"floor":12,"key":"InkBottle"},{"floor":13,"key":"Oddly Smooth Stone"}],"event_choices":[{"damage_healed":0.0,"max_hp_gain":0.0,"max_hp_loss":0.0,"gold_gain":0.0,"event_name":"Scrap Ooze","player_choice":"Success","floor":2.0,"gold_loss":0.0,"damage_taken":11.0,"relics_obtained":["White Beast Statue"]},{"damage_healed":0,"gold_gain":0,"player_choice":"Searched \u00271\u0027 times","damage_taken":0,"max_hp_gain":0,"max_hp_loss":0,"event_name":"Dead Adventurer","floor":12,"gold_loss":0},{"damage_healed":0,"gold_gain":0,"player_choice":"Ignored","damage_taken":0,"max_hp_gain":0,"max_hp_loss":0,"event_name":"Vampires","floor":20,"gold_loss":0},{"damage_healed":0,"gold_gain":0,"player_choice":"Opened","damage_taken":0,"relics_obtained":["Turnip"],"max_hp_gain":0,"max_hp_loss":0,"event_name":"The Mausoleum","floor":22,"gold_loss":0,"cards_obtained":["Writhe"]}],"is_beta":false,"boss_relics":[{"not_picked":["Sozu","SlaversCollar"],"picked":"Tiny House"}],"items_purged_floors":[5],"is_endless":false,"potions_floor_spawned":[1,3,4,7,8,10,11,12,13,14,16,18,19,21],"killed_by":"Gremlin Leader","ascension_level":18}}