{"host":"y8hg8nbtd8qkv7tj","time":1608778548,"event":{"mods":["AchievementEnabler","Aspiration","BaseMod","BetterRewards","CapriCore","Colored Map","Downfall","Friendly Minions","GifTheSpireLib","GungeonMod","Hubris","Lobotomy","LobotomyExtend","Minty Spire (QoL Compilation)","Replay The Spire","StSLib","The Animator","The Bladedancer"],"gold_per_floor":[127,127,150,160,17,17,40,40,94,124,124,124,139,153,153,256,256,279,279,29,29,29,29,54,54,152,152,176,176,224,39,39,161,186,211,243,276,404,31,31,62,62,137,137,173,173,200,246,246,278],"floor_reached":51,"playtime":3693,"items_purged":["animator:Curse_Nutcracker","hubris:Compulsion"],"score":898,"play_id":"eaa53de0-99d7-4536-b4ac-9f02a0fe49b5","local_time":"20201223215548","is_ascension_mode":false,"campfire_choices":[{"data":"animator:PandorasActor","floor":6.0,"key":"SMITH"},{"data":"animator:GoblinSlayer","floor":12,"key":"SMITH"},{"data":"animator:Sloth","floor":15,"key":"SMITH"},{"floor":23,"key":"REST"},{"floor":27,"key":"REST"},{"data":"GremboGang","floor":32,"key":"SMITH"},{"data":"animator:IchigoKurosaki","floor":40,"key":"SMITH"},{"data":"animator:Aisha","floor":42,"key":"SMITH"},{"data":"animator:Hakurou","floor":44,"key":"SMITH"},{"data":"animator:Gilgamesh+5","floor":49,"key":"SMITH"}],"circlet_count":0,"master_deck":["animator:Strike_Konosuba","animator:Defend_Konosuba","animator:Strike+1","animator:Strike","animator:Strike+1","animator:Defend","animator:Defend","animator:Defend","animator:Kazuma","animator:Aqua","animator:PandorasActor+1","animator:GoblinSlayer+1","animator:Archer","animator:Ara","animator:Shalltear","animator:Ain","animator:ElricEdward","animator:Megumin+6","animator:Sloth+1","animator:Witch","animator:Ainz+1","animator:Raven+1","GremboGang+1","animator:Cocytus","animator:Rider+1","animator:Aisha+1","animator:Hakurou+1","animator:ElricAlphonse","animator:ElricAlphonse","animator:Gilgamesh+6","animator:Chris","animator:HighElfArcher+1","animator:Millim+1","animator:IchigoKurosaki+1","animator:HououinKyouma+1","hexamod:Haunted","ReplayTheSpireMod:Restless Dread"],"relics":["animator:LivingPicture","animator:TheMissingPiece","DemoMod:GnawedKey","Lantern","animator:CerealBox","hubris:CuriousFeather","ReplayTheSpireMod:Ring of Addiction","SacredBark","hubris:EmptyBottle","LetterFromLob","hubris:Towel","animator:AlchemistGlove","Simple Rune","Ring of Searing","ReplayTheSpireMod:Ring of Collecting","Ring of Fury","ReplayTheSpireMod:TigerMarble","aspiration:FutureDiary","MutagenicStrength","Pantograph","DemoMod:ClearGuonStone","DollysMirror","Garlic","Ring of Greed","Replay:Bandana","Blue Doll","MealTicket","HonorFeather","Heaven_r","Vajra","Black Star","DemoMod:RingOfEthereal","HornCleat","ReplayTheSpireMod:Ring of Exchange","Toy Ornithopter"],"acts_visited":["Exordium","TheCity","TheBeyond"],"potions_floor_usage":[7,13,16,16,18,24,28,28,30,33,33,33,38,38,41,45,47,50,50,50,50,50],"damage_taken":[{"damage":0.0,"enemies":"Small Slimes","floor":1.0,"turns":4.0},{"damage":0.0,"enemies":"2 Louse","floor":4.0,"turns":3.0},{"damage":0,"enemies":"Cultist","floor":7,"turns":2},{"damage":5,"enemies":"Blue Slaver","floor":10,"turns":3},{"damage":0,"enemies":"3 Louse","floor":13,"turns":1},{"damage":0,"enemies":"Gremlin Gang","floor":14,"turns":2},{"damage":5,"enemies":"Slime Boss","floor":16,"turns":2},{"damage":7,"enemies":"Shell Parasite","floor":18,"turns":3},{"damage":0,"enemies":"Slavers","floor":24,"turns":1},{"damage":0,"enemies":"Spheric Guardian","floor":28,"turns":3},{"damage":0,"enemies":"Spheric Guardian","floor":28,"turns":1},{"damage":15,"enemies":"Replay:Snechameleon","floor":30,"turns":4},{"damage":55,"enemies":"Automaton","floor":33,"turns":8},{"damage":5,"enemies":"Orb Walker","floor":35,"turns":2},{"damage":5,"enemies":"3 Darklings","floor":36,"turns":2},{"damage":17,"enemies":"Maw","floor":37,"turns":6},{"damage":15,"enemies":"Mind Bloom Boss Battle","floor":38,"turns":4},{"damage":18,"enemies":"Transient","floor":41,"turns":5},{"damage":5,"enemies":"3 Darklings","floor":45,"turns":2},{"damage":0,"enemies":"Jaw Worm Horde","floor":47,"turns":1},{"damage":10,"enemies":"Writhing Mass","floor":48,"turns":3},{"damage":12,"enemies":"hubris:GrandSnecko","floor":50,"turns":4},{"damage":97,"enemies":"Malkuth","floor":51,"turns":7}],"seed_played":"-827346409960361113","potions_obtained":[{"floor":0.0,"key":"Explosive Potion"},{"floor":0.0,"key":"LiquidBronze"},{"floor":0.0,"key":"SkillPotion"},{"floor":1.0,"key":"LiquidMemories"},{"floor":14,"key":"AttackPotion"},{"floor":16,"key":"LifebloodPotion"},{"floor":30,"key":"LiquidMemories"},{"floor":37,"key":"sneckomod:MuddlingPotion"},{"floor":41,"key":"Weak Potion"},{"floor":48,"key":"Block Potion"}],"is_trial":false,"path_per_floor":["M","?","?","M","$","R","M","?","T","M","?","R","M","M","R","B",null,"M","?","?","$","?","R","E","$","T","R","M","?","E","$","R","B",null,"M","M","M","?","$","R","M","R","T","R","M","?","M","M","R","B",null],"character_chosen":"THE_ANIMATOR","items_purchased":["DemoMod:GnawedKey","Lantern","animator:CerealBox","hubris:CuriousFeather","animator:PandorasActor","animator:GoblinSlayer","Simple Rune","DemoMod:ClearGuonStone","DollysMirror","Garlic","animator:Aisha","animator:Hakurou","animator:ElricAlphonse","PowerPotion","animator:IchigoKurosaki","animator:HououinKyouma+1","HornCleat"],"campfire_rested":2,"item_purchase_floors":[0,0,0,0,0,0,5,25,25,25,31,31,31,39,39,39,39],"current_hp_per_floor":[66,66,50,53,53,53,53,53,53,48,48,48,51,51,51,50,64,57,57,57,57,46,66,66,30,30,50,65,65,52,65,65,12,65,61,60,45,51,64,64,46,64,64,64,57,57,62,52,62,57],"gold":326,"neow_bonus":"","is_daily":false,"chose_seed":false,"campfire_upgraded":8,"win_rate":0.0,"timestamp":1608778548,"path_taken":["M","?","?","M","$","R","M","?","T","M","?","R","?","M","R","BOSS","M","?","?","$","?","R","E","?","T","R","?","?","E","$","R","BOSS","M","M","?","?","$","R","M","R","T","R","M","?","M","M","R","BOSS"],"items_purchased_type":["Relic","Card","Relic","Relic","Card","Card","Relic","Relic","Relic","Relic","Card","Card","Card","Potion","Card","Card","Relic"],"build_version":"2020-12-22","purchased_purges":2,"victory":true,"max_hp_per_floor":[66,66,66,67,65,65,65,65,65,65,63,63,64,64,64,64,64,64,64,64,64,67,67,67,67,67,67,65,65,65,65,65,65,65,66,66,64,64,64,64,64,64,64,64,62,62,62,62,62,62],"card_choices":[{"not_picked":["animator:RinTohsaka","animator:MaesHughes"],"picked":"animator:Ara","floor":1.0},{"not_picked":["animator:Lancer","animator:Ara"],"picked":"animator:Shalltear","floor":3.0},{"not_picked":["animator:Berserker","animator:Mitsurugi"],"picked":"animator:Ain","floor":4.0},{"not_picked":["animator:Gluttony","animator:ShinjiMatou"],"picked":"animator:ElricEdward","floor":7},{"not_picked":["animator:Sloth","animator:DwarfShaman"],"picked":"animator:Megumin","floor":10},{"not_picked":["animator:Alexander","animator:Vanir"],"picked":"animator:Sloth","floor":13},{"not_picked":["animator:MaesHughes","animator:LizardPriest"],"picked":"animator:Witch","floor":14},{"not_picked":["animator:Shizu","animator:Saber"],"picked":"animator:Ainz","floor":16},{"not_picked":["animator:LizardPriest","animator:PandorasActor"],"picked":"animator:Raven+1","floor":18},{"not_picked":["animator:GazelDwargon","animator:GuildGirl"],"picked":"animator:Cocytus","floor":24},{"not_picked":["animator:Assassin","animator:MaesHughes"],"picked":"animator:Rider+1","floor":30},{"not_picked":["animator:Eve","animator:Father"],"picked":"animator:Gilgamesh","floor":33},{"not_picked":["animator:Raven","animator:Demiurge"],"picked":"animator:Chris","floor":35},{"not_picked":["animator:CowGirl+1","animator:Scar"],"picked":"animator:HighElfArcher+1","floor":36},{"not_picked":["animator:ShinjiMatou+1","animator:Cocytus+1"],"picked":"animator:Megumin","floor":37},{"not_picked":["animator:MaesHughes","animator:Caster"],"picked":"animator:Millim+1","floor":38},{"not_picked":["animator:LizardPriest","animator:Hakurou","animator:Verdia+1"],"picked":"SKIP","floor":41},{"not_picked":["animator:Mitsurugi","animator:Demiurge+1"],"picked":"animator:Megumin","floor":45},{"not_picked":["animator:Mitsurugi","animator:Cocytus+1","animator:Rimuru"],"picked":"SKIP","floor":47},{"not_picked":["animator:LizardPriest","animator:Vanir+1","animator:Add"],"picked":"SKIP","floor":48}],"player_experience":82997,"relics_obtained":[{"floor":0.0,"key":"SacredBark"},{"floor":0.0,"key":"hubris:EmptyBottle"},{"floor":1.0,"key":"LetterFromLob"},{"floor":3.0,"key":"animator:AlchemistGlove"},{"floor":8,"key":"Ring of Searing"},{"floor":8,"key":"ReplayTheSpireMod:Ring of Collecting"},{"floor":9,"key":"Ring of Fury"},{"floor":9,"key":"ReplayTheSpireMod:TigerMarble"},{"floor":24,"key":"Pantograph"},{"floor":26,"key":"Ring of Greed"},{"floor":26,"key":"Replay:Bandana"},{"floor":26,"key":"Blue Doll"},{"floor":26,"key":"MealTicket"},{"floor":30,"key":"Vajra"},{"floor":38,"key":"DemoMod:RingOfEthereal"},{"floor":43,"key":"ReplayTheSpireMod:Ring of Exchange"},{"floor":43,"key":"Toy Ornithopter"}],"event_choices":[{"damage_healed":0,"gold_gain":0,"player_choice":"Ignored","damage_taken":0,"max_hp_gain":0,"max_hp_loss":0,"event_name":"NoteForYourself","floor":11,"gold_loss":0},{"damage_healed":0,"gold_gain":0,"player_choice":"Inject Mutagens","damage_taken":0,"relics_obtained":["MutagenicStrength"],"max_hp_gain":0,"max_hp_loss":0,"event_name":"Drug Dealer","floor":19,"gold_loss":0},{"damage_healed":0,"gold_gain":0,"player_choice":"Shed Blood","damage_taken":16,"max_hp_gain":5,"max_hp_loss":0,"event_name":"Forgotten Altar","floor":22,"gold_loss":0},{"damage_healed":0,"gold_gain":0,"player_choice":"Upgraded","damage_taken":0,"max_hp_gain":0,"max_hp_loss":0,"event_name":"Upgrade Shrine","floor":29,"gold_loss":0,"cards_upgraded":["animator:Ainz"]},{"damage_healed":0,"gold_gain":0,"player_choice":"Fight","damage_taken":0,"max_hp_gain":0,"max_hp_loss":0,"event_name":"MindBloom","floor":38,"gold_loss":0},{"cards_removed":["Shame"],"damage_healed":0,"gold_gain":0,"player_choice":"Removed","damage_taken":0,"max_hp_gain":0,"max_hp_loss":0,"event_name":"The Cursed Forest","floor":46,"gold_loss":0},{"cards_removed":["Voices"],"damage_healed":0,"gold_gain":0,"player_choice":"Removed","damage_taken":0,"max_hp_gain":0,"max_hp_loss":0,"event_name":"The Cursed Forest","floor":46,"gold_loss":0}],"is_beta":false,"boss_relics":[{"not_picked":["Honey Jar","hubris:VirtuousBlindfold"],"picked":"aspiration:FutureDiary"},{"not_picked":["hubris:BlackHole","ChewingGum"],"picked":"Black Star"}],"items_purged_floors":[31,39],"is_endless":false,"potions_floor_spawned":[1,7,14,16,28,30,37,41,48],"ascension_level":0}}