{"host":"30jsp143e4v19aze","time":1608829643,"event":{"mods":["BaseMod","Colored Map","Colored Powertips","Curses Come First","DeckTracker","Highlight Path","Minty Spire (QoL Compilation)","Quick Restart","Relic Stats","StSLib","everything is the same but u backflip on backflip","slay the spire mod where everything is the same but ironclad has a cowboy hat"],"gold_per_floor":[109,34,103,103,122,122,157,232,232,242,242,271,271,4,4,100,100,118,118,133,143,143,143,15,43,70,70,99,114,131,162,162,235,235,246,256,1255,1255,1255,1290,1290,1319,1373,1373,1373,1392,1419,730,730,730,730],"floor_reached":50,"playtime":3622,"items_purged":["Well Laid Plans"],"score":1334,"play_id":"3bbe8ed9-2245-4d97-a129-46c3c0aaa614","local_time":"20201224180723","is_ascension_mode":true,"campfire_choices":[{"data":"Underhanded Strike","floor":6,"key":"SMITH"},{"data":"Poisoned Stab","floor":11,"key":"SMITH"},{"floor":15,"key":"REST"},{"data":"Die Die Die","floor":23,"key":"SMITH"},{"data":"Footwork","floor":27,"key":"SMITH"},{"data":"Crippling Poison","floor":32,"key":"SMITH"},{"data":"Ghostly","floor":41,"key":"SMITH"},{"floor":45,"key":"RECALL"},{"data":"Wraith Form v2","floor":49,"key":"SMITH"}],"circlet_count":0,"master_deck":["AscendersBane","Strike_G","Strike_G","Strike_G","Strike_G","Defend_G","Defend_G","Defend_G","Defend_G","Defend_G","Survivor","Neutralize","Underhanded Strike+1","Deadly Poison","Poisoned Stab+1","Flying Knee","Bouncing Flask","Die Die Die+1","PiercingWail","Glass Knife","Acrobatics","PiercingWail+1","Ghostly+1","Ghostly","Ghostly","Footwork+1","Escape Plan","Night Terror","Backflip","Crippling Poison+1","Wraith Form v2+1","Leg Sweep","Backflip","Setup","Bouncing Flask","Acrobatics"],"relics":["Ring of the Snake","NeowsBlessing","Happy Flower","Letter Opener","Mercury Hourglass","Oddly Smooth Stone","Bloody Idol","Coffee Dripper","Potion Belt","Vajra","Blue Candle","Omamori","Runic Pyramid","Blood Vial","PreservedInsect","Dream Catcher","Medical Kit","MealTicket"],"acts_visited":["Exordium","TheCity","TheBeyond"],"potions_floor_usage":[12,12,25,33,33,40,47,47],"damage_taken":[{"damage":0,"enemies":"2 Louse","floor":1,"turns":1},{"damage":0,"enemies":"Small Slimes","floor":5,"turns":1},{"damage":0,"enemies":"3 Sentries","floor":7,"turns":2},{"damage":3,"enemies":"Jaw Worm","floor":10,"turns":4},{"damage":20,"enemies":"Lagavulin","floor":12,"turns":6},{"damage":13,"enemies":"Slime Boss","floor":16,"turns":11},{"damage":0,"enemies":"3 Byrds","floor":18,"turns":4},{"damage":10,"enemies":"Shell Parasite","floor":20,"turns":5},{"damage":0,"enemies":"Cultist and Chosen","floor":21,"turns":5},{"damage":0,"enemies":"Gremlin Leader","floor":25,"turns":6},{"damage":13,"enemies":"Book of Stabbing","floor":28,"turns":7},{"damage":0,"enemies":"Snake Plant","floor":29,"turns":4},{"damage":2,"enemies":"Centurion and Healer","floor":30,"turns":5},{"damage":4,"enemies":"Gremlin Leader","floor":31,"turns":6},{"damage":24,"enemies":"Collector","floor":33,"turns":11},{"damage":0,"enemies":"3 Shapes","floor":35,"turns":6},{"damage":0,"enemies":"3 Darklings","floor":36,"turns":4},{"damage":9,"enemies":"Reptomancer","floor":40,"turns":8},{"damage":12,"enemies":"Nemesis","floor":42,"turns":11},{"damage":12,"enemies":"Jaw Worm Horde","floor":46,"turns":5},{"damage":16,"enemies":"Reptomancer","floor":47,"turns":8},{"damage":26,"enemies":"Time Eater","floor":50,"turns":13}],"seed_played":"-191975099430623191","potions_obtained":[{"floor":5,"key":"Poison Potion"},{"floor":10,"key":"FearPotion"},{"floor":18,"key":"Swift Potion"},{"floor":28,"key":"EssenceOfSteel"},{"floor":29,"key":"PowerPotion"},{"floor":33,"key":"FearPotion"},{"floor":40,"key":"DuplicationPotion"},{"floor":46,"key":"Fire Potion"}],"is_trial":false,"path_per_floor":["M","?","?","?","M","R","E","?","T","M","R","E","?","$","R","B",null,"M","?","M","M","?","R","$","E","T","R","E","M","M","E","R","B",null,"M","M","?","?","?","E","R","E","T","?","R","M","E","$","R","B"],"character_chosen":"THE_SILENT","items_purchased":["Die Die Die","Well Laid Plans","PiercingWail","Footwork","Escape Plan","Medical Kit","MealTicket","SteroidPotion","SteroidPotion","SneckoOil","Acrobatics"],"campfire_rested":1,"item_purchase_floors":[14,14,14,24,24,48,48,48,48,48,48],"current_hp_per_floor":[59,59,59,48,48,48,48,37,37,34,34,14,14,14,32,19,50,50,50,45,50,30,30,30,30,30,30,22,27,30,30,30,11,25,30,30,30,30,28,24,24,19,24,24,24,19,10,10,10,0,0],"gold":730,"neow_bonus":"THREE_ENEMY_KILL","is_daily":false,"chose_seed":false,"campfire_upgraded":7,"win_rate":0.0,"timestamp":1608829643,"path_taken":["M","?","?","?","M","R","E","?","T","M","R","E","?","$","R","BOSS","M","?","M","M","?","R","$","E","T","R","E","?","M","E","R","BOSS","M","M","?","?","?","E","R","E","T","?","R","M","E","$","R","BOSS"],"items_purchased_type":["Card","Card","Card","Card","Card","Relic","Relic","Potion","Potion","Potion","Card"],"build_version":"2020-12-22","purchased_purges":1,"victory":false,"max_hp_per_floor":[66,66,66,66,66,66,66,66,66,66,66,66,60,60,60,60,60,60,60,60,60,30,30,30,30,30,30,30,30,30,30,30,30,30,30,30,30,30,28,28,28,28,28,28,28,28,28,28,28,28,28],"relic_stats":{"Happy Flower":[44],"counters":[22,132],"Blue Candle":[0],"PreservedInsect":62,"Letter Opener":[374],"Medical Kit":[0],"Mercury Hourglass":[585],"Blood Vial":8,"Dream Catcher":0,"Bloody Idol":64,"MealTicket":0,"obtain_stats":[{"Potion Belt":25,"NeowsBlessing":0,"Happy Flower":4,"Golden Idol":13,"Blue Candle":28,"Oddly Smooth Stone":12,"Vajra":26,"PreservedInsect":42,"Omamori":31,"Letter Opener":7,"Medical Kit":48,"Mercury Hourglass":9,"Blood Vial":40,"Dream Catcher":47,"Bloody Idol":19,"MealTicket":48,"Coffee Dripper":17,"Ring of the Snake":0,"Runic Pyramid":34},{"Potion Belt":10,"NeowsBlessing":0,"Happy Flower":1,"Golden Idol":5,"Blue Candle":11,"Oddly Smooth Stone":5,"Vajra":10,"PreservedInsect":19,"Omamori":14,"Letter Opener":3,"Medical Kit":21,"Mercury Hourglass":3,"Blood Vial":18,"Dream Catcher":21,"Bloody Idol":7,"MealTicket":21,"Coffee Dripper":6,"Ring of the Snake":0,"Runic Pyramid":15},{"Potion Belt":44,"NeowsBlessing":0,"Happy Flower":1,"Golden Idol":14,"Blue Candle":51,"Oddly Smooth Stone":14,"Vajra":44,"PreservedInsect":106,"Omamori":66,"Letter Opener":4,"Medical Kit":119,"Mercury Hourglass":4,"Blood Vial":95,"Dream Catcher":119,"Bloody Idol":28,"MealTicket":119,"Coffee Dripper":24,"Ring of the Snake":0,"Runic Pyramid":77}],"Ring of the Snake":[44]},"card_choices":[{"not_picked":["Flechettes","Blade Dance"],"picked":"Underhanded Strike","floor":1},{"not_picked":["Blade Dance","Outmaneuver"],"picked":"Deadly Poison","floor":5},{"not_picked":["Expertise","Sucker Punch"],"picked":"Poisoned Stab","floor":7},{"not_picked":["Blade Dance","Slice"],"picked":"Flying Knee","floor":10},{"not_picked":["Acrobatics","Choke"],"picked":"Bouncing Flask","floor":12},{"not_picked":["A Thousand Cuts","Grand Finale"],"picked":"Glass Knife","floor":16},{"not_picked":["Flying Knee","Deadly Poison"],"picked":"Acrobatics","floor":18},{"not_picked":["Terror","Caltrops","Predator"],"picked":"SKIP","floor":20},{"not_picked":["Footwork","Bane+1"],"picked":"PiercingWail+1","floor":21},{"not_picked":["Leg Sweep","Bane"],"picked":"Night Terror","floor":25},{"not_picked":["Phantasmal Killer","PiercingWail","Underhanded Strike"],"picked":"SKIP","floor":28},{"not_picked":["Slice","Flying Knee"],"picked":"Backflip","floor":29},{"not_picked":["Underhanded Strike","Dash","Concentrate"],"picked":"SKIP","floor":30},{"not_picked":["Unload","Glass Knife"],"picked":"Crippling Poison","floor":31},{"not_picked":["Grand Finale","Corpse Explosion"],"picked":"Wraith Form v2","floor":33},{"not_picked":["Deadly Poison","Caltrops"],"picked":"Leg Sweep","floor":35},{"not_picked":["Infinite Blades","Heel Hook"],"picked":"Backflip","floor":36},{"not_picked":["Flechettes","Bane+1"],"picked":"Setup","floor":40},{"not_picked":["Glass Knife","Outmaneuver","Underhanded Strike"],"picked":"SKIP","floor":42},{"not_picked":["All Out Attack","Bane"],"picked":"Bouncing Flask","floor":46},{"not_picked":["Cloak And Dagger+1","Masterful Stab","Glass Knife"],"picked":"SKIP","floor":47}],"player_experience":3149448,"relics_obtained":[{"floor":7,"key":"Letter Opener"},{"floor":9,"key":"Mercury Hourglass"},{"floor":12,"key":"Oddly Smooth Stone"},{"floor":25,"key":"Potion Belt"},{"floor":26,"key":"Vajra"},{"floor":28,"key":"Blue Candle"},{"floor":31,"key":"Omamori"},{"floor":40,"key":"Blood Vial"},{"floor":42,"key":"PreservedInsect"},{"floor":47,"key":"Dream Catcher"}],"event_choices":[{"cards_removed":["Strike_G"],"damage_healed":0,"gold_gain":0,"player_choice":"Card Removal","damage_taken":0,"max_hp_gain":0,"max_hp_loss":0,"event_name":"The Cleric","floor":2,"gold_loss":75},{"damage_healed":0,"gold_gain":69,"player_choice":"Gained Gold","damage_taken":0,"max_hp_gain":0,"max_hp_loss":0,"event_name":"Golden Wing","floor":3,"gold_loss":0},{"damage_healed":0,"gold_gain":0,"player_choice":"Success","damage_taken":11,"relics_obtained":["Happy Flower"],"max_hp_gain":0,"max_hp_loss":0,"event_name":"Scrap Ooze","floor":4,"gold_loss":0},{"damage_healed":0,"gold_gain":75,"player_choice":"Gather Gold","damage_taken":11,"max_hp_gain":0,"max_hp_loss":0,"event_name":"World of Goop","floor":8,"gold_loss":0},{"damage_healed":0,"gold_gain":0,"player_choice":"Lose Max HP","damage_taken":0,"relics_obtained":["Golden Idol"],"max_hp_gain":0,"max_hp_loss":6,"event_name":"Golden Idol","floor":13,"gold_loss":0},{"damage_healed":0,"gold_gain":0,"player_choice":"Gave Idol","damage_taken":0,"relics_obtained":["Bloody Idol"],"max_hp_gain":0,"max_hp_loss":0,"event_name":"Forgotten Altar","floor":19,"relics_lost":["Golden Idol"],"gold_loss":0},{"damage_healed":0,"gold_gain":0,"player_choice":"Became a Ghost","damage_taken":0,"max_hp_gain":0,"max_hp_loss":30,"event_name":"Ghosts","floor":22,"gold_loss":0,"cards_obtained":["Ghostly","Ghostly","Ghostly"]},{"damage_healed":0,"gold_gain":999,"player_choice":"Gold","damage_taken":0,"max_hp_gain":0,"max_hp_loss":0,"event_name":"MindBloom","floor":37,"gold_loss":0,"cards_obtained":["Normality","Normality"]},{"damage_healed":0,"gold_gain":0,"player_choice":"Ignored","damage_taken":0,"max_hp_gain":0,"max_hp_loss":0,"event_name":"Tomb of Lord Red Mask","floor":38,"gold_loss":0},{"damage_healed":0,"gold_gain":0,"player_choice":"Max HP","damage_taken":0,"max_hp_gain":0,"max_hp_loss":2,"event_name":"Winding Halls","floor":39,"gold_loss":0},{"damage_healed":0,"gold_gain":0,"player_choice":"Memory 1","damage_taken":0,"max_hp_gain":0,"max_hp_loss":0,"event_name":"SensoryStone","floor":44,"gold_loss":0}],"is_beta":false,"boss_relics":[{"not_picked":["Ectoplasm","Runic Dome"],"picked":"Coffee Dripper"},{"not_picked":["SlaversCollar","Tiny House"],"picked":"Runic Pyramid"}],"items_purged_floors":[48],"is_endless":false,"potions_floor_spawned":[5,10,18,28,29,33,40,46],"killed_by":"Time Eater","ascension_level":20}}