{"host":"96bpdudduaq3ttpf","time":1608787588,"event":{"mods":["Act Like it!","Astrologer","Bard","Bartender","BaseMod","BetterRewards","CapriCore","Challenge The Spire","Chen","Downfall","Elementarium","Friendly Minions","GifTheSpireLib","Hallownest","Hermit","Jorbs\u0027s Wanderer Trilogy","KinomotoSakuraMod(????)","Koishi","KomeijiMod","Mari Mod (Legacy)","Mari\u0027s V1 Patch","Marisa????????","Mimic Mod","Minty Spire (QoL Compilation)","Prisma Mod","Replay The Spire","Shade Mod","StSLib","Td1madao Mod","The Administrix","The Animator","The Bug Knight","The Construct","The Cursed","The Factory","The Gatherer","The Hierophant","The Immortal","The IronCluck","The Jungle","The Mystic","The Necromancer","The Runesmith","The Senshi","The Servant 0.9.4","WarShipGirlsR/????R mod","Yohane!","Yuyuko"],"gold_per_floor":[365,198,211,223,398,414,414,471,471,436,436,125,143,243,243,339,339,358,358,376,391,28,28,57,12,67,85,85,95,95,113,113,213,213,223,383,3,17,17,17,17,17,48,48,31,51,81,98,98,98],"floor_reached":51,"playtime":4824,"items_purged":["Guardian:Aged","Koishi:BasicStrike","Koishi:BasicStrike","Koishi:BasicDefend"],"score":735,"play_id":"ec49fa61-26b0-48e9-917b-461a0b04aec8","local_time":"20201223222628","is_ascension_mode":false,"campfire_choices":[{"data":"Koishi:JumpScare","floor":7,"key":"SMITH"},{"data":"Koishi:JumpScare","floor":11,"key":"SMITH"},{"data":"Koishi:HeartStoppingHorror","floor":23,"key":"SMITH"},{"data":"Koishi:PerfectMindControl","floor":28,"key":"SMITH"},{"data":"Koishi:PredatoryInstincts","floor":32,"key":"SMITH"},{"data":"Koishi:PredatoryInstincts","floor":40,"key":"SMITH"},{"data":"Koishi:RuptureMind","floor":42,"key":"SMITH"},{"data":"Koishi:PredatoryInstincts","floor":44,"key":"SMITH"},{"data":"Koishi:UnseenTerror","floor":49,"key":"SMITH"}],"circlet_count":0,"master_deck":["Koishi:BasicStrike","Koishi:BasicStrike","Koishi:BasicDefend","Koishi:BasicDefend+1","Koishi:Provoke","Koishi:HauntingSlash","Koishi:StingingMind","Koishi:FleetingPhantom","Koishi:DanmakuParanoia","Koishi:Jaunt","Koishi:JumpScare+1","Koishi:PhantomBarrier","Koishi:HeartStoppingHorror+1","Koishi:PredatoryInstincts+1","Koishi:PredatoryInstincts+1","Koishi:PerfectMindControl+1","Koishi:PhantomStrike","Koishi:PredatoryInstincts+1","Koishi:TremblingHands+1","Koishi:Whimsy","Koishi:FleetingPhantom","Koishi:DanmakuParanoia+1","Koishi:ApparitionsStalkTheNight+1","Koishi:RuptureMind+1","Koishi:TremblingHands","Koishi:JumpScare+1","Koishi:JumpScare+1","Koishi:PredatoryInstincts","Koishi:UnseenTerror+1","Koishi:DreadfulBlow+1"],"relics":["Koishi:ImaginaryFriend","Runesmith:Nanobots","Kunai","Membership Card","SlaversCollar","DollysMirror","Runesmith:AutoHammer","Incense Burner","PreservedInsect","MealTicket","Runic Dome","Hallownest:GodTamersBeastRelic","War Paint","Onion Ring","KyoryuNoHagoromo","Happy Flower"],"acts_visited":["Exordium","Exordium","Hallownest:CityofTears"],"potions_floor_usage":[3,4,16,16,21,24,43],"damage_taken":[{"damage":6,"enemies":"2 Louse","floor":1,"turns":4},{"damage":12,"enemies":"Jaw Worm","floor":3,"turns":6},{"damage":11,"enemies":"Small Slimes","floor":4,"turns":4},{"damage":17,"enemies":"3 Louse","floor":6,"turns":4},{"damage":47,"enemies":"3 Sentries","floor":8,"turns":16},{"damage":13,"enemies":"Red Slaver","floor":13,"turns":3},{"damage":23,"enemies":"The Guardian","floor":16,"turns":10},{"damage":9,"enemies":"Hallownest:3_Youths","floor":18,"turns":9},{"damage":5,"enemies":"Hallownest:2_Mistakes","floor":20,"turns":6},{"damage":55,"enemies":"Hallownest:3_Mistakes","floor":21,"turns":8},{"damage":16,"enemies":"Hallownest:eliteSoulWarrior","floor":24,"turns":6},{"damage":1,"enemies":"Hallownest:monsterShrumalOgre","floor":27,"turns":5},{"damage":6,"enemies":"Hallownest:Warrior_and_Youth","floor":29,"turns":5},{"damage":3,"enemies":"Hallownest:Master_and_Novice","floor":31,"turns":5},{"damage":26,"enemies":"Hallownest:BossMantisLord","floor":33,"turns":6},{"damage":8,"enemies":"Hallownest:2_Littles","floor":35,"turns":6},{"damage":0,"enemies":"Hallownest:2_Littles","floor":36,"turns":6},{"damage":19,"enemies":"Hallownest:2_Littles","floor":36,"turns":7},{"damage":27,"enemies":"Hallownest:2_Littles","floor":36,"turns":6},{"damage":0,"enemies":"Hallownest:2_Littles","floor":36,"turns":2},{"damage":5,"enemies":"Hallownest:Shield_Heavy","floor":38,"turns":4},{"damage":42,"enemies":"Hallownest:2_Soldiers_and_1_Guardian","floor":43,"turns":14},{"damage":5,"enemies":"Hallownest:2_Soldiers_and_1_Guardian","floor":46,"turns":7},{"damage":0,"enemies":"Hallownest:eliteCollector","floor":47,"turns":6},{"damage":17,"enemies":"Hallownest:monsterPrimalAspid","floor":48,"turns":5},{"damage":7,"enemies":"Hallownest:Radiance","floor":50,"turns":12}],"seed_played":"70665095730633295","potions_obtained":[{"floor":1,"key":"SkillPotion"},{"floor":3,"key":"Regen Potion"},{"floor":15,"key":"Adrenaline Potion"},{"floor":15,"key":"Milkshake"},{"floor":18,"key":"Languid Potion"},{"floor":21,"key":"AttackPotion"},{"floor":27,"key":"Energy Potion"},{"floor":29,"key":"SteroidPotion"},{"floor":38,"key":"CalmPotion"},{"floor":48,"key":"sneckomod:MuddlingPotion"}],"is_trial":false,"path_per_floor":["M","$","M","M","?","M","R","?","T","?","R","$","M","?","R","B",null,"M","?","M","M","$","R","E","?","T","M","R","M","?","M","R","B",null,"M","?","$","M","?","R","$","R","MIM","R","$","M","E","M","R","B",null],"character_chosen":"KOISHI","items_purchased":["Koishi:FleetingPhantom","Koishi:DanmakuParanoia","Membership Card","Koishi:HeartStoppingHorror","Koishi:PredatoryInstincts","DollysMirror","Runesmith:AutoHammer","Incense Burner","War Paint","Koishi:RuptureMind","Onion Ring","Koishi:TremblingHands","Koishi:UnseenTerror"],"campfire_rested":0,"item_purchase_floors":[2,2,12,12,12,22,22,22,37,37,37,37,45],"current_hp_per_floor":[56,56,49,55,55,40,40,5,5,20,20,20,24,24,24,26,60,60,56,60,43,43,43,60,66,66,66,66,66,66,66,66,66,66,58,66,66,66,66,66,66,66,66,66,66,66,66,66,66,66],"gold":98,"neow_bonus":"TWO_FIFTY_GOLD","is_daily":false,"chose_seed":false,"campfire_upgraded":9,"win_rate":0.0,"timestamp":1608787588,"path_taken":["M","$","M","M","?","M","R","?","T","?","R","$","M","?","R","BOSS","M","?","M","M","$","R","E","?","T","?","R","M","?","M","R","BOSS","M","?","$","M","?","R","?","R","MIM","R","$","M","E","M","R","BOSS"],"items_purchased_type":["Card","Card","Relic","Card","Card","Relic","Relic","Relic","Relic","Card","Relic","Card","Card"],"build_version":"2020-12-22","purchased_purges":4,"victory":true,"max_hp_per_floor":[60,60,60,60,60,60,60,60,60,60,60,60,60,60,60,60,60,60,60,60,60,60,60,60,66,66,66,66,66,66,66,66,66,66,66,66,66,66,66,66,66,66,66,66,66,66,66,66,66,66],"card_choices":[{"not_picked":["Koishi:EmbryosDream","Koishi:UnansweredLove"],"picked":"Koishi:StingingMind","floor":1},{"not_picked":["Koishi:SubconsciousSweep","Koishi:BloodcurdlingScream"],"picked":"Koishi:JumpScare","floor":3},{"not_picked":["Koishi:GhostParty","Koishi:SprinkleStarAndHeart"],"picked":"Koishi:Jaunt","floor":4},{"not_picked":["Koishi:IdleWhim","Koishi:Whimsy"],"picked":"Koishi:JumpScare","floor":6},{"not_picked":["Koishi:TraumaticStroke","Koishi:StingingMind"],"picked":"Koishi:PhantomBarrier","floor":8},{"not_picked":["Koishi:FidgetySnatcher","Koishi:Prune","Koishi:HeartAttack"],"picked":"SKIP","floor":13},{"not_picked":["Koishi:MentalBreakdown","Koishi:RoseHell"],"picked":"Koishi:PerfectMindControl","floor":16},{"not_picked":["Koishi:SpiritedAway+1","Koishi:IdleWhim"],"picked":"Koishi:PhantomStrike","floor":18},{"not_picked":["Koishi:VengefulSpirit","Koishi:SubconsciousSweep+1","Koishi:Untouchable"],"picked":"SKIP","floor":20},{"not_picked":["Koishi:FreudianInstinct+1","Koishi:SprinkleStarAndHeart","Koishi:EmbryosDream"],"picked":"SKIP","floor":21},{"not_picked":["Koishi:StrangeCloudFist","Koishi:RoseHell"],"picked":"Koishi:TremblingHands+1","floor":24},{"not_picked":["Koishi:HeartfeltFancy","Koishi:BloodcurdlingScream"],"picked":"Koishi:Whimsy","floor":27},{"not_picked":["Koishi:SubconsciousSweep+1","Koishi:MassHysteria+1"],"picked":"Koishi:FleetingPhantom","floor":29},{"not_picked":["Koishi:Jaunt","Koishi:CatchAndRose"],"picked":"Koishi:DanmakuParanoia","floor":31},{"not_picked":["Koishi:FreudianInstinct+1","Koishi:ParalyzingFear+1"],"picked":"Koishi:ApparitionsStalkTheNight+1","floor":35},{"not_picked":["Koishi:FleetingPhantom","Koishi:SubconsciousSweep+1","Koishi:RorschachInDanmaku"],"picked":"SKIP","floor":38},{"not_picked":["Koishi:TraumaticStroke+1","Koishi:FleetingPhantom+1"],"picked":"Koishi:PredatoryInstincts","floor":43},{"not_picked":["Koishi:Whimsy+1","Koishi:GhostParty"],"picked":"Koishi:DreadfulBlow+1","floor":46},{"not_picked":["Koishi:UnconsciousUrges+1","Koishi:SubterraneanRose","Koishi:SubconsciousSweep"],"picked":"SKIP","floor":47},{"not_picked":["Koishi:DreadfulBlow","Koishi:HeartfeltFancy","Koishi:RollingInRichesHeart"],"picked":"SKIP","floor":48}],"player_experience":720461,"relics_obtained":[{"floor":9,"key":"Kunai"},{"floor":24,"key":"PreservedInsect"},{"floor":26,"key":"MealTicket"},{"floor":43,"key":"KyoryuNoHagoromo"},{"floor":47,"key":"Happy Flower"}],"event_choices":[{"damage_healed":0,"gold_gain":175,"player_choice":"AGREE","damage_taken":0,"max_hp_gain":0,"max_hp_loss":0,"event_name":"Liars Game","floor":5,"gold_loss":0,"cards_obtained":["Doubt"]},{"damage_healed":0,"gold_gain":0,"player_choice":"Searched \u00272\u0027 times","damage_taken":0,"relics_obtained":["Runesmith:Nanobots"],"max_hp_gain":0,"max_hp_loss":0,"event_name":"Dead Adventurer","floor":8,"gold_loss":0},{"damage_healed":15,"gold_gain":0,"player_choice":"Healed","damage_taken":0,"max_hp_gain":0,"max_hp_loss":0,"event_name":"The Cleric","floor":10,"gold_loss":35},{"damage_healed":0,"gold_gain":100,"player_choice":"Pray","damage_taken":0,"max_hp_gain":0,"max_hp_loss":0,"event_name":"Golden Shrine","floor":14,"gold_loss":0}],"is_beta":false,"boss_relics":[{"not_picked":["Fusion Hammer","Ring of Chaos"],"picked":"SlaversCollar"},{"not_picked":["Runic Pyramid","Replay:Drink Me"],"picked":"Runic Dome"}],"items_purged_floors":[2,12,22,37],"is_endless":false,"potions_floor_spawned":[1,3,18,21,27,29,36,36,38,48],"ascension_level":0}}