{"host":"951sez6ulsv0fw1i","time":1608822453,"event":{"mods":["2.2 Compatiblity","Aspiration","BaseMod","Better Third Choice","BetterRewards","CCEM","CapriCore","Conspire","Downfall","Googly Eyes","Hermit","Infinite Spire","JesterMod","Luminous","Mari Mod (Legacy)","Mari\u0027s V1 Patch","Marisa????????","Minty Spire (QoL Compilation)","Potionbrewer","Reimu??????","Shade Mod","StSLib","The Cursed","The Immortal","The Runesmith","The Servant 0.9.4","TheBandit","TheSwordswoman"],"gold_per_floor":[116,116,116,391,4,31,46,57,80,80,80,107,107,144,144,259,259,285,306,328,343,361,367,367],"floor_reached":23,"playtime":1024,"items_purged":["Regret"],"score":236,"play_id":"b5cb8ca0-dfcc-4e43-9117-559bca352b3a","local_time":"20201224160733","is_ascension_mode":false,"campfire_choices":[{"floor":11,"key":"REST"},{"data":"Shade:SpectralStrikes","floor":11,"key":"SMITH"},{"floor":15,"key":"REST"},{"floor":15,"key":"RECALL"}],"circlet_count":0,"master_deck":["Shade:Strike_Shade","Shade:Strike_Shade","Shade:Strike_Shade","Shade:Strike_Shade","Shade:Defend_Shade","Shade:Defend_Shade","Shade:Defend_Shade","Shade:AnimateDead","Shade:CarefulCut","Shade:SpectralStrikes+1","Shade:Premonition","Shade:ScuttlingHand","Shade:LyeBath","Shade:FleshOffering","Shade:SoulToxin","Shade:DarkOfNight","Shade:ClawBack","Shade:AncientSpear","Shade:FuneraryArmor+1","Shade:FeralStrike+1","Shade:StitchTogether+1"],"relics":["Shade:YorickSkull","NeowsBlessing","Happy Flower","infinitespire:Magic Flask","MealTicket","infinitespire:Midas Blood","Centennial Puzzle","Black Star"],"acts_visited":["Exordium","TheCity"],"potions_floor_usage":[16,19,20,21,23],"damage_taken":[{"damage":0,"enemies":"Small Slimes","floor":1,"turns":1},{"damage":0,"enemies":"Lagavulin","floor":6,"turns":1},{"damage":0,"enemies":"2 Louse","floor":7,"turns":1},{"damage":0,"enemies":"Cultist","floor":8,"turns":3},{"damage":7,"enemies":"Gremlin Nob","floor":12,"turns":3},{"damage":22,"enemies":"Lagavulin","floor":14,"turns":5},{"damage":13,"enemies":"The Guardian","floor":16,"turns":6},{"damage":20,"enemies":"conspire:FuzzyDice","floor":18,"turns":5},{"damage":2,"enemies":"3 Byrds","floor":19,"turns":4},{"damage":16,"enemies":"Shelled Parasite and Fungi","floor":20,"turns":3},{"damage":11,"enemies":"conspire:HollyBat","floor":21,"turns":7},{"damage":0,"enemies":"3 Cultists","floor":22,"turns":2},{"damage":19,"enemies":"Gremlin Leader","floor":23,"turns":4}],"seed_played":"-5094331713025593684","potions_obtained":[{"floor":6,"key":"sneckomod:MuddlingPotion"},{"floor":10,"key":"potionbrewer:AcidPotion"},{"floor":10,"key":"AttackPotion"},{"floor":16,"key":"potionbrewer:StunPotion"},{"floor":19,"key":"Weak Potion"},{"floor":20,"key":"GrandPatriotsElixir:ReiMu"}],"is_trial":false,"path_per_floor":["M","?","?","?","$","E","M","M","T","?","R","E","$","E","R","B",null,"M","M","M","M","M","E"],"character_chosen":"SHADE","items_purchased":["infinitespire:Magic Flask"],"campfire_rested":2,"item_purchase_floors":[5],"current_hp_per_floor":[65,58,58,58,58,58,58,58,58,58,65,58,65,43,62,49,65,45,43,27,16,16,0,0],"gold":367,"neow_bonus":"THREE_ENEMY_KILL","is_daily":false,"chose_seed":false,"campfire_upgraded":1,"win_rate":0.0,"timestamp":1608822453,"path_taken":["M","?","?","?","$","E","M","?","T","?","R","E","$","E","R","BOSS","M","?","?","M","M","E"],"items_purchased_type":["Relic"],"build_version":"2020-12-22","purchased_purges":1,"victory":false,"max_hp_per_floor":[65,65,65,65,65,65,65,65,65,65,65,65,65,65,65,65,65,65,65,65,65,65,65,65],"card_choices":[{"not_picked":["Shade:ExtraLimbs","Shade:WallOfFlesh"],"picked":"Shade:SpectralStrikes","floor":1},{"not_picked":["Shade:CommandSoldier","Shade:Frenzy"],"picked":"Shade:Premonition","floor":6},{"not_picked":["Shade:CloudOfShrapnel","Shade:Frenzy"],"picked":"Shade:ScuttlingHand","floor":7},{"not_picked":["Shade:PotionOfRestlessness","Shade:CloudOfShrapnel"],"picked":"Shade:LyeBath","floor":8},{"not_picked":["Shade:Awaken","Shade:SpectralStrikes"],"picked":"Shade:FleshOffering","floor":12},{"not_picked":["Shade:LyeBath","Shade:FleshOffering"],"picked":"Shade:SoulToxin","floor":14},{"not_picked":["Shade:OneIsEnough","Shade:Tombstone"],"picked":"Shade:DarkOfNight","floor":16},{"not_picked":["Shade:FeralStrike","Shade:Brains+1"],"picked":"Shade:ClawBack","floor":18},{"not_picked":["Shade:Patience","Shade:Asphyxiate+1"],"picked":"Shade:AncientSpear","floor":19},{"not_picked":["Shade:ExtraLimbs","Shade:AuraOfUnlife"],"picked":"Shade:FuneraryArmor+1","floor":20},{"not_picked":["Shade:Frenzy","Shade:FleshOffering"],"picked":"Shade:FeralStrike+1","floor":21},{"not_picked":["Shade:CallWraith","Shade:CallOfTheGrave+1"],"picked":"Shade:StitchTogether+1","floor":22}],"player_experience":523191,"relics_obtained":[{"floor":3,"key":"Happy Flower"},{"floor":6,"key":"MealTicket"},{"floor":12,"key":"infinitespire:Midas Blood"},{"floor":14,"key":"Centennial Puzzle"}],"event_choices":[{"cards_removed":["Shade:Defend_Shade"],"damage_healed":0,"gold_gain":0,"player_choice":"Card Removal","damage_taken":7,"max_hp_gain":0,"max_hp_loss":0,"event_name":"Golden Wing","floor":2,"gold_loss":0},{"damage_healed":0,"gold_gain":275,"player_choice":"Desecrate","damage_taken":0,"max_hp_gain":0,"max_hp_loss":0,"event_name":"Golden Shrine","floor":4,"gold_loss":0,"cards_obtained":["Regret"]},{"damage_healed":0,"gold_gain":0,"player_choice":"Got Potions","damage_taken":0,"max_hp_gain":0,"max_hp_loss":0,"event_name":"Lab","floor":10,"gold_loss":0}],"is_beta":false,"boss_relics":[{"not_picked":["aspiration:MobileForge","MariMod:MariFestivalBadge"],"picked":"Black Star"}],"items_purged_floors":[5],"is_endless":false,"potions_floor_spawned":[6,12,14,16,19,20],"killed_by":"Gremlin Leader","ascension_level":0}}