{"host":"v1m5rkjj38qutr02","time":1608823182,"event":{"mods":["Act Like it!","BaseMod","Conspire","Gensokyo","GungeonMod","Hallownest","Minty Spire (QoL Compilation)","Replay The Spire","StSLib","The Bug Knight","Youmu£®ªÍ∆«—˝√Œ£©"],"gold_per_floor":[113,142,105,105,105,132,132,132,156,168,193,113,163,181,181,280,280,205,216,216,216],"floor_reached":20,"playtime":460,"items_purged":[],"score":264,"play_id":"0f799562-a84d-4588-b434-a8703536aa28","local_time":"20201224231942","is_ascension_mode":true,"campfire_choices":[{"data":"Zap","floor":7,"key":"SMITH"},{"floor":15,"key":"REST"}],"circlet_count":0,"master_deck":["Strike_B","Strike_B","Strike_B","Strike_B","Defend_B","Defend_B","Defend_B","Defend_B","Zap+1","Dualcast","Redo+1","Conserve Battery+1","Cold Snap","Double Energy","Storm","White Noise","Amplify","Loop+1","Loop","Turbo","Glacier"],"relics":["Cracked Core","NeowsBlessing","Tiny Chest","PreservedInsect","Replay:Wax Seal","DemoMod:MemoryAlloy","Potion Belt","Prayer Wheel","Inserter","DemoMod:GlassGuonStoneRelic"],"acts_visited":["Exordium","TheCity"],"potions_floor_usage":[20,20],"damage_taken":[{"damage":0,"enemies":"Jaw Worm","floor":1,"turns":1},{"damage":0,"enemies":"conspire:MimicChest","floor":2,"turns":1},{"damage":0,"enemies":"3 Sentries","floor":6,"turns":1},{"damage":0,"enemies":"2 Louse","floor":10,"turns":2},{"damage":15,"enemies":"Lagavulin","floor":11,"turns":5},{"damage":12,"enemies":"Cultist","floor":14,"turns":5},{"damage":58,"enemies":"The Guardian","floor":16,"turns":13},{"damage":34,"enemies":"2 Thieves","floor":18,"turns":5},{"damage":18,"enemies":"Shell Parasite","floor":19,"turns":5},{"damage":0,"enemies":"Snake Plant","floor":20,"turns":2}],"seed_played":"1985792435103776411","potions_obtained":[{"floor":1,"key":"SkillPotion"},{"floor":2,"key":"Explosive Potion"},{"floor":11,"key":"AttackPotion"}],"is_trial":false,"path_per_floor":["M","?","$","?","?","E","R","?","T","M","E","$","T","M","R","B",null,"M","M","M"],"character_chosen":"DEFECT","items_purchased":["Conserve Battery+1","Storm"],"campfire_rested":1,"item_purchase_floors":[3,12],"current_hp_per_floor":[68,68,68,68,68,68,68,68,68,68,53,53,53,41,63,40,66,32,14,14,14],"gold":216,"neow_bonus":"THREE_ENEMY_KILL","is_daily":false,"chose_seed":false,"campfire_upgraded":1,"win_rate":0.0,"timestamp":1608823182,"path_taken":["M","?","$","?","?","E","R","?","T","M","E","$","?","M","R","BOSS","M","?","M"],"items_purchased_type":["Card","Card"],"build_version":"2020-12-22","purchased_purges":0,"victory":false,"max_hp_per_floor":[75,75,75,75,75,75,75,75,75,75,75,75,75,75,75,75,75,75,75,75,75],"card_choices":[{"not_picked":["Gash","conspire:Rain","ReplayTheSpireMod:Reroute Power"],"picked":"SKIP","floor":1},{"not_picked":["BasicCrystalCard","Reinforced Body"],"picked":"Redo","floor":2},{"not_picked":["ReplaySolidLightProjector","Self Repair"],"picked":"Cold Snap","floor":6},{"not_picked":["Leap","Beam Cell"],"picked":"Double Energy","floor":10},{"not_picked":["Panic Button","Go for the Eyes"],"picked":"ReplayTheSpireMod:Fabricate Wheel","floor":11},{"not_picked":["Redo","Go for the Eyes"],"picked":"White Noise","floor":14},{"not_picked":["Auto Shields","Ball Lightning","Steam"],"picked":"SKIP","floor":14},{"not_picked":["Multi-Cast","Rainbow"],"picked":"Amplify","floor":16},{"not_picked":["Go for the Eyes","Stack"],"picked":"Loop+1","floor":18},{"not_picked":["Sweeping Beam+1","Melter"],"picked":"Loop","floor":18},{"not_picked":["Conserve Battery","Steam+1"],"picked":"Turbo","floor":19},{"not_picked":["Coolheaded","Double Energy+1"],"picked":"Glacier","floor":19}],"player_experience":377818,"relics_obtained":[{"floor":2,"key":"Tiny Chest"},{"floor":6,"key":"PreservedInsect"},{"floor":9,"key":"Replay:Wax Seal"},{"floor":11,"key":"DemoMod:MemoryAlloy"},{"floor":13,"key":"Potion Belt"}],"event_choices":[{"damage_healed":0,"gold_gain":0,"player_choice":"Leave","damage_taken":0,"max_hp_gain":0,"max_hp_loss":0,"event_name":"conspire:Investor","floor":4,"gold_loss":0},{"damage_healed":0,"gold_gain":0,"player_choice":"Ignored","damage_taken":0,"max_hp_gain":0,"max_hp_loss":0,"event_name":"Shining Light","floor":8,"gold_loss":0}],"is_beta":false,"boss_relics":[{"not_picked":["Abe\u0027s Treasure","FrozenCore"],"picked":"Inserter"}],"items_purged_floors":[],"is_endless":false,"potions_floor_spawned":[1,2,11],"killed_by":"Snake Plant","ascension_level":6}}