{"host":"p6y17sixyu8q9v1f","time":1608820704,"event":{"mods":["BaseMod","Colored Map","Minty Spire (QoL Compilation)"],"gold_per_floor":[110,110,110,9,28,28,71,71,71,71,35,56,70,89,89,219,219,242,282,282,182,194,194,229,15,97,130,142,171,171,190,190,293,293,311,311,158,158,380,412,412,441,467,467,117,145,145,160,160,160,160,160,19,48,48,48],"floor_reached":55,"playtime":4134,"items_purged":["Strike_P","Strike_P","Strike_P","Defend_P","Strike_P"],"score":1043,"play_id":"ddd0a53e-9557-40bb-b414-19fefd2bd97f","local_time":"20201224083824","is_ascension_mode":true,"campfire_choices":[{"data":"BowlingBash","floor":6,"key":"SMITH"},{"data":"BattleHymn","floor":8,"key":"SMITH"},{"data":"FollowUp","floor":10,"key":"SMITH"},{"floor":15,"key":"REST"},{"data":"Establishment","floor":23,"key":"SMITH"},{"data":"Vault","floor":30,"key":"SMITH"},{"floor":32,"key":"REST"},{"floor":41,"key":"RECALL"},{"data":"Judgement","floor":44,"key":"SMITH"},{"data":"TalkToTheHand","floor":49,"key":"SMITH"},{"data":"TalkToTheHand","floor":52,"key":"SMITH"}],"circlet_count":0,"master_deck":["Defend_P","Defend_P","Defend_P+1","Eruption+1","Vigilance","FollowUp+1","BowlingBash+1","Consecrate","BattleHymn+1","TalkToTheHand+1","FlyingSleeves","Tantrum","Establishment+1","Protect","FlyingSleeves","Swivel+1","FollowUp","Vault+1","Judgement+1","Master of Strategy+1","Blind","TalkToTheHand+1","Protect+1","BowlingBash+1","Perseverance+1"],"relics":["PureWater","Bloody Idol","Pocketwatch","Matryoshka","Black Star","Red Mask","InkBottle","Letter Opener","Membership Card","Lantern","Mercury Hourglass","Prayer Wheel","Unceasing Top","Centennial Puzzle","SlaversCollar","Bag of Marbles","FossilizedHelix","CaptainsWheel","Incense Burner","Toxic Egg 2","Art of War","Dream Catcher","Ginger","Boot","Oddly Smooth Stone","Vajra","Anchor","Happy Flower","War Paint"],"acts_visited":["Exordium","TheCity","TheBeyond","TheEnding"],"potions_floor_usage":[13,19,29,33,40,42,50,50,54,55],"damage_taken":[{"damage":1,"enemies":"Small Slimes","floor":1,"turns":4},{"damage":2,"enemies":"Jaw Worm","floor":5,"turns":3},{"damage":27,"enemies":"Lagavulin","floor":7,"turns":7},{"damage":0,"enemies":"Cultist","floor":12,"turns":2},{"damage":20,"enemies":"3 Louse","floor":13,"turns":3},{"damage":0,"enemies":"2 Fungi Beasts","floor":14,"turns":2},{"damage":18,"enemies":"The Guardian","floor":16,"turns":9},{"damage":0,"enemies":"Spheric Guardian","floor":18,"turns":3},{"damage":3,"enemies":"Masked Bandits","floor":19,"turns":2},{"damage":0,"enemies":"Chosen","floor":22,"turns":3},{"damage":44,"enemies":"Book of Stabbing","floor":24,"turns":4},{"damage":8,"enemies":"Gremlin Leader","floor":27,"turns":5},{"damage":4,"enemies":"Shelled Parasite and Fungi","floor":28,"turns":3},{"damage":19,"enemies":"Slavers","floor":29,"turns":4},{"damage":7,"enemies":"Centurion and Healer","floor":31,"turns":3},{"damage":30,"enemies":"Collector","floor":33,"turns":5},{"damage":21,"enemies":"3 Shapes","floor":35,"turns":5},{"damage":6,"enemies":"Nemesis","floor":40,"turns":4},{"damage":0,"enemies":"Giant Head","floor":42,"turns":6},{"damage":0,"enemies":"Nemesis","floor":46,"turns":4},{"damage":0,"enemies":"3 Darklings","floor":48,"turns":3},{"damage":17,"enemies":"Awakened One","floor":50,"turns":12},{"damage":1,"enemies":"Shield and Spear","floor":54,"turns":6},{"damage":85,"enemies":"The Heart","floor":55,"turns":6}],"seed_played":"1240915954049344710","potions_obtained":[{"floor":7,"key":"Fire Potion"},{"floor":12,"key":"ColorlessPotion"},{"floor":14,"key":"FearPotion"},{"floor":18,"key":"ColorlessPotion"},{"floor":22,"key":"Strength Potion"},{"floor":35,"key":"EssenceOfSteel"},{"floor":46,"key":"Fire Potion"},{"floor":48,"key":"DistilledChaos"},{"floor":54,"key":"DuplicationPotion"}],"is_trial":false,"path_per_floor":["M","?","?","$","M","R","E","R","T","R","$","M","M","M","R","B",null,"M","?","?","$","M","R","E","$","T","E","M","E","R","M","R","B",null,"M","?","$","?","?","E","R","E","T","R","$","E","?","M","R","B",null,"R","$","E","B"],"character_chosen":"WATCHER","items_purchased":["BowlingBash","TalkToTheHand","Membership Card","Bag of Marbles","Ginger","Boot","TalkToTheHand","Anchor","Regen Potion","AttackPotion"],"campfire_rested":2,"item_purchase_floors":[4,11,25,37,45,45,45,53,53,53],"current_hp_per_floor":[71,53,58,58,56,56,29,29,29,29,29,29,9,9,32,14,77,77,74,74,74,77,77,38,38,43,40,41,27,27,25,48,23,77,61,56,56,56,61,60,60,65,70,70,70,75,73,73,73,56,73,73,73,73,0,0],"gold":48,"neow_bonus":"UPGRADE_CARD","is_daily":false,"chose_seed":false,"campfire_upgraded":8,"win_rate":0.0,"timestamp":1608820704,"path_taken":["M","?","?","$","M","R","E","R","T","R","?","M","?","M","R","BOSS","M","?","?","$","M","R","E","$","T","E","M","E","R","M","R","BOSS","M","?","$","?","?","E","R","E","T","R","$","E","?","M","R","BOSS","R","$","E","BOSS"],"items_purchased_type":["Card","Card","Relic","Relic","Relic","Relic","Card","Relic","Potion","Potion"],"build_version":"2020-12-22","purchased_purges":5,"victory":false,"max_hp_per_floor":[72,72,77,77,77,77,77,77,77,77,77,77,77,77,77,77,77,77,77,77,77,77,77,77,77,77,77,77,77,77,77,77,77,77,77,77,77,77,77,77,77,77,77,77,77,77,73,73,73,73,73,73,73,73,73,73],"card_choices":[{"not_picked":["ClearTheMind","WaveOfTheHand"],"picked":"FollowUp","floor":1},{"not_picked":["WheelKick","EmptyFist"],"picked":"Consecrate","floor":5},{"not_picked":["ClearTheMind","MentalFortress"],"picked":"BattleHymn","floor":7},{"not_picked":["JustLucky","Conclude"],"picked":"FlyingSleeves","floor":12},{"not_picked":["EmptyBody","CutThroughFate"],"picked":"Tantrum","floor":13},{"not_picked":["CutThroughFate","Omniscience","EmptyFist"],"picked":"SKIP","floor":14},{"not_picked":["DevaForm","Wish"],"picked":"Establishment","floor":16},{"not_picked":["DeceiveReality+1","WaveOfTheHand+1","PathToVictory"],"picked":"SKIP","floor":18},{"not_picked":["CutThroughFate+1","Study","ReachHeaven+1"],"picked":"SKIP","floor":22},{"not_picked":["EmptyFist+1","ThirdEye"],"picked":"Protect","floor":24},{"not_picked":["Devotion","SashWhip"],"picked":"FlyingSleeves","floor":27},{"not_picked":["Pray+1","WindmillStrike"],"picked":"Swivel+1","floor":28},{"not_picked":["EmptyFist","Sanctity"],"picked":"FollowUp","floor":28},{"not_picked":["Sanctity","JustLucky+1"],"picked":"Vault","floor":29},{"not_picked":["PathToVictory","Crescendo"],"picked":"BattleHymn","floor":31},{"not_picked":["Prostrate","Protect","DeceiveReality"],"picked":"SKIP","floor":31},{"not_picked":["ConjureBlade","Blasphemy"],"picked":"Judgement","floor":33},{"not_picked":["ThirdEye+1","Consecrate","Perseverance"],"picked":"SKIP","floor":35},{"not_picked":["SignatureMove+1","ForeignInfluence","CrushJoints+1"],"picked":"SKIP","floor":35},{"not_picked":["HandOfGreed","Finesse"],"picked":"Master of Strategy","floor":36},{"not_picked":["Chrysalis","Purity"],"picked":"Blind","floor":36},{"not_picked":["CrushJoints","JustLucky+1","DeceiveReality+1"],"picked":"SKIP","floor":40},{"not_picked":["Crescendo+1","Meditate+1","Wallop"],"picked":"SKIP","floor":42},{"not_picked":["Perseverance+1","Weave+1"],"picked":"Protect+1","floor":46},{"not_picked":["Nirvana+1","WaveOfTheHand+1"],"picked":"BowlingBash+1","floor":48},{"not_picked":["Vault+1","Prostrate+1","Wireheading+1"],"picked":"SKIP","floor":48},{"not_picked":["ClearTheMind+1","PathToVictory+1"],"picked":"Perseverance+1","floor":54}],"player_experience":791914,"relics_obtained":[{"floor":7,"key":"Pocketwatch"},{"floor":9,"key":"Matryoshka"},{"floor":19,"key":"Red Mask"},{"floor":24,"key":"InkBottle"},{"floor":24,"key":"Letter Opener"},{"floor":26,"key":"Lantern"},{"floor":27,"key":"Mercury Hourglass"},{"floor":27,"key":"Prayer Wheel"},{"floor":29,"key":"Unceasing Top"},{"floor":29,"key":"Centennial Puzzle"},{"floor":40,"key":"FossilizedHelix"},{"floor":40,"key":"CaptainsWheel"},{"floor":42,"key":"Incense Burner"},{"floor":42,"key":"Toxic Egg 2"},{"floor":43,"key":"Art of War"},{"floor":43,"key":"Dream Catcher"},{"floor":46,"key":"Oddly Smooth Stone"},{"floor":46,"key":"Vajra"},{"floor":54,"key":"Happy Flower"},{"floor":54,"key":"War Paint"}],"event_choices":[{"damage_healed":0,"gold_gain":0,"player_choice":"Take Damage","damage_taken":18,"relics_obtained":["Golden Idol"],"max_hp_gain":0,"max_hp_loss":0,"event_name":"Golden Idol","floor":2,"gold_loss":0},{"damage_healed":0,"gold_gain":0,"player_choice":"Donut","damage_taken":0,"max_hp_gain":5,"max_hp_loss":0,"event_name":"Big Fish","floor":3,"gold_loss":0},{"damage_healed":0,"gold_gain":0,"player_choice":"Fought Bandits","damage_taken":0,"max_hp_gain":0,"max_hp_loss":0,"event_name":"Masked Bandits","floor":19,"gold_loss":0},{"damage_healed":0,"gold_gain":0,"player_choice":"Gave Idol","damage_taken":0,"relics_obtained":["Bloody Idol"],"max_hp_gain":0,"max_hp_loss":0,"event_name":"Forgotten Altar","floor":20,"relics_lost":["Golden Idol"],"gold_loss":0},{"damage_healed":0,"gold_gain":0,"player_choice":"Memory 2","damage_taken":5,"max_hp_gain":0,"max_hp_loss":0,"event_name":"SensoryStone","floor":36,"gold_loss":0},{"cards_removed":["BattleHymn"],"damage_healed":0,"gold_gain":0,"player_choice":"Removed Power","damage_taken":0,"max_hp_gain":0,"max_hp_loss":0,"event_name":"Falling","floor":38,"gold_loss":0},{"damage_healed":0,"gold_gain":222,"player_choice":"Wore Mask","damage_taken":0,"max_hp_gain":0,"max_hp_loss":0,"event_name":"Tomb of Lord Red Mask","floor":39,"gold_loss":0},{"damage_healed":0,"gold_gain":0,"player_choice":"Max HP","damage_taken":0,"max_hp_gain":0,"max_hp_loss":4,"event_name":"Winding Halls","floor":47,"gold_loss":0}],"is_beta":false,"boss_relics":[{"not_picked":["Runic Dome","Velvet Choker"],"picked":"Black Star"},{"not_picked":["Pandora\u0027s Box","Calling Bell"],"picked":"SlaversCollar"}],"items_purged_floors":[4,21,25,37,45],"is_endless":false,"potions_floor_spawned":[7,12,14,18,22,28,35,46,48,54],"killed_by":"The Heart","ascension_level":4}}