{"host":"7o30bgpqouqblh42","time":1608847754,"event":{"mods":["AchievementEnabler","Aspiration","BaseMod","Colored Map","Downfall","Highlight Path","Minty Spire (QoL Compilation)","StSLib","SuperFastMode"],"gold_per_floor":[99,113,113,213,231,231,306,306,156,166,166,200,215,38,57,153,153,78,95,115,215,226,226,226,243,262,262,347,347,376,388,398,502,502,502,502,502,502,522,522,549,599,630,630,315,315,315,344,354,354],"floor_reached":51,"playtime":3793,"items_purged":["Underhanded Strike"],"score":910,"play_id":"270098f9-70b2-48a7-9def-e0a795301560","local_time":"20201224170914","is_ascension_mode":true,"campfire_choices":[{"floor":1,"key":"RECALL"},{"data":"Guardian:ArmoredProtocol","floor":9,"key":"SMITH"},{"data":"Guardian:TwinSlam","floor":11,"key":"SMITH"},{"floor":18,"key":"DIG"},{"floor":23,"key":"DIG"},{"floor":29,"key":"DIG"},{"floor":35,"key":"DIG"},{"data":"expansioncontent:PolyBeam","floor":40,"key":"SMITH"},{"floor":44,"key":"DIG"},{"data":"Guardian:BronzeOrb","floor":47,"key":"SMITH"}],"circlet_count":0,"master_deck":["Guardian:Strike_Guardian","Guardian:Defend_Guardian","Guardian:Defend_Guardian+1","Guardian:Defend_Guardian","Guardian:CurlUp","Guardian:TwinSlam+1","Guardian:ShieldCharger+1","Guardian:ArmoredProtocol+1","Guardian:ShieldSpikes+1","Guardian:FloatingOrbs+1","Guardian:Planning+1","Guardian:Orbwalk+1","Guardian:RevengeProtocol+1","Guardian:RollAttack","Guardian:StasisEngine+1","CurseOfTheBell","Guardian:Suspension+1","Guardian:TemporalShield+1","Guardian:TemporalStrike+1","Guardian:FastForward+1","expansioncontent:PolyBeam+1","Neutralize","Poisoned Stab","Guardian:TimeBomb+1","Guardian:Recover+1","Panache+1","Guardian:BronzeOrb+1","Guardian:CompilePackage+1","Guardian:TimeCapacitor+1"],"relics":["Guardian:ModeShifter","Thread and Needle","Toxic Egg 2","downfall:HeartBlessingRed","downfall:HeartBlessingBlue","Frozen Egg 2","Calling Bell","War Paint","HornCleat","Shovel","downfall:HeartBlessingGreen","Pen Nib","Toy Ornithopter","Meat on the Bone","Question Card","Dream Catcher","WingedGreaves","Philosopher\u0027s Stone","Ginger","Oddly Smooth Stone","aspiration:SneckoTail","Strawberry","Lantern","aspiration:StickyExplosives_weak"],"acts_visited":["Exordium","TheCity","TheBeyond"],"potions_floor_usage":[16,16,25,30,32,50],"damage_taken":[{"damage":0,"enemies":"2 Louse","floor":2,"turns":2},{"damage":0,"enemies":"Small Slimes","floor":5,"turns":4},{"damage":0,"enemies":"Cultist","floor":10,"turns":3},{"damage":17,"enemies":"Lagavulin","floor":12,"turns":11},{"damage":0,"enemies":"Blue Slaver","floor":13,"turns":4},{"damage":0,"enemies":"downfall:FleeingMerchant","floor":14,"turns":4},{"damage":9,"enemies":"3 Louse","floor":15,"turns":3},{"damage":12,"enemies":"downfall:Silent","floor":16,"turns":8},{"damage":0,"enemies":"3 Byrds","floor":19,"turns":3},{"damage":0,"enemies":"Spheric Guardian","floor":20,"turns":5},{"damage":9,"enemies":"downfall:LadyInBlue","floor":21,"turns":9},{"damage":0,"enemies":"Snake Plant","floor":22,"turns":4},{"damage":0,"enemies":"Shelled Parasite and Fungi","floor":25,"turns":5},{"damage":0,"enemies":"Sentry and Sphere","floor":26,"turns":6},{"damage":0,"enemies":"Book of Stabbing","floor":30,"turns":5},{"damage":2,"enemies":"Cultist and Chosen","floor":31,"turns":6},{"damage":4,"enemies":"Shelled Parasite and Fungi","floor":32,"turns":3},{"damage":0,"enemies":"downfall:Defect","floor":33,"turns":8},{"damage":1,"enemies":"Orb Walker","floor":39,"turns":3},{"damage":15,"enemies":"Mind Bloom Boss Battle","floor":42,"turns":5},{"damage":1,"enemies":"Nemesis","floor":43,"turns":8},{"damage":0,"enemies":"downfall:FleeingMerchant","floor":45,"turns":4},{"damage":44,"enemies":"Reptomancer","floor":48,"turns":5},{"damage":0,"enemies":"3 Darklings","floor":49,"turns":1},{"damage":4,"enemies":"downfall:Ironclad","floor":50,"turns":9}],"seed_played":"8833585021235121867","potions_obtained":[{"floor":12,"key":"GamblersBrew"},{"floor":13,"key":"GamblersBrew"},{"floor":15,"key":"Fire Potion"},{"floor":21,"key":"ColorlessPotion"},{"floor":21,"key":"Weak Potion"},{"floor":21,"key":"FairyPotion"},{"floor":22,"key":"CultistPotion"},{"floor":25,"key":"champ:CounterPotion"},{"floor":31,"key":"Strength Potion"},{"floor":32,"key":"Guardian:AcceleratePotion"}],"is_trial":false,"path_per_floor":["R","M","?","?","M","?","T","?","R","M","R","E","M","$","M","B",null,"R","M","M","?","M","R","T","M","M","?","?","R","E","M","M","B",null,"R","?","?","?","M","R","T","?","E","R","$","?","R","E","M","B",null],"character_chosen":"GUARDIAN","items_purchased":["Guardian:RevengeProtocol+1","Panache+1","Guardian:BronzeOrb"],"campfire_rested":0,"item_purchase_floors":[14,45,45],"current_hp_per_floor":[56,56,56,56,56,80,80,80,90,90,90,73,73,73,64,52,90,90,90,90,81,81,81,81,86,86,68,52,52,57,55,56,56,95,95,95,95,95,94,94,94,79,85,85,85,85,85,53,53,54],"gold":354,"neow_bonus":"ONE_RARE_RELIC","is_daily":false,"chose_seed":false,"campfire_upgraded":4,"win_rate":0.0,"timestamp":1608847754,"path_taken":["R","M","?","?","M","?","T","?","R","M","R","E","M","$","M","BOSS","R","M","M","?","M","R","T","M","?","?","?","R","E","M","M","BOSS","R","?","?","?","M","R","T","?","E","R","$","?","R","E","M","BOSS"],"items_purchased_type":["Card","Card","Card"],"build_version":"2020-12-22","purchased_purges":1,"victory":true,"max_hp_per_floor":[80,80,80,80,80,80,80,80,90,90,90,90,90,90,90,90,90,90,90,90,90,90,90,90,90,90,95,95,95,95,95,95,95,95,95,95,95,95,95,95,95,95,102,102,102,102,102,102,102,102],"card_choices":[{"not_picked":["Guardian:Gem_Cyan","Guardian:CrystalBeam"],"picked":"Guardian:ShieldCharger","floor":2},{"not_picked":["Guardian:SpikerProtocol","Guardian:Gem_Green"],"picked":"Guardian:ArmoredProtocol","floor":5},{"not_picked":["Guardian:ShieldCharger+1","Guardian:Incinerate"],"picked":"Guardian:ShieldSpikes+1","floor":10},{"not_picked":["Guardian:RefractedBeam","Guardian:Gem_Red"],"picked":"Guardian:FloatingOrbs+1","floor":12},{"not_picked":["Guardian:ShieldCharger+1","Guardian:PrismaticBarrier+1"],"picked":"Guardian:Planning+1","floor":13},{"not_picked":["Guardian:PolyBeam","Guardian:Planning+1"],"picked":"Guardian:Orbwalk+1","floor":14},{"not_picked":["Guardian:Reroute","Guardian:Gem_Cyan"],"picked":"Guardian:RollAttack","floor":15},{"not_picked":["Guardian:HyperBeam_Guardian","Guardian:ExploitGems+1"],"picked":"Guardian:StasisEngine+1","floor":16},{"not_picked":["Guardian:PolyBeam","Guardian:Reroute+1","Guardian:ShieldSpikes+1"],"picked":"SKIP","floor":19},{"not_picked":["Guardian:PrimingBeam+1","Guardian:Suspension+1"],"picked":"Guardian:Gem_Yellow","floor":20},{"not_picked":["Guardian:CrystalBeam+1","Guardian:PolyBeam","Guardian:PrimingBeam+1"],"picked":"SKIP","floor":22},{"not_picked":["Guardian:StasisStrike","Guardian:BronzeOrb","Guardian:CrystalBeam"],"picked":"Guardian:Suspension+1","floor":25},{"not_picked":["Guardian:Gem_Red","Guardian:ShieldCharger+1","Guardian:Harden+1"],"picked":"Guardian:Gem_White","floor":26},{"not_picked":["Guardian:StasisStrike","Guardian:PrismaticBarrier+1","Guardian:Gem_Lightblue"],"picked":"Guardian:TemporalShield+1","floor":30},{"not_picked":["Guardian:Suspension+1","Guardian:Reroute","Guardian:Incinerate"],"picked":"Guardian:TemporalStrike+1","floor":31},{"not_picked":["Guardian:Gem_Red","Guardian:Suspension+1","Guardian:Gem_Lightblue","Guardian:PiercingHide+1"],"picked":"SKIP","floor":32},{"not_picked":["Guardian:FierceBash","Guardian:HyperBeam_Guardian","Guardian:GemFire"],"picked":"Guardian:FastForward+1","floor":33},{"not_picked":["expansioncontent:GoopSpray+1","expansioncontent:FaceSlap","expansioncontent:SuperHexaguard+1"],"picked":"expansioncontent:PolyBeam","floor":36},{"not_picked":["Guardian:Gem_Lightblue","Guardian:CrystalBeam+1","Guardian:Incinerate+1"],"picked":"Guardian:Gem_Purple","floor":39},{"not_picked":["Guardian:TemporalStrike","Guardian:Incinerate+1","Guardian:Gem_Red"],"picked":"Guardian:TimeBomb+1","floor":42},{"not_picked":["Guardian:HyperBeam_Guardian","Guardian:Gem_Green","Guardian:BronzeArmor+1"],"picked":"Guardian:Recover+1","floor":43},{"not_picked":["Guardian:WalkerClaw","Guardian:TemporalStrike","Guardian:Suspension+1"],"picked":"Guardian:Gem_White","floor":45},{"not_picked":["Guardian:Gem_Synthetic","Guardian:Gem_Purple","Guardian:TimeBomb+1"],"picked":"Guardian:CompilePackage+1","floor":48},{"not_picked":["Guardian:Gem_Cyan","Guardian:Planning+1","Guardian:CrystalBeam+1"],"picked":"Guardian:TimeCapacitor+1","floor":49}],"player_experience":132022,"relics_obtained":[{"floor":12,"key":"Frozen Egg 2"},{"floor":17,"key":"War Paint"},{"floor":17,"key":"HornCleat"},{"floor":17,"key":"Shovel"},{"floor":18,"key":"Pen Nib"},{"floor":21,"key":"Toy Ornithopter"},{"floor":23,"key":"Meat on the Bone"},{"floor":24,"key":"Question Card"},{"floor":29,"key":"Dream Catcher"},{"floor":30,"key":"WingedGreaves"},{"floor":35,"key":"Ginger"},{"floor":41,"key":"Oddly Smooth Stone"},{"floor":42,"key":"aspiration:SneckoTail"},{"floor":43,"key":"Strawberry"},{"floor":44,"key":"Lantern"},{"floor":48,"key":"aspiration:StickyExplosives_weak"}],"event_choices":[{"damage_healed":26,"gold_gain":0,"player_choice":"Banana","damage_taken":0,"max_hp_gain":0,"max_hp_loss":0,"event_name":"Big Fish","floor":6,"gold_loss":0},{"cards_removed":["Guardian:Defend_Guardian"],"damage_healed":0,"gold_gain":0,"player_choice":"Removed Skill","damage_taken":0,"max_hp_gain":0,"max_hp_loss":0,"event_name":"Falling","floor":46,"gold_loss":0}],"is_beta":false,"boss_relics":[{"not_picked":["SacredBark","Runic Pyramid"],"picked":"Calling Bell"},{"not_picked":["aspiration:WatcherSkillbook","Guardian:StasisSlotReductionRelic"],"picked":"Philosopher\u0027s Stone"}],"items_purged_floors":[45],"is_endless":false,"potions_floor_spawned":[12,13,15,22,25,31,32,42],"ascension_level":1}}