{"host":"so437kwitdq4epbi","time":1608785085,"event":{"mods":["AchievementEnabler","BaseMod","Decade(王小明)","Lobotomy","LobotomyExtend","Minty Spire (QoL Compilation)","Quick Restart","Replay The Spire","StSLib","The Bladedancer","The Necromancer","Yuyuko","[IsaacMod]以撒尖塔","vexMod"],"gold_per_floor":[113,131,146,159,171,200,200,49,49,49,84,101,119,131,131,230,230,244,344,143,157,82,82,97,97,121,144,162,178,178,178],"floor_reached":30,"playtime":3615,"items_purged":["WallGazer"],"score":271,"play_id":"ed2d4939-3478-47b8-8cd9-258016e204a4","local_time":"20201224124445","is_ascension_mode":false,"campfire_choices":[{"floor":7.0,"key":"RECALL"},{"data":"DenO_Climax","floor":10.0,"key":"SMITH"},{"data":"KamenRideAgito","floor":15.0,"key":"SMITH"},{"data":"NMDAZYYGL","floor":23.0,"key":"SMITH"},{"floor":25,"key":"REST"}],"circlet_count":0,"master_deck":["Decade_Attack","Decade_Attack","Decade_Attack","Decade_Attack","KamenRide","Decade_SpecialSkill","Decade_Defend","Decade_Defend+1","Decade_Defend","Decade_Defend","EpicFetus","KamenRideDecade","Kuuga_Rising","UniverseFragment","KamenRideDecade","RideBooker_Skill_1","UnarmedAttack1","Rudolta","KamenRideAgito+1","RideBooker_Skill_3","KamenRideBlade","Decade_Dash2","DenO_Climax+1","DragShield","Dragreder","LaLuna","Kiva_Bats","QueenBee","Decade_Defend2","Dragreder","NMDAZYYGL+1","FormRide","FormRide+1","RideBooker+1","LittlePrince","DragClaw","UnarmedAttack6","UnarmedAttack1","AutoVajin","PrometheusPower","KamenRideKiva","Funeral","UnarmedAttack3"],"relics":["Decadriver","TOEIDeficitBill","HushsDoor","TheBean","CogitoBucket","RabbitCall","LetterFromLob","Replay:Baseball","HellTrain","vexMod:MysteryBossChallenge","vexMod:NewClearReactor","Juzu Bracelet","War Paint","Lizard Tail"],"acts_visited":["Exordium","TheCity"],"potions_floor_usage":[],"damage_taken":[{"damage":1.0,"enemies":"Cultist","floor":1.0,"turns":3.0},{"damage":1.0,"enemies":"2 Louse","floor":2.0,"turns":4.0},{"damage":0.0,"enemies":"Jaw Worm","floor":3.0,"turns":1.0},{"damage":6.0,"enemies":"Large Slime","floor":4.0,"turns":3.0},{"damage":14.0,"enemies":"Looter","floor":5.0,"turns":4.0},{"damage":19.0,"enemies":"Gremlin Nob","floor":6.0,"turns":4.0},{"damage":12.0,"enemies":"Lagavulin","floor":11.0,"turns":5.0},{"damage":1.0,"enemies":"Exordium Wildlife","floor":12.0,"turns":7.0},{"damage":3.0,"enemies":"Red Slaver","floor":13.0,"turns":3.0},{"damage":0.0,"enemies":"2 Fungi Beasts","floor":14.0,"turns":4.0},{"damage":35.0,"enemies":"The Guardian","floor":16.0,"turns":7.0},{"damage":19.0,"enemies":"3 Byrds","floor":18.0,"turns":4.0},{"damage":29.0,"enemies":"Spheric Guardian","floor":21.0,"turns":4.0},{"damage":18,"enemies":"Centurion and Healer","floor":24,"turns":3},{"damage":19,"enemies":"Snecko","floor":28,"turns":4},{"damage":0,"enemies":"Sentry and Sphere","floor":29,"turns":3},{"damage":32,"enemies":"Gremlin Leader","floor":30,"turns":3}],"seed_played":"1878680129866128606","potions_obtained":[{"floor":1.0,"key":"DistilledChaos"},{"floor":13.0,"key":"PowerPotion"},{"floor":14.0,"key":"PowerPotion"},{"floor":24,"key":"Cursed Concoction"}],"is_trial":false,"path_per_floor":["M","M","M","M","M","E","R","$","T","R","E","M","M","M","R","B",null,"M","?","$","M","$","R","M","R","T","?","M","M","E"],"character_chosen":"Decade","items_purchased":["DenO_Climax","DragShield","NMDAZYYGL","Juzu Bracelet","RideBooker"],"campfire_rested":1,"item_purchase_floors":[8,8,17,20,20],"current_hp_per_floor":[69,70,70,68,67,62,62,62,62,62,64,76,73,76,76,56,73,64,64,64,56,56,56,38,59,59,41,27,27,5,5],"gold":178,"neow_bonus":"","is_daily":false,"chose_seed":false,"campfire_upgraded":3,"win_rate":0.0,"timestamp":1608785085,"path_taken":["M","M","M","M","?","E","R","$","T","R","E","M","M","M","R","BOSS","M","?","$","M","$","R","M","R","T","?","M","M","E"],"items_purchased_type":["Card","Card","Card","Relic","Card"],"build_version":"2020-12-22","purchased_purges":1,"victory":false,"max_hp_per_floor":[70,70,70,70,70,76,76,76,76,76,76,76,76,76,76,76,73,73,73,73,73,73,73,73,73,73,73,73,73,73,73],"card_choices":[{"not_picked":[],"picked":"EpicFetus","floor":0.0},{"not_picked":["FormRideDogga","MirrorWorld"],"picked":"KamenRideDecade","floor":1.0},{"not_picked":["Blade_Kick","KamenRideKuuga"],"picked":"Kuuga_Rising","floor":1.0},{"not_picked":["GalaxyChild","SpiderBud"],"picked":"UniverseFragment","floor":2.0},{"not_picked":["Blade_Slash","UnarmedAttack7"],"picked":"KamenRideDecade","floor":2.0},{"not_picked":["FormRideTitan","RideBooker"],"picked":"RideBooker_Skill_1","floor":2.0},{"not_picked":["DenO_Rod","FormRideFlame"],"picked":"UnarmedAttack1","floor":3.0},{"not_picked":["SpiderBud","OldLady"],"picked":"Rudolta","floor":4.0},{"not_picked":["Decade_Defend2","FormRideDragon"],"picked":"KamenRideAgito","floor":4.0},{"not_picked":["DenO_Gun","DenO_Sword"],"picked":"RideBooker_Skill_3","floor":5.0},{"not_picked":["UnarmedAttack3","DenO_Rod"],"picked":"KamenRideBlade","floor":5.0},{"not_picked":["FormRideTitan","Decade_Defend2"],"picked":"Decade_Dash2","floor":6.0},{"not_picked":["FormRideStorm","RideBooker_Skill_3"],"picked":"Dragreder","floor":11.0},{"not_picked":["GreedKing","CherryBlossoms"],"picked":"LaLuna","floor":12.0},{"not_picked":["UnarmedAttack3","DenO_Sword"],"picked":"Kiva_Bats","floor":12.0},{"not_picked":["Blade_Slash","KamenRideAgito"],"picked":"Bomb","floor":12.0},{"not_picked":["MeatLantern","Alriune"],"picked":"QueenBee","floor":13.0},{"not_picked":["Kiva_Frozen","UnarmedAttack9"],"picked":"Decade_Defend2","floor":13.0},{"not_picked":["Murderer","CrumblingArmor"],"picked":"WallGazer","floor":14.0},{"not_picked":["Hibiki_Attack3","FormRideDogga"],"picked":"Dragreder","floor":14.0},{"not_picked":["DenO_Gun","AttackRide"],"picked":"FormRide","floor":18.0},{"not_picked":["FormRidePegasus+1","Kiva_Bats"],"picked":"FormRide+1","floor":18.0},{"not_picked":["OSAHOGD","SpiderBud"],"picked":"LittlePrince","floor":21.0},{"not_picked":["UnarmedAttack3","Blade_Slash"],"picked":"DragClaw","floor":21.0},{"not_picked":["FormRideDragon","Decade_Dash1"],"picked":"UnarmedAttack6","floor":21.0},{"not_picked":["Blade_Metal","DragClaw"],"picked":"UnarmedAttack1","floor":24},{"not_picked":["FormRideFlame","RideBooker_Skill_1"],"picked":"AutoVajin","floor":27},{"not_picked":["Decade_Defend2","Hibiki_Attack1"],"picked":"PrometheusPower","floor":28},{"not_picked":["FormRideBasshaa+1","UnarmedAttack1"],"picked":"KamenRideKiva","floor":28},{"not_picked":["OldLady","BodiesMountain"],"picked":"Funeral","floor":29},{"not_picked":["KamenRideAgito","Decade_Dash1"],"picked":"UnarmedAttack3","floor":29}],"player_experience":64780,"relics_obtained":[{"floor":1.0,"key":"LetterFromLob"},{"floor":6.0,"key":"vexMod:BerryBomb"},{"floor":11.0,"key":"Replay:Baseball"},{"floor":26,"key":"War Paint"},{"floor":27,"key":"Lizard Tail"}],"event_choices":[],"is_beta":false,"boss_relics":[{"not_picked":["Runic Pyramid","ChewingGum"],"picked":"vexMod:MysteryBossChallenge"},{"not_picked":[]}],"items_purged_floors":[22],"is_endless":false,"potions_floor_spawned":[1,13,14,16,24,28,29],"killed_by":"Gremlin Leader","ascension_level":0}}