{"host":"jpcy2bclvs7juczu","time":1608769262,"event":{"mods":["AchievementEnabler","BaseMod","Block Reminder","Colored Powertips","Minty Spire (QoL Compilation)","Quick Restart","Relic Stats","ojb\u0027s Better Paths Mod","ojb\u0027s Info Mod","slay the spire mod where everything is the same but ironclad has a cowboy hat"],"gold_per_floor":[119,44,63,74,84,84,111,111,111,130,149,161,191,210,210,281,281,293,304,26,42,42,68,68,68,91,91,91],"floor_reached":27,"playtime":777,"items_purged":[],"score":544,"play_id":"4553bf3e-01a7-4355-b317-d194ca980d48","local_time":"20201224002102","is_ascension_mode":true,"campfire_choices":[{"data":"Feel No Pain","floor":6.0,"key":"SMITH"},{"data":"Shockwave","floor":15,"key":"SMITH"},{"data":"Immolate","floor":24,"key":"SMITH"}],"circlet_count":0,"master_deck":["AscendersBane","Strike_R+1","Strike_R+1","Strike_R+1","Strike_R+1","Strike_R+1","Defend_R+1","Defend_R+1","Defend_R+1","Defend_R+1","Bash","Cleave","Rampage","Feel No Pain+1","Reckless Charge","Anger","Clothesline","Twin Strike","Pommel Strike","Sever Soul","Shrug It Off","Shockwave+1","Immolate+1","Hemokinesis","Dark Embrace","Necronomicurse","Dropkick"],"relics":["Burning Blood","NeowsBlessing","Potion Belt","Mercury Hourglass","Prayer Wheel","Velvet Choker","Toxic Egg 2","Necronomicon","InkBottle","CeramicFish"],"acts_visited":["Exordium","TheCity"],"potions_floor_usage":[14,16,16,21,23,27,27,27],"damage_taken":[{"damage":0.0,"enemies":"Cultist","floor":1.0,"turns":1.0},{"damage":0.0,"enemies":"Small Slimes","floor":3.0,"turns":1.0},{"damage":0.0,"enemies":"Jaw Worm","floor":4.0,"turns":1.0},{"damage":8.0,"enemies":"Blue Slaver","floor":5.0,"turns":2.0},{"damage":55.0,"enemies":"Gremlin Nob","floor":7.0,"turns":5.0},{"damage":10,"enemies":"Large Slime","floor":10,"turns":5},{"damage":9,"enemies":"Lots of Slimes","floor":11,"turns":3},{"damage":7,"enemies":"Looter","floor":12,"turns":3},{"damage":33,"enemies":"Lagavulin","floor":13,"turns":7},{"damage":3,"enemies":"Exordium Thugs","floor":14,"turns":4},{"damage":8,"enemies":"Hexaghost","floor":16,"turns":7},{"damage":0,"enemies":"Chosen","floor":18,"turns":3},{"damage":20,"enemies":"2 Thieves","floor":19,"turns":4},{"damage":0,"enemies":"Centurion and Healer","floor":21,"turns":5},{"damage":0,"enemies":"Slavers","floor":23,"turns":1},{"damage":59,"enemies":"Book of Stabbing","floor":27,"turns":5}],"seed_played":"7209205870016545387","potions_obtained":[{"floor":1.0,"key":"Dexterity Potion"},{"floor":3.0,"key":"Fire Potion"},{"floor":10,"key":"GamblersBrew"},{"floor":12,"key":"SteroidPotion"},{"floor":13,"key":"DistilledChaos"},{"floor":14,"key":"Strength Potion"},{"floor":18,"key":"Regen Potion"},{"floor":19,"key":"SkillPotion"},{"floor":23,"key":"ColorlessPotion"}],"is_trial":false,"path_per_floor":["M","$","M","M","M","R","E","?","T","M","M","M","E","M","R","B",null,"M","M","$","M","?","E","R","?","T","E"],"character_chosen":"IRONCLAD","items_purchased":["Rampage","Toxic Egg 2"],"campfire_rested":0,"item_purchase_floors":[2,20],"current_hp_per_floor":[74,74,75,75,73,73,24,49,49,45,42,41,14,17,17,15,60,66,52,52,58,37,43,43,43,43,0,0],"gold":91,"neow_bonus":"THREE_ENEMY_KILL","is_daily":false,"chose_seed":false,"campfire_upgraded":3,"win_rate":0.0,"timestamp":1608769262,"path_taken":["M","$","?","M","M","R","E","?","T","M","M","M","E","M","R","BOSS","M","M","$","M","?","E","R","?","T","E"],"items_purchased_type":["Card","Relic"],"build_version":"2020-12-22","purchased_purges":0,"victory":false,"max_hp_per_floor":[75,75,75,75,75,75,75,75,75,75,75,75,75,75,75,75,75,75,75,75,75,75,75,75,75,75,75,75],"relic_stats":{"counters":[16,57],"CeramicFish":0,"Prayer Wheel":4,"Necronomicon":[3],"obtain_stats":[{"Potion Belt":7,"NeowsBlessing":0,"CeramicFish":26,"Velvet Choker":17,"Prayer Wheel":13,"Necronomicon":22,"Toxic Egg 2":20,"Burning Blood":0,"InkBottle":23,"Mercury Hourglass":9},{"Potion Belt":5,"NeowsBlessing":0,"CeramicFish":15,"Velvet Choker":11,"Prayer Wheel":9,"Necronomicon":14,"Toxic Egg 2":13,"Burning Blood":0,"InkBottle":15,"Mercury Hourglass":5},{"Potion Belt":10,"NeowsBlessing":0,"CeramicFish":52,"Velvet Choker":39,"Prayer Wheel":28,"Necronomicon":51,"Toxic Egg 2":46,"Burning Blood":0,"InkBottle":52,"Mercury Hourglass":10}],"Burning Blood":79,"InkBottle":[1],"Mercury Hourglass":[183]},"card_choices":[{"not_picked":["Inflame","Dropkick"],"picked":"Cleave","floor":1.0},{"not_picked":["Spot Weakness","Pummel"],"picked":"Feel No Pain","floor":3.0},{"not_picked":["True Grit","Cleave"],"picked":"Reckless Charge","floor":4.0},{"not_picked":["True Grit","Intimidate"],"picked":"Anger","floor":5.0},{"not_picked":["Anger","Pommel Strike"],"picked":"Clothesline","floor":7.0},{"not_picked":["Sword Boomerang","Juggernaut"],"picked":"Twin Strike","floor":10},{"not_picked":["Clash","Cleave"],"picked":"Pommel Strike","floor":11},{"not_picked":["True Grit","Twin Strike"],"picked":"Sever Soul","floor":12},{"not_picked":["Heavy Blade","Hemokinesis"],"picked":"Shrug It Off","floor":13},{"not_picked":["Hemokinesis","Headbutt"],"picked":"Shockwave","floor":14},{"not_picked":["True Grit","Intimidate","Pommel Strike"],"picked":"SKIP","floor":14},{"not_picked":["Impervious","Berserk"],"picked":"Immolate","floor":16},{"not_picked":["Clash","Spot Weakness"],"picked":"Hemokinesis","floor":18},{"not_picked":["Cleave","Iron Wave","Wild Strike"],"picked":"SKIP","floor":18},{"not_picked":["Bloodletting+1","Carnage+1"],"picked":"Dark Embrace","floor":19},{"not_picked":["Cleave+1","Sword Boomerang","Warcry"],"picked":"SKIP","floor":19},{"not_picked":["Clash","Warcry+1","Double Tap+1"],"picked":"SKIP","floor":21},{"not_picked":["Inflame","Warcry+1","Spot Weakness+1"],"picked":"SKIP","floor":21},{"not_picked":["Dropkick","Sever Soul","Bludgeon"],"picked":"SKIP","floor":23},{"not_picked":["Sever Soul","Bludgeon"],"picked":"Dropkick","floor":23}],"player_experience":176690,"relics_obtained":[{"floor":7.0,"key":"Potion Belt"},{"floor":9.0,"key":"Mercury Hourglass"},{"floor":13,"key":"Prayer Wheel"},{"floor":22,"key":"Necronomicon"},{"floor":23,"key":"InkBottle"},{"floor":26,"key":"CeramicFish"}],"event_choices":[{"damage_healed":25.0,"max_hp_gain":0.0,"max_hp_loss":0.0,"gold_gain":0.0,"event_name":"Big Fish","player_choice":"Banana","floor":8.0,"gold_loss":0.0,"damage_taken":0.0},{"damage_healed":0,"gold_gain":0,"player_choice":"Obtained Book","damage_taken":21,"max_hp_gain":0,"max_hp_loss":0,"event_name":"Cursed Tome","floor":22,"gold_loss":0},{"damage_healed":0,"gold_gain":0,"player_choice":"Simplicity","damage_taken":0,"max_hp_gain":0,"max_hp_loss":0,"event_name":"Back to Basics","floor":25,"gold_loss":0,"cards_upgraded":["Strike_R","Strike_R","Strike_R","Strike_R","Strike_R","Defend_R","Defend_R","Defend_R","Defend_R"]}],"is_beta":false,"boss_relics":[{"not_picked":["Black Blood","Runic Cube"],"picked":"Velvet Choker"}],"items_purged_floors":[],"is_endless":false,"potions_floor_spawned":[1,3,10,12,13,14,18,19,23],"killed_by":"Book of Stabbing","ascension_level":20}}