{"host":"30jsp143e4v19aze","time":1608842355,"event":{"mods":["BaseMod","Colored Map","Colored Powertips","Curses Come First","DeckTracker","Highlight Path","Minty Spire (QoL Compilation)","Quick Restart","Relic Stats","StSLib","everything is the same but u backflip on backflip","slay the spire mod where everything is the same but ironclad has a cowboy hat"],"gold_per_floor":[111,111,125,125,143,143,157,157,157,157,183,193,20,36,36,115,115,127,17,29,29,29,58,0,0,0,0,0,0],"floor_reached":28,"playtime":1921,"items_purged":[],"score":472,"play_id":"79e8af5a-7c27-4cff-8853-bb7fee3dca34","local_time":"20201224213915","is_ascension_mode":true,"campfire_choices":[{"data":"Predator","floor":6,"key":"SMITH"},{"data":"Blur","floor":8,"key":"SMITH"},{"data":"Neutralize","floor":10,"key":"SMITH"},{"data":"Accuracy","floor":15,"key":"SMITH"},{"data":"1","floor":27,"key":"LIFT"}],"circlet_count":0,"master_deck":["AscendersBane","Strike_G","Strike_G","Strike_G+1","Strike_G","Defend_G","Defend_G","Defend_G","Defend_G","Defend_G","Survivor","Neutralize+1","Calculated Gamble","Predator+1","Blur+1","Blade Dance","Accuracy+1","Dramatic Entrance","Cloak And Dagger","A Thousand Cuts","Skewer","PiercingWail","Shame","Prepared+1","Storm of Steel"],"relics":["Runic Pyramid","Blue Candle","Ancient Tea Set","Akabeko","WristBlade","The Courier","Bronze Scales","Girya"],"acts_visited":["Exordium","TheCity"],"potions_floor_usage":[16,16,18,23,28],"damage_taken":[{"damage":1,"enemies":"2 Louse","floor":1,"turns":3},{"damage":0,"enemies":"Jaw Worm","floor":3,"turns":6},{"damage":0,"enemies":"Cultist","floor":5,"turns":4},{"damage":4,"enemies":"Red Slaver","floor":7,"turns":4},{"damage":31,"enemies":"3 Sentries","floor":11,"turns":11},{"damage":1,"enemies":"Blue Slaver","floor":12,"turns":4},{"damage":0,"enemies":"2 Fungi Beasts","floor":14,"turns":3},{"damage":2,"enemies":"The Guardian","floor":16,"turns":15},{"damage":6,"enemies":"3 Byrds","floor":18,"turns":5},{"damage":20,"enemies":"Shell Parasite","floor":20,"turns":3},{"damage":20,"enemies":"Gremlin Leader","floor":23,"turns":7},{"damage":8,"enemies":"Shelled Parasite and Fungi","floor":28,"turns":2}],"seed_played":"83520032329615","potions_obtained":[{"floor":11,"key":"DuplicationPotion"},{"floor":12,"key":"SteroidPotion"},{"floor":16,"key":"Fire Potion"},{"floor":20,"key":"SpeedPotion"},{"floor":23,"key":"Block Potion"}],"is_trial":false,"path_per_floor":["M","?","M","?","M","R","M","R","T","R","E","M","$","M","R","B",null,"M","?","M","$","?","E","?","?","T","R","M"],"character_chosen":"THE_SILENT","items_purchased":["Accuracy","Dramatic Entrance"],"campfire_rested":0,"item_purchase_floors":[13,13],"current_hp_per_floor":[58,32,32,54,54,54,50,50,50,50,19,18,18,18,18,16,54,48,48,28,28,28,8,8,8,8,8,0,0],"gold":0,"neow_bonus":"BOSS_RELIC","is_daily":false,"chose_seed":true,"campfire_upgraded":4,"win_rate":0.0,"timestamp":1608842355,"path_taken":["M","?","M","?","M","R","M","R","T","R","E","M","$","M","R","BOSS","M","?","?","?","?","E","?","?","T","R","M"],"items_purchased_type":["Card","Card"],"build_version":"2020-12-22","purchased_purges":0,"victory":false,"max_hp_per_floor":[66,66,66,66,66,66,66,66,66,66,66,66,66,66,66,66,66,66,66,66,66,66,66,66,66,66,66,66,66],"relic_stats":{"counters":[12,67],"Blue Candle":[1],"Bronze Scales":[6],"obtain_stats":[{"Girya":26,"WristBlade":17,"Blue Candle":2,"Bronze Scales":23,"The Courier":22,"Ancient Tea Set":9,"Akabeko":11,"Ring of the Snake":0,"Runic Pyramid":0},{"Girya":11,"WristBlade":8,"Blue Candle":1,"Bronze Scales":11,"The Courier":10,"Ancient Tea Set":4,"Akabeko":5,"Ring of the Snake":0,"Runic Pyramid":0},{"Girya":65,"WristBlade":50,"Blue Candle":3,"Bronze Scales":65,"The Courier":58,"Ancient Tea Set":17,"Akabeko":28,"Ring of the Snake":0,"Runic Pyramid":0}]},"card_choices":[{"not_picked":["Outmaneuver","Slice"],"picked":"Calculated Gamble","floor":1},{"not_picked":["Acrobatics","Deflect","Bane"],"picked":"SKIP","floor":3},{"not_picked":["Backflip","Footwork"],"picked":"Predator","floor":5},{"not_picked":["Acrobatics","Choke"],"picked":"Blur","floor":7},{"not_picked":["Catalyst","Slice","A Thousand Cuts"],"picked":"SKIP","floor":11},{"not_picked":["Deadly Poison","Prepared"],"picked":"Blade Dance","floor":12},{"not_picked":["Flying Knee","Leg Sweep"],"picked":"Cloak And Dagger","floor":14},{"not_picked":["Malaise","Doppelganger"],"picked":"A Thousand Cuts","floor":16},{"not_picked":["Blur","Backstab"],"picked":"Skewer","floor":18},{"not_picked":["Dodge and Roll","Outmaneuver"],"picked":"PiercingWail","floor":20},{"not_picked":["Endless Agony","Sucker Punch"],"picked":"Prepared+1","floor":23}],"player_experience":3163530,"relics_obtained":[{"floor":9,"key":"Ancient Tea Set"},{"floor":11,"key":"Akabeko"},{"floor":23,"key":"Bronze Scales"},{"floor":26,"key":"Girya"}],"event_choices":[{"damage_healed":0,"gold_gain":0,"player_choice":"Success","damage_taken":26,"relics_obtained":["Blue Candle"],"max_hp_gain":0,"max_hp_loss":0,"event_name":"Scrap Ooze","floor":2,"gold_loss":0},{"damage_healed":22,"gold_gain":0,"player_choice":"Banana","damage_taken":0,"max_hp_gain":0,"max_hp_loss":0,"event_name":"Big Fish","floor":4,"gold_loss":0},{"cards_removed":["Strike_G"],"damage_healed":0,"gold_gain":0,"player_choice":"Upgrade and Remove","damage_taken":0,"max_hp_gain":0,"max_hp_loss":0,"event_name":"Designer","floor":19,"gold_loss":110,"cards_upgraded":["Strike_G"]},{"damage_healed":0,"gold_gain":0,"player_choice":"Stole Relic","damage_taken":0,"relics_obtained":["The Courier"],"max_hp_gain":0,"max_hp_loss":0,"event_name":"Addict","floor":22,"gold_loss":0,"cards_obtained":["Shame"]},{"damage_healed":0,"gold_gain":0,"player_choice":"Paid Fearfully","damage_taken":0,"max_hp_gain":0,"max_hp_loss":0,"event_name":"Masked Bandits","floor":24,"gold_loss":58},{"damage_healed":0,"gold_gain":0,"player_choice":"Read","damage_taken":0,"max_hp_gain":0,"max_hp_loss":0,"event_name":"The Library","floor":25,"gold_loss":0,"cards_obtained":["Storm of Steel"]}],"is_beta":false,"boss_relics":[{"not_picked":["Black Star","Cursed Key"],"picked":"WristBlade"}],"items_purged_floors":[],"is_endless":false,"potions_floor_spawned":[11,12,14,16,20,23],"killed_by":"Shelled Parasite and Fungi","ascension_level":20}}