{"host":"wgutmjbkdh3egq5e","time":1608848190,"event":{"mods":["BaseMod","Bestiary","Colored Powertips","Defuse TimeMaze Blight","Minty Spire (QoL Compilation)","Relic Stats","StSLib"],"gold_per_floor":[111,126,139,139,62,62,90,90,90,102,112,112,124,157,157,256,256,274,290,162,172,197,225,225,225,293,293,218,246,246,346,346,346,346],"floor_reached":33,"playtime":2039,"items_purged":["Gash"],"score":366,"play_id":"bb7274a3-e329-4890-b17d-da9236986622","local_time":"20201224231630","is_ascension_mode":true,"campfire_choices":[{"data":"Fission","floor":6.0,"key":"SMITH"},{"floor":8.0,"key":"REST"},{"data":"Zap","floor":15.0,"key":"SMITH"},{"data":"Biased Cognition","floor":25,"key":"SMITH"},{"data":"Defragment","floor":27,"key":"SMITH"},{"floor":32,"key":"REST"}],"circlet_count":0,"master_deck":["Strike_B","Defend_B","Defend_B","Defend_B","Defend_B","Zap+1","Dualcast","Conserve Battery","Fission+1","Melter","Streamline","Go for the Eyes","Doom and Gloom","Self Repair","Recycle","Electrodynamics","Tempest+1","Consume","Coolheaded","Steam","Biased Cognition+1","Defragment+1","Amplify+1","All For One","Barrage"],"relics":["Nuclear Battery","InkBottle","Meat on the Bone","Happy Flower","Sozu","Red Mask","Anchor","Toxic Egg 2","Pocketwatch"],"acts_visited":["Exordium","TheCity"],"potions_floor_usage":[],"damage_taken":[{"damage":5.0,"enemies":"2 Louse","floor":1.0,"turns":3.0},{"damage":14.0,"enemies":"Jaw Worm","floor":2.0,"turns":4.0},{"damage":0.0,"enemies":"Small Slimes","floor":3.0,"turns":3.0},{"damage":30.0,"enemies":"Gremlin Nob","floor":7.0,"turns":4.0},{"damage":13.0,"enemies":"Exordium Wildlife","floor":10.0,"turns":4.0},{"damage":0.0,"enemies":"Red Slaver","floor":11.0,"turns":3.0},{"damage":12.0,"enemies":"3 Louse","floor":13.0,"turns":2.0},{"damage":3.0,"enemies":"Lagavulin","floor":14.0,"turns":5.0},{"damage":49.0,"enemies":"The Guardian","floor":16.0,"turns":12.0},{"damage":15.0,"enemies":"2 Thieves","floor":18.0,"turns":2.0},{"damage":3.0,"enemies":"Chosen","floor":19.0,"turns":2.0},{"damage":20.0,"enemies":"Snecko","floor":21.0,"turns":4.0},{"damage":0.0,"enemies":"Masked Bandits","floor":22.0,"turns":1.0},{"damage":17.0,"enemies":"Slavers","floor":23.0,"turns":3.0},{"damage":13,"enemies":"Book of Stabbing","floor":29,"turns":4},{"damage":69,"enemies":"Collector","floor":33,"turns":9}],"seed_played":"-3402729672982819347","potions_obtained":[{"floor":1.0,"key":"Block Potion"},{"floor":2.0,"key":"Energy Potion"},{"floor":3.0,"key":"Strength Potion"},{"floor":13.0,"key":"Fire Potion"}],"is_trial":false,"path_per_floor":["M","M","M","?","$","R","E","R","T","M","M","?","M","E","R","B",null,"M","M","$","M","?","E","?","R","T","R","?","E","?","?","R","B"],"character_chosen":"DEFECT","items_purchased":["Melter","Coolheaded"],"campfire_rested":2,"item_purchase_floors":[5,20],"current_hp_per_floor":[70,56,56,56,56,56,26,48,48,47,47,47,47,51,51,21,62,54,58,58,45,45,47,33,33,33,33,33,39,39,39,63,0,0],"gold":346,"neow_bonus":"BOSS_RELIC","is_daily":false,"chose_seed":false,"campfire_upgraded":4,"win_rate":0.0,"timestamp":1608848190,"path_taken":["M","M","M","?","$","R","E","R","T","M","M","?","M","E","R","BOSS","M","M","$","M","?","E","?","R","T","R","?","E","?","?","R","BOSS"],"items_purchased_type":["Card","Card"],"build_version":"2020-12-22","purchased_purges":1,"victory":false,"max_hp_per_floor":[75,75,75,75,75,75,75,75,75,75,75,75,75,75,75,75,75,75,75,75,75,75,75,80,80,80,80,80,80,80,80,80,80,80],"relic_stats":{"Sozu":2,"Happy Flower":[12],"counters":[16,65],"obtain_stats":[{"Sozu":17,"Anchor":23,"Happy Flower":14,"Red Mask":22,"Toxic Egg 2":26,"Cracked Core":0,"InkBottle":7,"Nuclear Battery":0,"Meat on the Bone":9,"Pocketwatch":29},{"Sozu":9,"Anchor":14,"Happy Flower":8,"Red Mask":13,"Toxic Egg 2":14,"Cracked Core":0,"InkBottle":4,"Nuclear Battery":0,"Meat on the Bone":4,"Pocketwatch":15},{"Sozu":40,"Anchor":52,"Happy Flower":28,"Red Mask":49,"Toxic Egg 2":52,"Cracked Core":0,"InkBottle":14,"Nuclear Battery":0,"Meat on the Bone":14,"Pocketwatch":56}],"InkBottle":[22],"Meat on the Bone":60,"Pocketwatch":[0]},"card_choices":[{"not_picked":["Sunder","Steam"],"picked":"Gash","floor":1.0},{"not_picked":["Go for the Eyes","Stack"],"picked":"Conserve Battery","floor":2.0},{"not_picked":["Turbo","Beam Cell"],"picked":"Gash","floor":3.0},{"not_picked":["Rip and Tear","Reinforced Body"],"picked":"Streamline","floor":7.0},{"not_picked":["Streamline","Blizzard","Go for the Eyes"],"picked":"SKIP","floor":10.0},{"not_picked":["Streamline","Blizzard"],"picked":"Go for the Eyes","floor":10.0},{"not_picked":["Chill","Barrage"],"picked":"Doom and Gloom","floor":11.0},{"not_picked":["Conserve Battery","Amplify"],"picked":"Self Repair","floor":13.0},{"not_picked":["Reprogram","Doom and Gloom"],"picked":"Recycle","floor":14.0},{"not_picked":["Multi-Cast","Buffer"],"picked":"Electrodynamics","floor":16.0},{"not_picked":["Go for the Eyes","Leap"],"picked":"Tempest+1","floor":18.0},{"not_picked":["Leap","Stack"],"picked":"Consume","floor":19.0},{"not_picked":["Ball Lightning","Storm+1"],"picked":"Steam","floor":21.0},{"not_picked":["Go for the Eyes+1","Gash+1"],"picked":"Biased Cognition","floor":22.0},{"not_picked":["Turbo","Coolheaded+1"],"picked":"Defragment","floor":23},{"not_picked":["Reboot+1","Chill+1"],"picked":"Amplify+1","floor":29}],"player_experience":809284,"relics_obtained":[{"floor":7.0,"key":"InkBottle"},{"floor":9.0,"key":"Meat on the Bone"},{"floor":14.0,"key":"Happy Flower"},{"floor":22.0,"key":"Red Mask"},{"floor":23,"key":"Anchor"},{"floor":26,"key":"Toxic Egg 2"},{"floor":29,"key":"Pocketwatch"}],"event_choices":[{"damage_healed":0.0,"max_hp_gain":0.0,"max_hp_loss":0.0,"gold_gain":0.0,"cards_transformed":["Strike_B"],"event_name":"Living Wall","player_choice":"Change","floor":4.0,"gold_loss":0.0,"damage_taken":0.0,"cards_obtained":["Fission"]},{"damage_healed":0.0,"max_hp_gain":0.0,"max_hp_loss":0.0,"gold_gain":0.0,"event_name":"Dead Adventurer","player_choice":"Searched \u00270\u0027 times","floor":12.0,"gold_loss":0.0,"damage_taken":0.0},{"damage_healed":0.0,"max_hp_gain":0.0,"max_hp_loss":0.0,"gold_gain":0.0,"event_name":"Masked Bandits","player_choice":"Fought Bandits","floor":22.0,"gold_loss":0.0,"damage_taken":0.0},{"damage_healed":0,"gold_gain":0,"player_choice":"Shed Blood","damage_taken":19,"max_hp_gain":5,"max_hp_loss":0,"event_name":"Forgotten Altar","floor":24,"gold_loss":0},{"cards_removed":["Gash"],"damage_healed":0,"gold_gain":0,"player_choice":"Gave Gold","damage_taken":0,"max_hp_gain":0,"max_hp_loss":0,"event_name":"Beggar","floor":28,"gold_loss":75},{"damage_healed":0,"gold_gain":0,"cards_transformed":["Strike_B","Strike_B"],"player_choice":"Became Test Subject","damage_taken":0,"max_hp_gain":0,"max_hp_loss":0,"event_name":"Drug Dealer","floor":30,"gold_loss":0,"cards_obtained":["All For One","Barrage"]},{"damage_healed":0,"gold_gain":100,"player_choice":"Pray","damage_taken":0,"max_hp_gain":0,"max_hp_loss":0,"event_name":"Golden Shrine","floor":31,"gold_loss":0}],"is_beta":false,"boss_relics":[{"not_picked":["Black Star","Runic Dome"],"picked":"Sozu"}],"items_purged_floors":[20],"is_endless":false,"potions_floor_spawned":[1,2,3,13,19,21],"killed_by":"Collector","ascension_level":5}}