{"host":"utqe55yv0jihe4d6","time":1608830142,"event":{"mods":["2.2 Compatiblity","AchievementEnabler","BaseMod","Block Reminder","Colored Map","Colored Powertips","Minty Spire (QoL Compilation)","Quick Restart","Rare Cards Sparkle","Relic Stats","SuperFastMode"],"gold_per_floor":[110,110,123,139,139,139,169,169,169,197,197,209,242,242,242,321,321,336,336,355,405,421,421,421],"floor_reached":23,"playtime":712,"items_purged":[],"score":398,"play_id":"8cbdf9e1-f522-413c-9662-05fc0bc6cde3","local_time":"20201224121542","is_ascension_mode":true,"campfire_choices":[{"data":"Apotheosis","floor":6.0,"key":"SMITH"},{"data":"Neutralize","floor":8.0,"key":"SMITH"},{"floor":11.0,"key":"REST"},{"floor":15.0,"key":"REST"}],"circlet_count":0,"master_deck":["AscendersBane","Strike_G","Strike_G","Strike_G","Strike_G","Defend_G+1","Defend_G+1","Defend_G","Defend_G","Defend_G","Survivor","Neutralize+1","Apotheosis+1","All Out Attack","Flying Knee","Eviscerate","Well Laid Plans","Deadly Poison","Tools of the Trade","Quick Slash"],"relics":["Ring of the Snake","Potion Belt","Orichalcum","Bag of Marbles","Philosopher\u0027s Stone"],"acts_visited":["Exordium","TheCity"],"potions_floor_usage":[18,22,23],"damage_taken":[{"damage":0.0,"enemies":"Jaw Worm","floor":1.0,"turns":5.0},{"damage":2.0,"enemies":"Small Slimes","floor":3.0,"turns":4.0},{"damage":0.0,"enemies":"2 Louse","floor":4.0,"turns":4.0},{"damage":22.0,"enemies":"3 Sentries","floor":10.0,"turns":5.0},{"damage":10.0,"enemies":"Exordium Thugs","floor":12.0,"turns":5.0},{"damage":17.0,"enemies":"Gremlin Nob","floor":13.0,"turns":4.0},{"damage":9.0,"enemies":"Hexaghost","floor":16.0,"turns":11.0},{"damage":15,"enemies":"2 Thieves","floor":18,"turns":3},{"damage":22,"enemies":"Shell Parasite","floor":20,"turns":5},{"damage":18,"enemies":"Snake Plant","floor":22,"turns":6},{"damage":21,"enemies":"Slavers","floor":23,"turns":5}],"seed_played":"-393819653489444244","potions_obtained":[{"floor":3.0,"key":"SkillPotion"},{"floor":4.0,"key":"SteroidPotion"},{"floor":12.0,"key":"Strength Potion"},{"floor":13.0,"key":"FairyPotion"},{"floor":16.0,"key":"Weak Potion"},{"floor":20,"key":"LiquidBronze"},{"floor":22,"key":"SpeedPotion"}],"is_trial":false,"path_per_floor":["M","?","M","M","?","R","?","R","T","E","R","M","E","?","R","B",null,"M","?","M","?","M","E"],"character_chosen":"THE_SILENT","items_purchased":[],"campfire_rested":2,"item_purchase_floors":[],"current_hp_per_floor":[59,52,50,50,55,55,55,55,55,33,52,42,25,5,24,15,53,38,38,16,16,19,0,0],"gold":421,"neow_bonus":"RANDOM_COLORLESS_2","is_daily":false,"chose_seed":false,"campfire_upgraded":2,"win_rate":0.0,"timestamp":1608830142,"path_taken":["M","?","M","M","?","R","?","R","T","E","R","M","E","?","R","BOSS","M","?","M","?","M","E"],"items_purchased_type":[],"build_version":"2020-12-22","purchased_purges":0,"victory":false,"max_hp_per_floor":[60,60,60,60,65,65,65,65,65,65,65,65,65,65,65,65,65,65,65,65,65,65,65,65],"relic_stats":{"counters":[11,57],"Orichalcum":[66],"obtain_stats":[{"Potion Belt":9,"Philosopher\u0027s Stone":17,"Bag of Marbles":13,"Orichalcum":10,"Ring of the Snake":0},{"Potion Belt":3,"Philosopher\u0027s Stone":7,"Bag of Marbles":6,"Orichalcum":4,"Ring of the Snake":0},{"Potion Belt":13,"Philosopher\u0027s Stone":38,"Bag of Marbles":27,"Orichalcum":18,"Ring of the Snake":0}],"Ring of the Snake":[22]},"card_choices":[{"not_picked":["HandOfGreed","Magnetism"],"picked":"Apotheosis","floor":0.0},{"not_picked":["Slice","Distraction"],"picked":"All Out Attack","floor":1.0},{"not_picked":["Choke","Heel Hook"],"picked":"Flying Knee","floor":3.0},{"not_picked":["Deflect","Expertise"],"picked":"Eviscerate","floor":4.0},{"not_picked":["Cloak And Dagger","Bane"],"picked":"Well Laid Plans","floor":10.0},{"not_picked":["Dagger Spray","Bullet Time"],"picked":"Deadly Poison","floor":12.0},{"not_picked":["Deadly Poison","Eviscerate","Cloak And Dagger"],"picked":"SKIP","floor":13.0},{"not_picked":["Envenom","After Image"],"picked":"Tools of the Trade","floor":16.0},{"not_picked":["Slice","Cloak And Dagger","Sucker Punch"],"picked":"SKIP","floor":18},{"not_picked":["Cloak And Dagger","Deadly Poison","Sucker Punch"],"picked":"SKIP","floor":20},{"not_picked":["Prepared","Backflip"],"picked":"Quick Slash","floor":22}],"player_experience":2851106,"relics_obtained":[{"floor":9.0,"key":"Potion Belt"},{"floor":10.0,"key":"Orichalcum"},{"floor":13.0,"key":"Bag of Marbles"}],"event_choices":[{"cards_removed":["Strike_G"],"damage_healed":0.0,"max_hp_gain":0.0,"max_hp_loss":0.0,"gold_gain":0.0,"event_name":"Golden Wing","player_choice":"Card Removal","floor":2.0,"gold_loss":0.0,"damage_taken":7.0},{"damage_healed":0.0,"max_hp_gain":5.0,"max_hp_loss":0.0,"gold_gain":0.0,"event_name":"Big Fish","player_choice":"Donut","floor":5.0,"gold_loss":0.0,"damage_taken":0.0},{"damage_healed":0.0,"max_hp_gain":0.0,"max_hp_loss":0.0,"gold_gain":30.0,"event_name":"Dead Adventurer","player_choice":"Searched \u00271\u0027 times","floor":7.0,"gold_loss":0.0,"damage_taken":0.0},{"damage_healed":0.0,"max_hp_gain":0.0,"max_hp_loss":0.0,"gold_gain":0.0,"event_name":"Shining Light","player_choice":"Entered Light","floor":14.0,"gold_loss":0.0,"damage_taken":20.0,"cards_upgraded":["Defend_G","Defend_G"]},{"damage_healed":0,"gold_gain":0,"player_choice":"Ignored","damage_taken":0,"max_hp_gain":0,"max_hp_loss":0,"event_name":"The Mausoleum","floor":19,"gold_loss":0},{"damage_healed":0,"gold_gain":50,"player_choice":"Stole From Cult","damage_taken":0,"max_hp_gain":0,"max_hp_loss":0,"event_name":"Nest","floor":21,"gold_loss":0}],"is_beta":false,"boss_relics":[{"not_picked":["Black Star","Busted Crown"],"picked":"Philosopher\u0027s Stone"}],"items_purged_floors":[],"is_endless":false,"potions_floor_spawned":[3,4,12,13,16,20,22],"killed_by":"Slavers","ascension_level":20}}