{"host":"ft2xazkv7v30fddt","time":1608831829,"event":{"mods":["AchievementEnabler","Act Like it!","Aspiration","Astrologer","Bard","BaseMod","Better Altar","Better Match","Better Note","Better Sensory Stone","Better Skull","CapriCore","Chen","Colored Powertips","Conspire","Downfall","Elementarium","Energized Spire","GifTheSpireLib","Gremlin Mod","Hermit","Hubris","Infinite Spire","KinomotoSakuraMod(????)","Koishi","Marisa????????","Minty Spire (QoL Compilation)","Pale of the Ancients","Permanent Neow","Potionbrewer","Prisma Mod","Replay The Spire","Slumbering Mod","StSLib","Stuff the Spire","The Blackbeard","The Bladedancer","The Construct","The Cursed","The Forsaken","The Gatherer","The Hayseed","The Hierophant","The Immortal","The Judge","The Runesmith","The Servant 0.9.4","The Showman","The Valiant","The Vixen","TheArtist","TheBandit","TheSwordswoman","Wandering Minibosses","thorton","vexMod"],"gold_per_floor":[99,115,115,135,45,70,70,97,97,108,126,126,157,172,192,287,287,287,302,316,336,336,364,364,364,379,379,398,412,412,430,449,554,604,604,624,638,130,146,162,189,200,200,210,210,210,310,4,23,23,23,23],"floor_reached":50,"playtime":5832,"items_purged":["Regret","hexamod:Strike"],"score":482,"play_id":"5fdf8298-fdca-428e-b55e-f03e7cb186d5","local_time":"20201225014349","is_ascension_mode":false,"campfire_choices":[{"data":"hexamod:SearingWound","floor":1,"key":"SMITH"},{"data":"hexamod:Float","floor":9,"key":"SMITH"},{"floor":12,"key":"REST"},{"data":"hexamod:HeatMetal","floor":18,"key":"SMITH"},{"floor":27,"key":"REST"},{"floor":30,"key":"REST"},{"floor":35,"key":"DIG"}],"circlet_count":0,"master_deck":["hexamod:Strike+1","hexamod:Strike+1","hexamod:Strike+1","hexamod:Defend+1","hexamod:Defend+1","hexamod:Defend+1","hexamod:Defend+1","hexamod:Sear+1","hexamod:Float+1","hexamod:SearingWound+1","hexamod:ThermalTransfer+1","hexamod:SwordOfDarkness+1","hexamod:EmpoweringStance+1","hexamod:HeatMetal+1","hexamod:GhostflameBarrier+1","hexamod:DynamicBlow+1","hexamod:SoulSteal+1","hexamod:StepThrough+1","hexamod:SixthSeal","hexamod:ExtraCrispy+1","hexamod:Sear+1","StuffTheSpire:PlasmaPunch+1","hexamod:VolcanoVisage+1","hexamod:RetreatToShadows+1","hexamod:EtherealExpedition+1","Specialist+1","expansioncontent:QuickStudy","hexamod:TimeOfNeed"],"relics":["hexamod:SpiritBrand","Winged Necklace","Unceasing Top","Odd Mushroom","vexMod:InvisibilityCloak","vexMod:ImprovementManual","Gremlin Horn","infinitespire:Satchel","ReplayTheSpireMod:TigerMarble","Tiny House","Frozen Egg 2","Centennial Puzzle","Matryoshka","hubris:SlimyHat","Smiling Mask","Ring of Hypnosis","Ring of Fangs","downfall:GremlinWheel"],"acts_visited":["Exordium","TheCity","TheBeyond"],"potions_floor_usage":[16,23,33,36,38,39,40,47,50,50,50],"damage_taken":[{"damage":0,"enemies":"theSlumbering:NewCultist","floor":2,"turns":4},{"damage":2,"enemies":"conspire:RoseBush","floor":4,"turns":2},{"damage":2,"enemies":"downfall:FleeingMerchant","floor":5,"turns":4},{"damage":18,"enemies":"Gremlin Nob","floor":6,"turns":4},{"damage":8,"enemies":"The Mushroom Lair","floor":8,"turns":4},{"damage":0,"enemies":"2 Louse","floor":10,"turns":3},{"damage":2,"enemies":"Large Slime","floor":11,"turns":5},{"damage":12,"enemies":"Lagavulin","floor":13,"turns":5},{"damage":0,"enemies":"Lots of Slimes","floor":14,"turns":4},{"damage":0,"enemies":"Gremlin Gang","floor":15,"turns":3},{"damage":21,"enemies":"downfall:Watcher","floor":16,"turns":9},{"damage":8,"enemies":"Spheric Guardian","floor":19,"turns":4},{"damage":15,"enemies":"conspire:FuzzyDice","floor":20,"turns":7},{"damage":8,"enemies":"conspire:HollyBat","floor":21,"turns":6},{"damage":1,"enemies":"Replay:Snechameleon","floor":23,"turns":7},{"damage":35,"enemies":"3 Cultists","floor":26,"turns":6},{"damage":3,"enemies":"Shelled Parasite and Fungi","floor":28,"turns":5},{"damage":0,"enemies":"Snake Plant","floor":29,"turns":2},{"damage":0,"enemies":"3 Cultists","floor":31,"turns":4},{"damage":1,"enemies":"conspire:HollyBat","floor":32,"turns":4},{"damage":17,"enemies":"downfall:Defect","floor":33,"turns":9},{"damage":3,"enemies":"Orb Walker","floor":36,"turns":3},{"damage":14,"enemies":"3 Darklings","floor":37,"turns":4},{"damage":0,"enemies":"downfall:FleeingMerchant","floor":38,"turns":4},{"damage":13,"enemies":"Transient","floor":39,"turns":5},{"damage":3,"enemies":"Maw","floor":40,"turns":6},{"damage":3,"enemies":"4 Shapes","floor":42,"turns":7},{"damage":21,"enemies":"Transient","floor":44,"turns":5},{"damage":14,"enemies":"Transient","floor":47,"turns":4},{"damage":0,"enemies":"downfall:FleeingMerchant","floor":48,"turns":4},{"damage":15,"enemies":"Spire Growth","floor":49,"turns":6},{"damage":7,"enemies":"downfall:Ironclad","floor":50,"turns":6}],"seed_played":"1546165413719372425","potions_obtained":[{"floor":8,"key":"SteroidPotion"},{"floor":11,"key":"ColorlessPotion"},{"floor":14,"key":"ColorlessPotion"},{"floor":20,"key":"potionbrewer:FreezingPotion"},{"floor":28,"key":"BlessingOfTheForge"},{"floor":34,"key":"potionbrewer:InfectionPotion"},{"floor":36,"key":"champ:CounterPotion"},{"floor":39,"key":"potionbrewer:BlacksmithPotion"},{"floor":40,"key":"sneckomod:MuddlingPotion"},{"floor":44,"key":"Weak Potion"},{"floor":49,"key":"potionbrewer:DiscountPotion"}],"is_trial":false,"path_per_floor":["R","M","?","M","$","E","T","?","R","M","M","R","E","M","M","B",null,"R","M","M","M","AVR","E","T","?","M","R","M","M","R","M","M","B",null,"R","M","M","$","M","M","T","M","?","M","?","?","?","$","M","B"],"character_chosen":"THE_SPIRIT","items_purchased":["Centennial Puzzle","Matryoshka","Slimebound:ThreeZeroPotion","expansioncontent:QuickStudy"],"campfire_rested":3,"item_purchase_floors":[38,38,48,48],"current_hp_per_floor":[70,70,70,68,66,48,48,40,40,40,38,59,47,47,47,26,70,70,62,47,39,39,38,38,38,3,24,21,21,42,42,41,24,75,75,72,58,58,45,42,42,39,39,22,22,22,8,8,6,0,0,0],"gold":23,"neow_bonus":"ONE_RANDOM_RARE_CARD","is_daily":false,"chose_seed":false,"campfire_upgraded":3,"win_rate":0.0,"timestamp":1608831829,"path_taken":["R","M","?","M","$","E","T","?","R","M","M","R","E","M","M","BOSS","R","M","M","M","AVR","E","T","?","?","R","M","?","R","M","M","BOSS","R","M","M","$","M","M","T","M","?","M","?","?","?","$","M","BOSS"],"items_purchased_type":["Relic","Relic","Potion","Card"],"build_version":"2020-12-22","purchased_purges":2,"victory":false,"max_hp_per_floor":[70,70,70,70,70,70,70,70,70,70,70,70,70,70,70,70,70,70,70,70,70,70,70,70,70,70,70,70,70,70,70,70,70,75,75,75,75,75,75,75,75,75,75,75,75,75,75,75,75,75,75,75],"card_choices":[{"not_picked":["hexamod:GhostLash","hexamod:Firestarter"],"picked":"hexamod:ThermalTransfer","floor":2},{"not_picked":["hexamod:BacktrackSmack","hexamod:CatchUp"],"picked":"hexamod:SwordOfDarkness","floor":4},{"not_picked":["hexamod:FirstSeal","hexamod:AdvancingGuard"],"picked":"hexamod:EmpoweringStance","floor":5},{"not_picked":["hexamod:GhostLash","hexamod:NightmareGuise"],"picked":"hexamod:HeatMetal","floor":6},{"not_picked":["hexamod:GhostOfSpirePresent","hexamod:BacktrackSmack"],"picked":"hexamod:GhostflameBarrier","floor":8},{"not_picked":["hexamod:RainOfEmbers","hexamod:RetreatToShadows"],"picked":"hexamod:DynamicBlow","floor":10},{"not_picked":["hexamod:Hexaguard","hexamod:BacktrackSmack"],"picked":"hexamod:SoulSteal","floor":11},{"not_picked":["hexamod:NightmareStrike","hexamod:SecondSeal"],"picked":"hexamod:StepThrough","floor":13},{"not_picked":["hexamod:RainOfEmbers","hexamod:ShieldOfDarkness","hexamod:Rewind"],"picked":"SKIP","floor":14},{"not_picked":["hexamod:Hexaguard","hexamod:Firestarter","hexamod:NecessarySacrifice"],"picked":"SKIP","floor":15},{"not_picked":["hexamod:EmpoweringStance","hexamod:GhostflameInferno"],"picked":"hexamod:SixthSeal","floor":16},{"not_picked":["hexamod:EmpoweredFlame","hexamod:PhantomFireball"],"picked":"hexamod:ExtraCrispy+1","floor":19},{"not_picked":["hexamod:FastForward+1","hexamod:ThermalTransfer","hexamod:ShieldOfDarkness"],"picked":"SKIP","floor":20},{"not_picked":["hexamod:ShieldOfDarkness","hexamod:FourthSeal","hexamod:SkipABeat"],"picked":"SKIP","floor":21},{"not_picked":["hexamod:Hexaguard","hexamod:GhostShield+1","hexamod:HauntingEcho+1"],"picked":"SKIP","floor":23},{"not_picked":["hexamod:FastForward","hexamod:NightmareGuise","hexamod:SkipABeat+1"],"picked":"SKIP","floor":26},{"not_picked":["hexamod:ThermalTransfer","hexamod:HauntingEcho","hexamod:Firestarter"],"picked":"SKIP","floor":28},{"not_picked":["hexamod:SwordOfDarkness+1","hexamod:NightmareStrike","hexamod:RainOfEmbers"],"picked":"SKIP","floor":29},{"not_picked":["hexamod:NightmareGuise","hexamod:HeatMetal","hexamod:GhostOfSpirePast"],"picked":"SKIP","floor":31},{"not_picked":["hexamod:RainOfEmbers","hexamod:AdvancingGuard","hexamod:Firestarter+1"],"picked":"SKIP","floor":32},{"not_picked":["hexamod:ParanormalForm","hexamod:GhostflameInferno"],"picked":"hexamod:VolcanoVisage","floor":33},{"not_picked":["hexamod:SkipABeat+1","hexamod:CatchUp"],"picked":"hexamod:RetreatToShadows+1","floor":36},{"not_picked":["hexamod:SkipABeat+1","hexamod:ShieldOfDarkness","hexamod:HeatMetal"],"picked":"SKIP","floor":37},{"not_picked":["hexamod:FastForward+1","hexamod:SpectersWail","hexamod:Firestarter"],"picked":"SKIP","floor":38},{"not_picked":["hexamod:GhostOfSpireFuture+1","hexamod:ChargedBarrage"],"picked":"hexamod:EtherealExpedition+1","floor":39},{"not_picked":["hexamod:FastForward+1","hexamod:BurningTouch","hexamod:HeatCrush"],"picked":"SKIP","floor":40},{"not_picked":["hexamod:GhostflameBarrier+1","hexamod:SearingWound","hexamod:GhostShield"],"picked":"SKIP","floor":42},{"not_picked":["hexamod:SoulSteal+1","hexamod:StepThrough","hexamod:UnleashSpirits"],"picked":"SKIP","floor":44},{"not_picked":["ReplayTheSpireMod:Uncanny Aura","hubris:Insight"],"picked":"Specialist+1","floor":46},{"not_picked":["hexamod:GhostShield+1","hexamod:BurningTouch+1","hexamod:ThermalTransfer+1"],"picked":"SKIP","floor":48},{"not_picked":["hexamod:SwordOfDarkness+1","hexamod:CatchUp"],"picked":"hexamod:TimeOfNeed","floor":49}],"player_experience":1650315,"relics_obtained":[{"floor":6,"key":"Winged Necklace"},{"floor":7,"key":"Unceasing Top"},{"floor":8,"key":"Odd Mushroom"},{"floor":13,"key":"vexMod:InvisibilityCloak"},{"floor":23,"key":"infinitespire:Satchel"},{"floor":24,"key":"ReplayTheSpireMod:TigerMarble"},{"floor":35,"key":"Frozen Egg 2"},{"floor":41,"key":"hubris:SlimyHat"},{"floor":41,"key":"Smiling Mask"},{"floor":43,"key":"Ring of Hypnosis"},{"floor":43,"key":"Ring of Fangs"},{"floor":47,"key":"downfall:GremlinWheel"}],"event_choices":[{"damage_healed":0,"gold_gain":0,"player_choice":"Fought Mushrooms","damage_taken":0,"max_hp_gain":0,"max_hp_loss":0,"event_name":"Mushrooms","floor":8,"gold_loss":0},{"damage_healed":0,"gold_gain":3,"player_choice":"1","damage_taken":0,"max_hp_gain":0,"max_hp_loss":0,"event_name":"betterStone:BetterStone","floor":46,"gold_loss":0}],"is_beta":false,"boss_relics":[{"not_picked":["Black Star","conspire:RoyalGoblet"],"picked":"vexMod:ImprovementManual"},{"not_picked":["Snecko Eye","energizedSpire:SpiderWeb"],"picked":"Tiny House"}],"items_purged_floors":[5,38],"is_endless":false,"potions_floor_spawned":[8,11,14,15,20,28,29,31,32,36,39,40,44,49],"killed_by":"downfall:Ironclad","ascension_level":0}}