{"host":"agbyy69nq62afhwx","time":1608815567,"event":{"mods":["BaseMod","Colored Map","Highlight Path","Keyboard Shortcuts","Minty Spire (QoL Compilation)","Quick Restart","StSLib","SuperFastMode","everything is the same but u backflip on backflip"],"gold_per_floor":[113,124,49,49,49,49,124,140,167,167,177,192,218,229,229,334,334,354,269,169,169,169,169,203,203,203,213,88,88,88,104,104,200,200,213,263,263,263,66,99,99,129,129,129,129,141,60,88,88,88],"floor_reached":51,"playtime":1561,"items_purged":["Strike_G","Strike_G","Writhe"],"score":1045,"play_id":"b609ec5c-fa88-4b17-8b08-ca92529219cd","local_time":"20201224221247","is_ascension_mode":true,"campfire_choices":[{"data":"Calculated Gamble","floor":6.0,"key":"SMITH"},{"data":"Skewer","floor":10.0,"key":"SMITH"},{"data":"Neutralize","floor":15.0,"key":"SMITH"},{"data":"Doppelganger","floor":23.0,"key":"SMITH"},{"floor":25.0,"key":"REST"},{"data":"Well Laid Plans","floor":29.0,"key":"SMITH"},{"data":"Acrobatics","floor":32.0,"key":"SMITH"},{"data":"Backflip","floor":41.0,"key":"SMITH"},{"data":"Master of Strategy","floor":44.0,"key":"SMITH"},{"floor":49,"key":"REST"}],"circlet_count":0,"master_deck":["Strike_G","Strike_G","Strike_G","Defend_G","Defend_G","Defend_G","Defend_G","Defend_G","Survivor","Neutralize+1","Calculated Gamble+1","Backflip+1","Skewer+1","Underhanded Strike","Well Laid Plans+1","Acrobatics+1","Doppelganger+1","Outmaneuver+1","Footwork+1","Distraction+1","Dash+1","Phantasmal Killer","Master of Strategy+1","Concentrate+1","Doppelganger+1"],"relics":["Ring of the Snake","Ice Cream","Mercury Hourglass","Bag of Marbles","Vajra","Snecko Eye","Sundial","Incense Burner","Anchor","HornCleat","HoveringKite","Pocketwatch","Orichalcum","Toxic Egg 2","Lantern","Strawberry"],"acts_visited":["Exordium","TheCity","TheBeyond"],"potions_floor_usage":[50,50],"damage_taken":[{"damage":4.0,"enemies":"Small Slimes","floor":1.0,"turns":4.0},{"damage":3.0,"enemies":"2 Louse","floor":2.0,"turns":3.0},{"damage":0.0,"enemies":"Jaw Worm","floor":8.0,"turns":4.0},{"damage":2.0,"enemies":"Exordium Wildlife","floor":11.0,"turns":5.0},{"damage":2.0,"enemies":"3 Louse","floor":12.0,"turns":3.0},{"damage":0.0,"enemies":"Looter","floor":14.0,"turns":3.0},{"damage":5.0,"enemies":"The Guardian","floor":16.0,"turns":9.0},{"damage":7.0,"enemies":"Chosen","floor":18.0,"turns":3.0},{"damage":27.0,"enemies":"Gremlin Leader","floor":24.0,"turns":6.0},{"damage":0.0,"enemies":"3 Byrds","floor":27.0,"turns":5.0},{"damage":0.0,"enemies":"Shelled Parasite and Fungi","floor":31.0,"turns":4.0},{"damage":8.0,"enemies":"Collector","floor":33.0,"turns":5.0},{"damage":5.0,"enemies":"3 Darklings","floor":35.0,"turns":6.0},{"damage":0.0,"enemies":"Mind Bloom Boss Battle","floor":36.0,"turns":4.0},{"damage":5.0,"enemies":"Giant Head","floor":40.0,"turns":5.0},{"damage":0.0,"enemies":"Reptomancer","floor":42.0,"turns":3.0},{"damage":0.0,"enemies":"Orb Walker","floor":46.0,"turns":3.0},{"damage":0,"enemies":"Nemesis","floor":48,"turns":3},{"damage":36,"enemies":"Donu and Deca","floor":50,"turns":7}],"seed_played":"-2820214977569514179","potions_obtained":[{"floor":1.0,"key":"Dexterity Potion"},{"floor":16.0,"key":"PowerPotion"},{"floor":18.0,"key":"SteroidPotion"},{"floor":24.0,"key":"DuplicationPotion"},{"floor":35.0,"key":"SneckoOil"}],"is_trial":false,"path_per_floor":["M","M","$","?","?","R","?","M","T","R","M","M","T","M","R","B",null,"M","?","$","?","?","R","E","R","T","M","$","R","$","M","R","B",null,"M","?","$","?","$","E","R","E","T","R","$","M","$","E","R","B",null],"character_chosen":"THE_SILENT","items_purchased":["Master of Strategy","Doppelganger+1"],"campfire_rested":2,"item_purchase_floors":[39,47],"current_hp_per_floor":[59,56,56,49,54,54,43,43,43,43,41,39,39,39,39,34,60,53,53,53,53,53,53,26,46,46,46,46,46,46,46,46,38,61,56,56,56,56,56,51,51,51,51,51,51,51,51,58,75,39],"gold":88,"neow_bonus":"ONE_RARE_RELIC","is_daily":false,"chose_seed":false,"campfire_upgraded":8,"win_rate":0.0,"timestamp":1608815567,"path_taken":["M","M","$","?","?","R","?","?","T","R","M","M","?","M","R","BOSS","M","?","$","?","?","R","E","R","T","?","$","R","$","?","R","BOSS","M","?","$","?","$","E","R","E","T","R","$","M","?","E","R","BOSS"],"items_purchased_type":["Card","Card"],"build_version":"2020-12-22","purchased_purges":3,"victory":true,"max_hp_per_floor":[63,63,63,63,68,68,68,68,68,68,68,68,68,68,68,68,68,68,68,68,68,68,68,68,68,68,68,68,68,68,68,68,68,68,68,68,68,68,68,68,68,68,68,68,68,68,68,75,75,75],"card_choices":[{"not_picked":["Flechettes","Catalyst"],"picked":"Calculated Gamble","floor":1.0},{"not_picked":["Outmaneuver","Prepared"],"picked":"Backflip","floor":2.0},{"not_picked":["Choke","Blur"],"picked":"Skewer","floor":8.0},{"not_picked":["Dodge and Roll","Poisoned Stab"],"picked":"Underhanded Strike","floor":11.0},{"not_picked":["Backstab","Leg Sweep"],"picked":"Well Laid Plans","floor":12.0},{"not_picked":["Dodge and Roll","Deflect"],"picked":"Acrobatics","floor":14.0},{"not_picked":["Bullet Time","Tools of the Trade"],"picked":"Doppelganger","floor":16.0},{"not_picked":["Crippling Poison","Dodge and Roll"],"picked":"Outmaneuver+1","floor":18.0},{"not_picked":["Backflip","Deadly Poison"],"picked":"Distraction+1","floor":24.0},{"not_picked":["Backstab","Dagger Spray+1","Slice"],"picked":"SKIP","floor":27.0},{"not_picked":["Crippling Poison","Cloak And Dagger"],"picked":"Dash+1","floor":31.0},{"not_picked":["Storm of Steel","A Thousand Cuts"],"picked":"Phantasmal Killer","floor":33.0},{"not_picked":["Slice","Flechettes+1","Endless Agony+1"],"picked":"SKIP","floor":35.0},{"not_picked":["Outmaneuver","Escape Plan","After Image"],"picked":"SKIP","floor":40.0},{"not_picked":["Flying Knee","Dodge and Roll+1","Predator"],"picked":"SKIP","floor":42.0},{"not_picked":["Terror+1","Infinite Blades+1"],"picked":"Concentrate+1","floor":46.0},{"not_picked":["Night Terror+1","Poisoned Stab+1","Dagger Throw"],"picked":"SKIP","floor":48}],"player_experience":358516,"relics_obtained":[{"floor":9.0,"key":"Bag of Marbles"},{"floor":13.0,"key":"Vajra"},{"floor":24.0,"key":"Anchor"},{"floor":26.0,"key":"HornCleat"},{"floor":36.0,"key":"Pocketwatch"},{"floor":40.0,"key":"Orichalcum"},{"floor":42.0,"key":"Toxic Egg 2"},{"floor":43.0,"key":"Lantern"},{"floor":48,"key":"Strawberry"}],"event_choices":[{"damage_healed":0.0,"max_hp_gain":0.0,"max_hp_loss":0.0,"gold_gain":0.0,"event_name":"Scrap Ooze","player_choice":"Success","floor":4.0,"gold_loss":0.0,"damage_taken":7.0,"relics_obtained":["Mercury Hourglass"]},{"damage_healed":0.0,"max_hp_gain":5.0,"max_hp_loss":0.0,"gold_gain":0.0,"event_name":"Big Fish","player_choice":"Donut","floor":5.0,"gold_loss":0.0,"damage_taken":0.0},{"damage_healed":0.0,"max_hp_gain":0.0,"max_hp_loss":0.0,"gold_gain":75.0,"event_name":"World of Goop","player_choice":"Gather Gold","floor":7.0,"gold_loss":0.0,"damage_taken":11.0},{"damage_healed":0.0,"max_hp_gain":0.0,"max_hp_loss":0.0,"gold_gain":0.0,"event_name":"Addict","player_choice":"Obtained Relic","floor":19.0,"gold_loss":85.0,"damage_taken":0.0,"relics_obtained":["Sundial"]},{"damage_healed":0.0,"max_hp_gain":0.0,"max_hp_loss":0.0,"gold_gain":0.0,"event_name":"The Library","player_choice":"Read","floor":21.0,"gold_loss":0.0,"damage_taken":0.0,"cards_obtained":["Footwork"]},{"damage_healed":0.0,"max_hp_gain":0.0,"max_hp_loss":0.0,"gold_gain":0.0,"event_name":"The Mausoleum","player_choice":"Opened","floor":22.0,"gold_loss":0.0,"damage_taken":0.0,"relics_obtained":["Incense Burner"],"cards_obtained":["Writhe"]},{"damage_healed":0.0,"max_hp_gain":0.0,"max_hp_loss":0.0,"gold_gain":0.0,"event_name":"MindBloom","player_choice":"Fight","floor":36.0,"gold_loss":0.0,"damage_taken":0.0},{"damage_healed":0.0,"max_hp_gain":0.0,"max_hp_loss":0.0,"gold_gain":0.0,"event_name":"Accursed Blacksmith","player_choice":"Forge","floor":38.0,"gold_loss":0.0,"damage_taken":0.0,"cards_upgraded":["Footwork"]}],"is_beta":false,"boss_relics":[{"not_picked":["Busted Crown","Velvet Choker"],"picked":"Snecko Eye"},{"not_picked":["Empty Cage","Ring of the Serpent"],"picked":"HoveringKite"}],"items_purged_floors":[3,20,28],"is_endless":false,"potions_floor_spawned":[1,16,18,24,31,35,46],"ascension_level":7}}