{"host":"npubv26u89aif4fa","time":1608789976,"event":{"mods":["Astrologer","BaseMod","Better Vampires","Better-Laid Plans","Colored Powertips","GifTheSpireLib","GungeonMod","HornydragonMod","Hubris","Jedi Mod","KinomotoSakuraMod(木之本樱)","Minty Spire (QoL Compilation)","Quick Restart","Remilia（蕾米莉亚）","Replay The Spire","StSLib","Td1madao Mod","The Administrix","The Alterego","The Bug Knight","The Cursed","The Mystic","The Runesmith","TheWitcher","Yuri Mod","Yuyuko"],"gold_per_floor":[114,134,153,6,6,31,41,41,41],"floor_reached":8,"playtime":768,"items_purged":[],"score":58,"play_id":"553db4e6-d028-4f35-b25d-eba72f9bf175","local_time":"20201224140616","is_ascension_mode":false,"campfire_choices":[],"circlet_count":0,"master_deck":["ClowCardTheSword","ClowCardTheSword","ClowCardTheSword","ClowCardTheSword","ClowCardTheShield","ClowCardTheShield","ClowCardTheShield","ClowCardTheShield","SpellCardSeal","SpellCardRelease","ClowCardTheSweet+1","ClowCardTheWindy+1","ClowCardTheErase","ClowCardTheDash"],"relics":["KSMOD_SealedBook","KSMOD_SealedWand","NeowsBlessing","Guide Book","hubris:SphereOfDissonance","Gremlin Food"],"acts_visited":["Exordium"],"potions_floor_usage":[6,8],"damage_taken":[{"damage":0,"enemies":"Cultist","floor":1,"turns":1},{"damage":0,"enemies":"Jaw Worm","floor":2,"turns":1},{"damage":0,"enemies":"Small Slimes","floor":3,"turns":3},{"damage":25,"enemies":"Gremlin Nob","floor":6,"turns":4},{"damage":21,"enemies":"Exordium Thugs","floor":7,"turns":4},{"damage":22,"enemies":"Lagavulin","floor":8,"turns":3}],"seed_played":"-2112611289361895350","potions_obtained":[{"floor":2,"key":"SkillPotion"},{"floor":6,"key":"Strength Potion"},{"floor":7,"key":"SneckoOil"}],"is_trial":false,"path_per_floor":["M","M","M","$","?","E","M","E"],"character_chosen":"KINOMOTOSAKURA","items_purchased":["Guide Book"],"campfire_rested":0,"item_purchase_floors":[4],"current_hp_per_floor":[70,70,70,70,52,32,16,0,0],"gold":41,"neow_bonus":"THREE_ENEMY_KILL","is_daily":false,"chose_seed":false,"campfire_upgraded":0,"win_rate":0.0,"timestamp":1608789976,"path_taken":["M","?","M","?","?","E","?","E"],"items_purchased_type":["Relic"],"build_version":"2020-12-22","purchased_purges":0,"victory":false,"max_hp_per_floor":[70,70,70,70,70,70,70,70,70],"card_choices":[{"not_picked":["ClowCardTheMaze","ClowCardTheMove"],"picked":"ClowCardTheSweet","floor":1},{"not_picked":["ClowCardTheMirror","ClowCardTheBig"],"picked":"ClowCardTheWindy","floor":2},{"not_picked":["ClowCardTheCloud","ClowCardTheLock"],"picked":"ClowCardTheErase","floor":3},{"not_picked":["ClowCardTheDream","ClowCardTheMaze"],"picked":"ClowCardTheDash","floor":6},{"not_picked":["ClowCardTheMaze","ClowCardTheWood","ClowCardTheShot"],"picked":"SKIP","floor":7}],"player_experience":147413,"relics_obtained":[{"floor":6,"key":"Gremlin Food"}],"event_choices":[{"damage_healed":0,"gold_gain":0,"player_choice":"Success","damage_taken":18,"relics_obtained":["hubris:SphereOfDissonance"],"max_hp_gain":0,"max_hp_loss":0,"event_name":"Scrap Ooze","floor":5,"gold_loss":0}],"is_beta":false,"boss_relics":[],"items_purged_floors":[],"is_endless":false,"potions_floor_spawned":[2,6,7],"killed_by":"Lagavulin","ascension_level":0}}