{"host":"vpnygm79y7yi43ig","time":1608775127,"event":{"mods":["BaseMod","Bestiary","Minty Spire (QoL Compilation)"],"gold_per_floor":[117,132,147,163,178,205,205,224,224,299,299,110,110,124,124,250,250,264,363,363,382,396,429,444,475,501,501,512,256,256,273,273,378,378,393,197,216,233,0,0,33,33,33,33,33,66,76,76,76,76,76],"floor_reached":50,"playtime":3047,"items_purged":["Strike_P","Defend_P"],"score":569,"play_id":"f6d7418c-ac68-4ed8-81fd-fff4e377e386","local_time":"20201223175847","is_ascension_mode":false,"campfire_choices":[{"data":"LessonLearned","floor":7.0,"key":"SMITH"},{"data":"Vault","floor":15.0,"key":"SMITH"},{"data":"MentalFortress","floor":32.0,"key":"SMITH"},{"data":"Adaptation","floor":40.0,"key":"SMITH"},{"data":"Judgement","floor":44,"key":"SMITH"},{"data":"FlyingSleeves","floor":49,"key":"SMITH"}],"circlet_count":0,"master_deck":["Strike_P+1","Strike_P","Defend_P+1","Defend_P+1","Defend_P+1","Eruption+1","Vigilance","LessonLearned+1","FlurryOfBlows","FearNoEvil+1","Vengeance+1","Adaptation+1","EmptyBody+1","EmptyBody+1","MentalFortress+1","Wallop+1","Vault+1","EmptyFist","Scrawl+1","FollowUp","EmptyFist","FlurryOfBlows","Judgement+1","SashWhip+1","FlyingSleeves+1","FlurryOfBlows"],"relics":["PureWater","Meat on the Bone","Vajra","Bloody Idol","SlaversCollar","Art of War","War Paint","Pen Nib","OrangePellets","Cursed Key","Anchor","Red Mask","The Courier","Bronze Scales","Question Card"],"acts_visited":["Exordium","TheCity","TheBeyond"],"potions_floor_usage":[46],"damage_taken":[{"damage":0.0,"enemies":"Jaw Worm","floor":1.0,"turns":3.0},{"damage":7.0,"enemies":"2 Louse","floor":2.0,"turns":3.0},{"damage":0.0,"enemies":"Small Slimes","floor":3.0,"turns":3.0},{"damage":4.0,"enemies":"Looter","floor":4.0,"turns":2.0},{"damage":12.0,"enemies":"Blue Slaver","floor":5.0,"turns":3.0},{"damage":4.0,"enemies":"3 Sentries","floor":6.0,"turns":7.0},{"damage":0.0,"enemies":"Large Slime","floor":8.0,"turns":2.0},{"damage":0.0,"enemies":"2 Fungi Beasts","floor":14.0,"turns":4.0},{"damage":6.0,"enemies":"Slime Boss","floor":16.0,"turns":7.0},{"damage":10.0,"enemies":"Shell Parasite","floor":18.0,"turns":4.0},{"damage":0.0,"enemies":"Spheric Guardian","floor":21.0,"turns":4.0},{"damage":17.0,"enemies":"3 Cultists","floor":22.0,"turns":7.0},{"damage":9.0,"enemies":"Book of Stabbing","floor":23.0,"turns":5.0},{"damage":0.0,"enemies":"Cultist and Chosen","floor":24.0,"turns":5.0},{"damage":11.0,"enemies":"Gremlin Leader","floor":25.0,"turns":6.0},{"damage":18.0,"enemies":"Shelled Parasite and Fungi","floor":28.0,"turns":4.0},{"damage":0.0,"enemies":"Snake Plant","floor":31.0,"turns":3.0},{"damage":9.0,"enemies":"Collector","floor":33.0,"turns":5.0},{"damage":0.0,"enemies":"3 Darklings","floor":35.0,"turns":4.0},{"damage":0.0,"enemies":"Orb Walker","floor":37.0,"turns":1.0},{"damage":11.0,"enemies":"Transient","floor":38.0,"turns":6.0},{"damage":52.0,"enemies":"Nemesis","floor":41.0,"turns":8.0},{"damage":0,"enemies":"Giant Head","floor":46,"turns":7},{"damage":0,"enemies":"Jaw Worm Horde","floor":47,"turns":3},{"damage":58,"enemies":"Time Eater","floor":50,"turns":6}],"seed_played":"5615878245685104873","potions_obtained":[{"floor":1.0,"key":"DuplicationPotion"},{"floor":5.0,"key":"BottledMiracle"},{"floor":6.0,"key":"SteroidPotion"},{"floor":8.0,"key":"Strength Potion"},{"floor":31.0,"key":"Strength Potion"},{"floor":33.0,"key":"SteroidPotion"},{"floor":41.0,"key":"ColorlessPotion"},{"floor":46,"key":"ColorlessPotion"}],"is_trial":false,"path_per_floor":["M","M","M","M","M","E","R","M","T","?","?","$","?","M","R","B",null,"M","?","?","M","M","E","M","E","T","?","M","$","$","M","R","B",null,"M","$","M","M","?","R","E","?","T","R","?","E","M","?","R","B"],"character_chosen":"WATCHER","items_purchased":["MentalFortress","Wallop","OrangePellets","Anchor","FlyingSleeves"],"campfire_rested":0,"item_purchase_floors":[12,12,29,36,36],"current_hp_per_floor":[51,44,44,40,28,24,24,36,36,25,25,25,25,37,37,43,67,57,57,57,57,40,43,43,44,44,44,43,43,43,48,48,44,67,67,67,67,61,61,61,26,26,26,26,26,43,48,48,48,0,0],"gold":76,"neow_bonus":"THREE_RARE_CARDS","is_daily":false,"chose_seed":false,"campfire_upgraded":6,"win_rate":0.0,"timestamp":1608775127,"path_taken":["M","M","M","M","M","E","R","M","T","?","?","$","?","M","R","BOSS","M","?","?","M","M","E","M","E","T","?","M","?","$","M","R","BOSS","M","$","M","M","?","R","E","?","T","R","?","E","M","?","R","BOSS"],"items_purchased_type":["Card","Card","Relic","Relic","Card"],"build_version":"2020-12-22","purchased_purges":2,"victory":false,"max_hp_per_floor":[72,72,72,72,72,72,72,72,72,72,67,67,67,67,67,67,67,67,67,67,67,67,67,67,67,67,67,67,67,67,67,67,67,67,67,67,67,67,67,67,67,67,67,67,64,64,64,64,64,64,64],"card_choices":[{"not_picked":["Vault","Devotion"],"picked":"LessonLearned","floor":0.0},{"not_picked":["MentalFortress","Prostrate"],"picked":"FlurryOfBlows","floor":1.0},{"not_picked":["Evaluate","Consecrate"],"picked":"FearNoEvil","floor":2.0},{"not_picked":["SashWhip","SignatureMove"],"picked":"Vengeance","floor":3.0},{"not_picked":["FearNoEvil","Crescendo"],"picked":"Adaptation","floor":4.0},{"not_picked":["SashWhip","Halt"],"picked":"EmptyBody","floor":5.0},{"not_picked":["Scrawl","Consecrate"],"picked":"EmptyBody","floor":6.0},{"not_picked":["BowlingBash","Sanctity","WindmillStrike"],"picked":"SKIP","floor":8.0},{"not_picked":["FollowUp","Weave"],"picked":"EmptyFist","floor":14.0},{"not_picked":["Devotion","Vault"],"picked":"Scrawl","floor":16.0},{"not_picked":["Wallop","ThirdEye"],"picked":"FollowUp","floor":18.0},{"not_picked":["Halt+1","Vengeance"],"picked":"EmptyFist","floor":21.0},{"not_picked":["EmptyFist+1","FearNoEvil","WreathOfFlame+1"],"picked":"SKIP","floor":22.0},{"not_picked":["ClearTheMind+1","MentalFortress+1","WaveOfTheHand"],"picked":"SKIP","floor":23.0},{"not_picked":["Prostrate","FearNoEvil","CrushJoints+1"],"picked":"SKIP","floor":24.0},{"not_picked":["Nirvana","PathToVictory+1","DeusExMachina"],"picked":"SKIP","floor":25.0},{"not_picked":["Consecrate","PathToVictory","JustLucky"],"picked":"SKIP","floor":28.0},{"not_picked":["SignatureMove+1","DeceiveReality"],"picked":"FlurryOfBlows","floor":31.0},{"not_picked":["LessonLearned","MasterReality"],"picked":"Judgement","floor":33.0},{"not_picked":["SandsOfTime","EmptyFist"],"picked":"SashWhip+1","floor":35.0},{"not_picked":["Protect+1","Study+1","LikeWater+1"],"picked":"SKIP","floor":37.0},{"not_picked":["Crescendo","Perseverance","ClearTheMind"],"picked":"SKIP","floor":38.0},{"not_picked":["Study+1","Blasphemy","Collect+1"],"picked":"SKIP","floor":41.0},{"not_picked":["Prostrate","Worship+1","FollowUp"],"picked":"SKIP","floor":46},{"not_picked":["JustLucky+1","Crescendo"],"picked":"FlurryOfBlows","floor":47}],"player_experience":191599,"relics_obtained":[{"floor":6.0,"key":"Meat on the Bone"},{"floor":9.0,"key":"Vajra"},{"floor":23.0,"key":"Art of War"},{"floor":25.0,"key":"War Paint"},{"floor":26.0,"key":"Pen Nib"},{"floor":41.0,"key":"The Courier"},{"floor":46,"key":"Bronze Scales"}],"event_choices":[{"damage_healed":0.0,"max_hp_gain":0.0,"max_hp_loss":0.0,"gold_gain":75.0,"event_name":"World of Goop","player_choice":"Gather Gold","floor":10.0,"gold_loss":0.0,"damage_taken":11.0},{"damage_healed":0.0,"max_hp_gain":0.0,"max_hp_loss":5.0,"gold_gain":0.0,"event_name":"Golden Idol","player_choice":"Lose Max HP","floor":11.0,"gold_loss":0.0,"damage_taken":0.0,"relics_obtained":["Golden Idol"]},{"damage_healed":0.0,"max_hp_gain":0.0,"max_hp_loss":0.0,"gold_gain":0.0,"cards_transformed":["Strike_P"],"event_name":"Living Wall","player_choice":"Change","floor":13.0,"gold_loss":0.0,"damage_taken":0.0,"cards_obtained":["Vault"]},{"damage_healed":0.0,"max_hp_gain":0.0,"max_hp_loss":0.0,"gold_gain":99.0,"event_name":"Nest","player_choice":"Stole From Cult","floor":19.0,"gold_loss":0.0,"damage_taken":0.0},{"damage_healed":0.0,"max_hp_gain":0.0,"max_hp_loss":0.0,"gold_gain":0.0,"event_name":"The Mausoleum","player_choice":"Ignored","floor":20.0,"gold_loss":0.0,"damage_taken":0.0},{"damage_healed":0.0,"max_hp_gain":0.0,"max_hp_loss":0.0,"gold_gain":0.0,"event_name":"Forgotten Altar","player_choice":"Gave Idol","floor":27.0,"relics_lost":["Golden Idol"],"gold_loss":0.0,"damage_taken":0.0,"relics_obtained":["Bloody Idol"]},{"damage_healed":0.0,"max_hp_gain":0.0,"max_hp_loss":0.0,"gold_gain":0.0,"event_name":"Tomb of Lord Red Mask","player_choice":"Paid","floor":39.0,"gold_loss":233.0,"damage_taken":0.0,"relics_obtained":["Red Mask"]},{"damage_healed":0.0,"max_hp_gain":0.0,"max_hp_loss":0.0,"gold_gain":0.0,"event_name":"Mysterious Sphere","player_choice":"Ignored","floor":42.0,"gold_loss":0.0,"damage_taken":0.0},{"damage_healed":0,"gold_gain":0,"player_choice":"Max HP","damage_taken":0,"max_hp_gain":0,"max_hp_loss":3,"event_name":"Winding Halls","floor":45,"gold_loss":0},{"damage_healed":0,"gold_gain":0,"player_choice":"Gave Potion","damage_taken":0,"relics_obtained":["Question Card"],"max_hp_gain":0,"max_hp_loss":0,"event_name":"WeMeetAgain","floor":48,"gold_loss":0}],"is_beta":false,"boss_relics":[{"not_picked":["Tiny House","Astrolabe"],"picked":"SlaversCollar"},{"not_picked":["Empty Cage","Philosopher\u0027s Stone"],"picked":"Cursed Key"}],"items_purged_floors":[12,29],"is_endless":false,"potions_floor_spawned":[1,5,6,8,18,23,31,33,41,46],"killed_by":"Time Eater","ascension_level":0}}