{"host":"cjhtzh7tp54jdfyv","time":1608770783,"event":{"mods":["AchievementEnabler","BaseMod","Colored Map","Colored Powertips","Curses Come First","DeckTracker","Filter the Spire","Minty Spire (QoL Compilation)","RNG Fix","Relic Sorter","Relic Stats","StSLib","Waifu the Spire","ojb\u0027s Better Paths Mod","ojb\u0027s Info Mod"],"gold_per_floor":[114,114,114,133,145,180,180,212,212,227,260,260,285,8,8,84,84,94,94,9,26,44,44,79,93,93,118,118,144,164,207,207,288,288,306,306,590,609,368,379,379,413,413,413,108,128,141,175,175,175,175,175,175,11,36,36],"floor_reached":57,"playtime":7524,"items_purged":["Regret","Strike_G"],"score":3350,"play_id":"9bd87b2d-ae44-4e1a-b383-f4698f345f20","local_time":"20201223194623","is_ascension_mode":true,"campfire_choices":[{"floor":7.0,"key":"REST"},{"floor":12.0,"key":"REST"},{"floor":15.0,"key":"RECALL"},{"floor":23.0,"key":"REST"},{"floor":28.0,"key":"REST"},{"floor":32.0,"key":"REST"},{"floor":44.0,"key":"REST"},{"floor":49.0,"key":"REST"},{"floor":53,"key":"REST"}],"circlet_count":0,"master_deck":["AscendersBane","Strike_G","Strike_G","Strike_G","Strike_G","Defend_G","Defend_G+1","Defend_G","Defend_G","Defend_G","Survivor","Neutralize+1","Dagger Throw","Skewer","Night Terror","Venomology","Backflip","Catalyst","Blur","Night Terror","Acrobatics","Ghostly","Ghostly","Ghostly","Crippling Poison+1","Concentrate","Reflex","Well Laid Plans+1","Doppelganger","Night Terror","Acrobatics","Calculated Gamble","Noxious Fumes","Ghostly"],"relics":["Fusion Hammer","Vajra","Orichalcum","Bronze Scales","Ice Cream","Meat on the Bone","HornCleat","SlaversCollar","Oddly Smooth Stone","Boot","Mummified Hand","CeramicFish","HoveringKite","Chemical X","FossilizedHelix","Frozen Eye","Kunai","DollysMirror","Turnip"],"acts_visited":["Exordium","TheCity","TheBeyond","TheEnding"],"potions_floor_usage":[50,50,50,50,51,51,51,51,51,51,51,51,51,51,51,51,51,51,51,51,51,51,51,51,51,51,51,51,51,55,55,55,55,55,55,55,55,55,55,55,55,55,56,56,56],"damage_taken":[{"damage":2.0,"enemies":"Jaw Worm","floor":1.0,"turns":6.0},{"damage":2.0,"enemies":"Small Slimes","floor":4.0,"turns":5.0},{"damage":1.0,"enemies":"2 Louse","floor":5.0,"turns":2.0},{"damage":9.0,"enemies":"3 Sentries","floor":6.0,"turns":9.0},{"damage":33.0,"enemies":"Lagavulin","floor":8.0,"turns":7.0},{"damage":1.0,"enemies":"Looter","floor":10.0,"turns":2.0},{"damage":8.0,"enemies":"Gremlin Nob","floor":11.0,"turns":4.0},{"damage":0.0,"enemies":"Lagavulin","floor":13.0,"turns":4.0},{"damage":19.0,"enemies":"Hexaghost","floor":16.0,"turns":9.0},{"damage":4.0,"enemies":"Spheric Guardian","floor":18.0,"turns":5.0},{"damage":0.0,"enemies":"Shell Parasite","floor":21.0,"turns":8.0},{"damage":0.0,"enemies":"3 Cultists","floor":22.0,"turns":7.0},{"damage":0.0,"enemies":"Slavers","floor":24.0,"turns":5.0},{"damage":0.0,"enemies":"Chosen and Byrds","floor":25.0,"turns":5.0},{"damage":0.0,"enemies":"Gremlin Leader","floor":27.0,"turns":8.0},{"damage":0.0,"enemies":"Centurion and Healer","floor":29.0,"turns":9.0},{"damage":0.0,"enemies":"Snecko","floor":30.0,"turns":9.0},{"damage":0.0,"enemies":"Book of Stabbing","floor":31.0,"turns":8.0},{"damage":0.0,"enemies":"Champ","floor":33.0,"turns":6.0},{"damage":0.0,"enemies":"3 Shapes","floor":35.0,"turns":8.0},{"damage":4.0,"enemies":"3 Darklings","floor":38.0,"turns":16.0},{"damage":0.0,"enemies":"Spire Growth","floor":40.0,"turns":8.0},{"damage":0.0,"enemies":"Reptomancer","floor":42.0,"turns":6.0},{"damage":0.0,"enemies":"Sphere and 2 Shapes","floor":46.0,"turns":7.0},{"damage":0.0,"enemies":"4 Shapes","floor":47.0,"turns":7.0},{"damage":0.0,"enemies":"Giant Head","floor":48.0,"turns":12.0},{"damage":22,"enemies":"Time Eater","floor":50,"turns":17},{"damage":0,"enemies":"Donu and Deca","floor":51,"turns":22},{"damage":0,"enemies":"Shield and Spear","floor":55,"turns":23},{"damage":15,"enemies":"The Heart","floor":56,"turns":11}],"seed_played":"2320355939525513761","potions_obtained":[{"floor":4.0,"key":"SteroidPotion"},{"floor":6.0,"key":"Block Potion"},{"floor":11.0,"key":"Swift Potion"},{"floor":33.0,"key":"Swift Potion"},{"floor":48.0,"key":"BlessingOfTheForge"}],"is_trial":false,"path_per_floor":["M","?","?","M","M","E","R","E","T","M","E","R","E","$","R","B",null,"M","?","?","M","M","R","E","M","T","E","R","M","M","E","R","B",null,"M","?","?","M","$","M","?","E","T","R","$","M","M","E","R","B","B",null,"R","$","E","B",null],"character_chosen":"THE_SILENT","items_purchased":["HornCleat","Chemical X","Frozen Eye","Calculated Gamble","DollysMirror"],"campfire_rested":8,"item_purchase_floors":[14,39,45,45,54],"current_hp_per_floor":[57,62,41,39,38,29,50,17,17,16,8,29,29,29,29,22,59,55,35,35,35,35,35,35,35,35,35,35,35,35,35,35,35,35,35,35,35,31,31,31,31,31,31,33,33,33,33,33,33,23,33,33,33,33,33,18],"gold":36,"neow_bonus":"BOSS_RELIC","is_daily":false,"chose_seed":false,"campfire_upgraded":0,"win_rate":0.0,"timestamp":1608770783,"path_taken":["M","?","?","M","M","E","R","E","T","M","E","R","E","$","R","BOSS","M","?","?","M","M","R","E","M","T","E","R","M","?","E","R","BOSS","M","?","?","M","$","M","?","E","T","R","$","M","?","E","R","BOSS","BOSS","R","$","E","BOSS"],"items_purchased_type":["Relic","Relic","Relic","Card","Relic"],"build_version":"2020-12-22","purchased_purges":2,"victory":true,"max_hp_per_floor":[66,71,71,71,71,71,71,71,71,71,71,71,71,71,71,71,71,71,35,35,35,35,35,35,35,35,35,35,35,35,35,35,35,35,35,35,35,35,35,35,33,33,33,33,33,33,33,33,33,33,33,33,33,33,33,33],"relic_stats":{"counters":[30,255],"Mummified Hand":[25],"Bronze Scales":[1030],"CeramicFish":81,"HoveringKite":[63],"Turnip":[2],"Chemical X":[29],"Kunai":[7],"Orichalcum":[834],"Boot":[56],"obtain_stats":[{"Ice Cream":11,"CeramicFish":27,"Vajra":6,"Oddly Smooth Stone":20,"HoveringKite":34,"Orichalcum":8,"Boot":24,"SlaversCollar":17,"Frozen Eye":45,"HornCleat":14,"Mummified Hand":26,"DollysMirror":54,"Bronze Scales":9,"Fusion Hammer":0,"Turnip":55,"Chemical X":39,"Kunai":48,"FossilizedHelix":42,"Ring of the Snake":0,"Meat on the Bone":13},{"Ice Cream":7,"CeramicFish":15,"Vajra":4,"Oddly Smooth Stone":10,"HoveringKite":19,"Orichalcum":5,"Boot":13,"SlaversCollar":9,"Frozen Eye":23,"HornCleat":8,"Mummified Hand":14,"DollysMirror":28,"Bronze Scales":5,"Fusion Hammer":0,"Turnip":29,"Chemical X":21,"Kunai":26,"FossilizedHelix":23,"Ring of the Snake":0,"Meat on the Bone":8},{"Ice Cream":35,"CeramicFish":86,"Vajra":22,"Oddly Smooth Stone":53,"HoveringKite":118,"Orichalcum":29,"Boot":73,"SlaversCollar":48,"Frozen Eye":156,"HornCleat":39,"Mummified Hand":78,"DollysMirror":221,"Bronze Scales":29,"Fusion Hammer":0,"Turnip":244,"Chemical X":142,"Kunai":182,"FossilizedHelix":156,"Ring of the Snake":0,"Meat on the Bone":39}],"Meat on the Bone":12},"card_choices":[{"not_picked":["Flying Knee","Outmaneuver"],"picked":"Dagger Throw","floor":1.0},{"not_picked":["Leg Sweep","Footwork"],"picked":"Skewer","floor":4.0},{"not_picked":["Sucker Punch","Slice","Underhanded Strike"],"picked":"SKIP","floor":5.0},{"not_picked":["Escape Plan","Caltrops"],"picked":"Night Terror","floor":6.0},{"not_picked":["Outmaneuver","Flechettes"],"picked":"Venomology","floor":8.0},{"not_picked":["Prepared","PiercingWail"],"picked":"Backflip","floor":10.0},{"not_picked":["Underhanded Strike","Tools of the Trade"],"picked":"Catalyst","floor":11.0},{"not_picked":["Acrobatics","Leg Sweep"],"picked":"Blur","floor":13.0},{"not_picked":["Burst","After Image"],"picked":"Night Terror","floor":16.0},{"not_picked":["Cloak And Dagger","Dagger Throw"],"picked":"Acrobatics","floor":18.0},{"not_picked":["Blade Dance+1","Bouncing Flask"],"picked":"Crippling Poison+1","floor":21.0},{"not_picked":["Bane","Blade Dance","Deflect"],"picked":"SKIP","floor":22.0},{"not_picked":["Blade Dance","Reflex"],"picked":"Concentrate","floor":24.0},{"not_picked":["Dagger Spray","Riddle With Holes","Quick Slash"],"picked":"SKIP","floor":25.0},{"not_picked":["Flechettes","Escape Plan","Bane"],"picked":"SKIP","floor":27.0},{"not_picked":["Dagger Spray+1","Flying Knee"],"picked":"Reflex","floor":29.0},{"not_picked":["Accuracy+1","PiercingWail"],"picked":"Well Laid Plans+1","floor":30.0},{"not_picked":["Distraction","Setup"],"picked":"Doppelganger","floor":31.0},{"not_picked":["Unload","Grand Finale"],"picked":"Night Terror","floor":33.0},{"not_picked":["Blade Dance","Sucker Punch","Outmaneuver"],"picked":"SKIP","floor":35.0},{"not_picked":["Quick Slash","Dagger Spray","Blade Dance"],"picked":"SKIP","floor":38.0},{"not_picked":["Prepared","Deadly Poison","Bane"],"picked":"SKIP","floor":40.0},{"not_picked":["Bane","Outmaneuver"],"picked":"Acrobatics","floor":42.0},{"not_picked":["Escape Plan","Blur+1"],"picked":"Noxious Fumes","floor":46.0},{"not_picked":["Backflip","Deadly Poison","Riddle With Holes"],"picked":"SKIP","floor":47.0},{"not_picked":["Bouncing Flask+1","Masterful Stab+1","Deadly Poison"],"picked":"SKIP","floor":48.0},{"not_picked":["Wraith Form v2","Masterful Stab","Blade Dance+1"],"picked":"SKIP","floor":55}],"player_experience":4366129,"relics_obtained":[{"floor":6.0,"key":"Vajra"},{"floor":8.0,"key":"Orichalcum"},{"floor":9.0,"key":"Bronze Scales"},{"floor":11.0,"key":"Ice Cream"},{"floor":13.0,"key":"Meat on the Bone"},{"floor":24.0,"key":"Boot"},{"floor":26.0,"key":"Mummified Hand"},{"floor":27.0,"key":"CeramicFish"},{"floor":42.0,"key":"FossilizedHelix"},{"floor":48.0,"key":"Kunai"},{"floor":55,"key":"Turnip"}],"event_choices":[{"damage_healed":0.0,"max_hp_gain":5.0,"max_hp_loss":0.0,"gold_gain":0.0,"event_name":"Big Fish","player_choice":"Donut","floor":2.0,"gold_loss":0.0,"damage_taken":0.0},{"damage_healed":0.0,"max_hp_gain":0.0,"max_hp_loss":0.0,"gold_gain":0.0,"event_name":"Shining Light","player_choice":"Entered Light","floor":3.0,"gold_loss":0.0,"damage_taken":21.0,"cards_upgraded":["Neutralize","Defend_G"]},{"damage_healed":0.0,"max_hp_gain":0.0,"max_hp_loss":36.0,"gold_gain":0.0,"event_name":"Ghosts","player_choice":"Became a Ghost","floor":19.0,"gold_loss":0.0,"damage_taken":0.0,"cards_obtained":["Ghostly","Ghostly","Ghostly"]},{"damage_healed":0.0,"max_hp_gain":0.0,"max_hp_loss":0.0,"gold_gain":0.0,"event_name":"Addict","player_choice":"Obtained Relic","floor":20.0,"gold_loss":85.0,"damage_taken":0.0,"relics_obtained":["Oddly Smooth Stone"]},{"damage_healed":0.0,"max_hp_gain":0.0,"max_hp_loss":0.0,"gold_gain":0.0,"event_name":"SecretPortal","player_choice":"Ignored","floor":36.0,"gold_loss":0.0,"damage_taken":0.0},{"damage_healed":0.0,"max_hp_gain":0.0,"max_hp_loss":0.0,"gold_gain":275.0,"event_name":"Golden Shrine","player_choice":"Desecrate","floor":37.0,"gold_loss":0.0,"damage_taken":0.0,"cards_obtained":["Regret"]},{"damage_healed":0.0,"max_hp_gain":0.0,"max_hp_loss":2.0,"gold_gain":0.0,"event_name":"Winding Halls","player_choice":"Max HP","floor":41.0,"gold_loss":0.0,"damage_taken":0.0}],"is_beta":false,"boss_relics":[{"not_picked":["Astrolabe","Cursed Key"],"picked":"SlaversCollar"},{"not_picked":["Sozu","Snecko Eye"],"picked":"HoveringKite"}],"items_purged_floors":[39,45],"is_endless":false,"potions_floor_spawned":[4,6,11,24,29,31,33,40,42,48,55],"ascension_level":20}}