{"host":"qnxnem68q7ulahas","time":1608828080,"event":{"mods":["ATMod(阿瑾Mod)","Act Like it!","BaseMod","Challenge The Spire","Decade(王小明)","GungeonMod","Highlight Path","Hunter 猎人","Minty Spire (QoL Compilation)","Replay The Spire","RumiaBox-露米娅的神秘盒子","SOS（斯巴达之子）","Spicy Shops","StSLib","The Alterego","The Senshi","Waifu the Spire","[IsaacMod]以撒尖塔","【功能Mod】混沌之环修复补丁","【遗物卡牌】REMEMod","残留之物"],"gold_per_floor":[110,110,35,95,155,155,182,108,133,198,198,258,82,102,102,216,216,251,93,122,122,167,167,167,195,272,28,28,77,105,152,152,231,231,250,109,109,109,47,136,136,166,178,232,282,365,377,417,429,506,529,541,553,69,101,19,19],"floor_reached":56,"playtime":2405,"items_purged":["Shoot","Defend_Dante","Shame","Writhe","Fullhouse","Pot Of Greed","AT_IchimonjiDouble"],"score":3421,"play_id":"093dd5d4-9877-4263-8f32-08fe8a48e061","local_time":"20201225004120","is_ascension_mode":true,"campfire_choices":[{"data":"Attack_b","floor":6.0,"key":"SMITH"},{"data":"Airtrick","floor":15.0,"key":"SMITH"},{"data":"Gilgamesh","floor":23.0,"key":"SMITH"},{"data":"Swordmaster","floor":28.0,"key":"SMITH"},{"data":"Pot Of Greed","floor":32.0,"key":"SMITH"},{"data":"Apotheosis","floor":41.0,"key":"SMITH"},{"floor":47.0,"key":"RECALL"},{"data":"Dash2","floor":49.0,"key":"SMITH"},{"data":"Royaldefend","floor":53.0,"key":"SMITH"}],"circlet_count":0,"master_deck":["AscendersBane","Attack_a","Attack_b+1","Provocation+1","Redorb","Metamorphosis+1","BeastUppercut","Swordmaster+1","Pot Of Greed+1","Airtrick+1","Royaldefend+1","Enemystep+1","Gilgamesh+1","Demonreform","Unrisingdragon","Secret Weapon","Apotheosis+1","Dash2+1","Straight"],"relics":["SSS","Combocheck","AT_ATBox","HushsDoor","REME_ComplimentaryCards","D6","GuppysHead","Pocketwatch","Grinning Jar","BloodDonationMachine","Ancient Tea Set","Kintsugi","JudasShadow","Orrery","alterego_mod:FleetingLove","War Paint","HornCleat","DemoMod:SevenLeafClover","GodSword6","ChampionBelt","GuppysHairball","Replay:Wax Seal","DemoMod:VorpalBullet","Replay:Bottled Snecko","MawBank","Durian","DemoMod:Relodestone","SalivaCoin","REME_OnlineShoppingPlatform","Unceasing Top","AT_BellDemon"],"acts_visited":["Exordium","TheCity","TheBeyond","TheEnding"],"potions_floor_usage":[56,56,56,56,56,56,56],"damage_taken":[{"damage":4.0,"enemies":"Small Slimes","floor":1.0,"turns":4.0},{"damage":0.0,"enemies":"Jaw Worm","floor":4.0,"turns":3.0},{"damage":0.0,"enemies":"2 Louse","floor":5.0,"turns":2.0},{"damage":0.0,"enemies":"3 Sentries","floor":7.0,"turns":2.0},{"damage":12.0,"enemies":"Gremlin Gang","floor":8.0,"turns":3.0},{"damage":0.0,"enemies":"Lagavulin","floor":10.0,"turns":4.0},{"damage":7.0,"enemies":"Exordium Thugs","floor":12.0,"turns":2.0},{"damage":3.0,"enemies":"Blue Slaver","floor":14.0,"turns":3.0},{"damage":0.0,"enemies":"Hexaghost","floor":16.0,"turns":4.0},{"damage":5.0,"enemies":"Spheric Guardian","floor":18.0,"turns":3.0},{"damage":0.0,"enemies":"3 Byrds","floor":20.0,"turns":2.0},{"damage":0.0,"enemies":"Centurion and Healer","floor":25.0,"turns":2.0},{"damage":0.0,"enemies":"REME_1_Revenger","floor":29.0,"turns":2.0},{"damage":0.0,"enemies":"Snake Plant","floor":30.0,"turns":3.0},{"damage":0.0,"enemies":"Chosen and Byrds","floor":31.0,"turns":2.0},{"damage":0.0,"enemies":"Pondfish","floor":33.0,"turns":5.0},{"damage":0.0,"enemies":"Orb Walker","floor":35.0,"turns":2.0},{"damage":0.0,"enemies":"R_Hoarder","floor":39.0,"turns":3.0},{"damage":0.0,"enemies":"Reptomancer","floor":40.0,"turns":3.0},{"damage":0.0,"enemies":"Giant Head","floor":42.0,"turns":3.0},{"damage":6.0,"enemies":"Nemesis","floor":44.0,"turns":3.0},{"damage":0.0,"enemies":"3 Darklings","floor":45.0,"turns":2.0},{"damage":0.0,"enemies":"Giant Head","floor":46.0,"turns":2.0},{"damage":0.0,"enemies":"Spire Growth","floor":48.0,"turns":2.0},{"damage":34.0,"enemies":"Donu and Deca","floor":50.0,"turns":6.0},{"damage":0.0,"enemies":"Time Eater","floor":51.0,"turns":4.0},{"damage":0.0,"enemies":"Shield and Spear","floor":55.0,"turns":2.0},{"damage":2,"enemies":"The Heart","floor":56,"turns":3}],"seed_played":"-2944710508800364065","potions_obtained":[{"floor":4.0,"key":"Dexterity Potion"},{"floor":5.0,"key":"Weak Potion"},{"floor":12.0,"key":"Weak Potion"}],"is_trial":false,"path_per_floor":["M","?","$","M","M","R","E","M","T","E","?","M","$","M","R","B",null,"M","$","M","?","?","R","?","M","T","$","R","E","M","M","R","B",null,"M","$","?","?","M","E","R","E","T","M","M","E","R","M","R","B","B",null,"R","$","E","B"],"character_chosen":"DANTE","items_purchased":["Royaldefend","Enemystep","JudasShadow","Orrery","DemoMod:SevenLeafClover","Demonreform","GuppysHairball","Unrisingdragon","Replay:Wax Seal","REME_OnlineShoppingPlatform","Unceasing Top"],"campfire_rested":0,"item_purchase_floors":[13,17,17,19,27,34,34,34,36,54,54],"current_hp_per_floor":[64,41,41,41,41,41,41,29,29,29,18,11,11,8,8,8,43,38,38,38,38,38,38,38,38,38,38,38,38,38,38,38,38,28,28,28,28,28,28,28,28,28,33,33,33,33,33,33,33,1,1,1,1,1,1,0,0],"gold":19,"neow_bonus":"ONE_RARE_RELIC","is_daily":false,"chose_seed":false,"campfire_upgraded":8,"win_rate":0.0,"timestamp":1608828080,"path_taken":["M","?","$","M","M","R","E","M","T","E","?","M","$","?","R","BOSS","M","$","M","?","?","R","?","M","T","$","R","E","M","M","R","BOSS","M","$","?","?","?","E","R","E","T","M","M","E","R","M","R","BOSS","BOSS","R","$","E","BOSS"],"items_purchased_type":["Card","Card","Relic","Relic","Relic","Card","Relic","Card","Relic","Relic","Relic"],"build_version":"2020-12-22","purchased_purges":7,"victory":false,"max_hp_per_floor":[75,75,75,75,75,75,75,75,75,75,75,75,75,75,75,75,54,54,54,54,54,54,54,54,54,54,54,54,54,54,54,54,54,28,28,28,28,28,28,28,28,28,33,33,33,33,33,33,33,1,1,1,1,1,1,1,1],"card_choices":[{"not_picked":[],"picked":"Bomb","floor":0.0},{"not_picked":["DevilstarS","Swordmaster","Rebellion"],"picked":"SKIP","floor":1.0},{"not_picked":["Rebellion","Chargeshoot"],"picked":"BeastUppercut","floor":4.0},{"not_picked":["Chargeshoot","Lucifer","Ecstasy"],"picked":"SKIP","floor":5.0},{"not_picked":["Doubleshoot","Kick13","Whiteorb"],"picked":"SKIP","floor":7.0},{"not_picked":["LucifercomboD","Honeycombofire"],"picked":"Swordmaster","floor":8.0},{"not_picked":["VitalstarM","EbonyIvory"],"picked":"Airtrick","floor":10.0},{"not_picked":["Weaponchange","Whiteorb","BeastUppercut"],"picked":"SKIP","floor":12.0},{"not_picked":["Hightime","VitalstarM","Airhike"],"picked":"SKIP","floor":14.0},{"not_picked":["Splesh","Millionstab","Unrisingdragon+1"],"picked":"SKIP","floor":18.0},{"not_picked":["Fullhouse","EbonyIvory"],"picked":"Gilgamesh","floor":19.0},{"not_picked":["GilgameshcomboA","LucifercomboB"],"picked":"Fullhouse","floor":20.0},{"not_picked":["Swordmaster","Millionkick","CoyoteA"],"picked":"SKIP","floor":25.0},{"not_picked":["SSScard","Fullhouse","Lucifer"],"picked":"SKIP","floor":29.0},{"not_picked":["Kick13+1","Rebellion","Greenorb"],"picked":"SKIP","floor":30.0},{"not_picked":["Ecstasy","Pandora+1","Kick13"],"picked":"SKIP","floor":31.0},{"not_picked":["Weaponchange","Dash1+1","Rebellion"],"picked":"SKIP","floor":35.0},{"not_picked":["Deep Breath","AT_TearsDenial"],"picked":"Apotheosis","floor":38.0},{"not_picked":["Stinger+1","VitalstarS","Weaponchange"],"picked":"SKIP","floor":39.0},{"not_picked":["Swordmaster","Millionkick","SSScard+1"],"picked":"SKIP","floor":40.0},{"not_picked":["DevilstarL","Stinger","Doubleshoot"],"picked":"SKIP","floor":42.0},{"not_picked":["Demonreform","Blueorb","Royalguard"],"picked":"SKIP","floor":43.0},{"not_picked":["Pandora","Greenorb","CoyoteA+1"],"picked":"SKIP","floor":44.0},{"not_picked":["Airhike","GilgameshcomboA"],"picked":"Dash2","floor":45.0},{"not_picked":["Doubleshoot","Greenorb+1","LucifercomboD"],"picked":"SKIP","floor":46.0},{"not_picked":["LucifercomboC","Chargeshoot2","Swordmaster"],"picked":"SKIP","floor":48.0},{"not_picked":["Pandora","Chargeshoot"],"picked":"Straight","floor":55.0}],"player_experience":422086,"relics_obtained":[{"floor":7.0,"key":"Pocketwatch"},{"floor":9.0,"key":"Grinning Jar"},{"floor":10.0,"key":"BloodDonationMachine"},{"floor":22.0,"key":"War Paint"},{"floor":26.0,"key":"HornCleat"},{"floor":29.0,"key":"GodSword6"},{"floor":39.0,"key":"DemoMod:VorpalBullet"},{"floor":40.0,"key":"Replay:Bottled Snecko"},{"floor":42.0,"key":"MawBank"},{"floor":43.0,"key":"Durian"},{"floor":44.0,"key":"DemoMod:Relodestone"},{"floor":46.0,"key":"SalivaCoin"},{"floor":55.0,"key":"AT_BellDemon"}],"event_choices":[{"damage_healed":0.0,"max_hp_gain":0.0,"max_hp_loss":0.0,"gold_gain":0.0,"event_name":"Shining Light","player_choice":"Entered Light","floor":2.0,"gold_loss":0.0,"damage_taken":23.0,"cards_upgraded":["Provocation","Shoot"]},{"damage_healed":0.0,"max_hp_gain":0.0,"max_hp_loss":0.0,"gold_gain":0.0,"event_name":"Scrap Ooze","player_choice":"Success","floor":11.0,"gold_loss":0.0,"damage_taken":11.0,"relics_obtained":["Ancient Tea Set"]},{"damage_healed":0.0,"max_hp_gain":0.0,"max_hp_loss":0.0,"gold_gain":0.0,"event_name":"爱的神圣花园","player_choice":"Choice 1","floor":21.0,"gold_loss":0.0,"damage_taken":0.0,"relics_obtained":["alterego_mod:FleetingLove"]},{"damage_healed":0.0,"max_hp_gain":0.0,"max_hp_loss":0.0,"gold_gain":0.0,"event_name":"The Mausoleum","player_choice":"Ignored","floor":24.0,"gold_loss":0.0,"damage_taken":0.0},{"damage_healed":0.0,"max_hp_gain":0.0,"max_hp_loss":0.0,"gold_gain":0.0,"cards_transformed":["Pot Of Greed"],"event_name":"Transmorgrifier","player_choice":"Transformed","floor":37.0,"gold_loss":0.0,"damage_taken":0.0,"cards_obtained":["Secret Weapon"]},{"damage_healed":0.0,"max_hp_gain":0.0,"max_hp_loss":0.0,"gold_gain":0.0,"event_name":"SensoryStone","player_choice":"Memory 1","floor":38.0,"gold_loss":0.0,"damage_taken":0.0}],"is_beta":false,"boss_relics":[{"not_picked":["Cursed Key","REME_DuelDisc"],"picked":"Kintsugi"},{"not_picked":[]},{"not_picked":["REME_ChargedStone","Calling Bell"],"picked":"ChampionBelt"},{"not_picked":[]}],"items_purged_floors":[3,13,17,27,34,36,54],"is_endless":false,"potions_floor_spawned":[4,5,10,12,18,30,33,35,39,44,45,55],"killed_by":"The Heart","ascension_level":20}}