{"host":"p6y17sixyu8q9v1f","time":1608808045,"event":{"mods":["BaseMod","Colored Map","Minty Spire (QoL Compilation)"],"gold_per_floor":[114,289,26,41,41,71,71,86,86,101,131,131,146,161,161,261,261,276,1,31,46,46,76,76,91,141,156,156,6,21,36,36,136,136,151,166,166,196,196,196,211,116,191,206,206,221,236,251,251,251,251],"floor_reached":50,"playtime":11443,"items_purged":["TalkToTheHand","Concentrate","Doubt"],"score":728,"play_id":"12869c8e-c47c-4de2-812a-c097af90bff5","local_time":"20201224050725","daily_mods":["Insanity","Purple Cards","DeadlyEvents"],"is_ascension_mode":false,"campfire_choices":[{"data":"WreathOfFlame","floor":7,"key":"SMITH"},{"floor":12,"key":"REST"},{"data":"Conclude","floor":15,"key":"SMITH"},{"data":"Setup","floor":24,"key":"SMITH"},{"data":"1","floor":32,"key":"LIFT"},{"data":"2","floor":40,"key":"LIFT"},{"data":"3","floor":45,"key":"LIFT"},{"floor":49,"key":"REST"}],"circlet_count":0,"master_deck":["Outmaneuver","Quick Slash","Slice","Meditate","Halt","Finisher","Cloak And Dagger","MentalFortress","WheelKick","FlyingSleeves","FollowUp","Crescendo","Prepared","FlurryOfBlows","Slice","Crescendo","PiercingWail","ThirdEye","Deadly Poison","TalkToTheHand","Well Laid Plans","FlurryOfBlows","Sucker Punch","Meditate","Outmaneuver","EmptyMind","CrushJoints","SignatureMove","Conclude","FollowUp","Riddle With Holes","FlurryOfBlows","Dodge and Roll","FlyingSleeves","FlurryOfBlows","ForeignInfluence+1","Evaluate","Quick Slash","BowlingBash","Conclude+1","Evaluate","Dagger Throw","Evaluate","Setup+1","Blade Dance","TalkToTheHand","FlyingSleeves","Tantrum","WreathOfFlame+1","FlurryOfBlows","FlurryOfBlows","Die Die Die","FlurryOfBlows","Consecrate","SandsOfTime+1","FlurryOfBlows","Riddle With Holes","After Image","Dramatic Entrance"],"relics":["Ring of the Snake","Membership Card","Vajra","MealTicket","Boot","Matryoshka","Thread and Needle","Black Star","Bottled Tornado","Bag of Preparation","Potion Belt","Blood Vial","Dead Branch","Question Card","Singing Bowl","Smiling Mask","Girya","Busted Crown","PreservedInsect","Anchor","Regal Pillow","Molten Egg 2"],"acts_visited":["Exordium","TheCity","TheBeyond"],"potions_floor_usage":[16,16,20,21,25,25,31,36,38,47,48,48,50],"damage_taken":[{"damage":5,"enemies":"Small Slimes","floor":1,"turns":2},{"damage":11,"enemies":"Jaw Worm","floor":4,"turns":2},{"damage":0,"enemies":"Gremlin Nob","floor":6,"turns":3},{"damage":0,"enemies":"Cultist","floor":8,"turns":2},{"damage":5,"enemies":"Lots of Slimes","floor":10,"turns":2},{"damage":22,"enemies":"Lagavulin","floor":11,"turns":6},{"damage":0,"enemies":"2 Fungi Beasts","floor":13,"turns":1},{"damage":0,"enemies":"3 Louse","floor":14,"turns":1},{"damage":0,"enemies":"Slime Boss","floor":16,"turns":5},{"damage":0,"enemies":"Spheric Guardian","floor":18,"turns":2},{"damage":2,"enemies":"Book of Stabbing","floor":20,"turns":4},{"damage":4,"enemies":"3 Byrds","floor":21,"turns":2},{"damage":0,"enemies":"Gremlin Leader","floor":23,"turns":5},{"damage":11,"enemies":"Snecko","floor":25,"turns":5},{"damage":0,"enemies":"Chosen and Byrds","floor":27,"turns":3},{"damage":0,"enemies":"Shelled Parasite and Fungi","floor":30,"turns":1},{"damage":0,"enemies":"3 Cultists","floor":31,"turns":4},{"damage":93,"enemies":"Automaton","floor":33,"turns":8},{"damage":6,"enemies":"Orb Walker","floor":35,"turns":3},{"damage":23,"enemies":"3 Shapes","floor":36,"turns":6},{"damage":15,"enemies":"Nemesis","floor":38,"turns":5},{"damage":1,"enemies":"Maw","floor":41,"turns":4},{"damage":0,"enemies":"3 Darklings","floor":44,"turns":1},{"damage":0,"enemies":"Spire Growth","floor":46,"turns":2},{"damage":7,"enemies":"Writhing Mass","floor":47,"turns":4},{"damage":0,"enemies":"3 Darklings","floor":48,"turns":2},{"damage":133,"enemies":"Time Eater","floor":50,"turns":9}],"seed_played":"-4388098555046818604","potions_obtained":[{"floor":4,"key":"SkillPotion"},{"floor":10,"key":"LiquidBronze"},{"floor":13,"key":"Poison Potion"},{"floor":14,"key":"Swift Potion"},{"floor":16,"key":"Swift Potion"},{"floor":18,"key":"FearPotion"},{"floor":21,"key":"Energy Potion"},{"floor":23,"key":"Energy Potion"},{"floor":31,"key":"FairyPotion"},{"floor":33,"key":"Poison Potion"},{"floor":36,"key":"LiquidMemories"},{"floor":38,"key":"Swift Potion"},{"floor":46,"key":"EssenceOfSteel"},{"floor":47,"key":"LiquidMemories"},{"floor":48,"key":"GamblersBrew"}],"is_trial":false,"path_per_floor":["M","?","$","M","?","E","R","M","T","M","E","R","M","M","R","B",null,"M","$","E","M","$","E","R","M","T","M","?","$","M","M","R","B",null,"M","M","?","E","?","R","M","$","T","M","R","M","M","M","R","B"],"character_chosen":"THE_SILENT","items_purchased":["Membership Card","Vajra","Bottled Tornado","Bag of Preparation","FlurryOfBlows","Girya","Dramatic Entrance"],"campfire_rested":2,"item_purchase_floors":[3,3,19,19,19,29,42],"current_hp_per_floor":[65,65,65,54,51,51,51,51,51,46,24,45,45,45,45,45,70,70,70,68,66,70,70,70,59,59,63,63,72,74,74,74,22,74,70,51,51,40,42,42,45,60,60,64,64,68,65,69,92,0,0],"gold":251,"neow_bonus":"","is_daily":true,"chose_seed":false,"campfire_upgraded":3,"win_rate":0.0,"timestamp":1608808045,"path_taken":["M","?","$","M","?","E","R","M","T","M","E","R","?","M","R","BOSS","M","?","?","M","$","E","R","M","T","M","?","?","M","M","R","BOSS","M","M","?","?","?","R","M","$","T","?","R","M","M","M","R","BOSS"],"items_purchased_type":["Relic","Relic","Relic","Relic","Card","Relic","Card"],"build_version":"2020-12-22","purchased_purges":3,"victory":false,"max_hp_per_floor":[70,70,70,70,70,70,70,70,70,70,70,70,70,70,70,70,70,70,70,70,70,70,70,70,70,70,72,72,72,74,74,74,74,74,76,78,78,80,82,82,84,84,84,86,86,88,90,92,92,92,92],"card_choices":[{"not_picked":["Bane","Choke"],"picked":"WreathOfFlame","floor":1},{"not_picked":["CrushJoints","Adaptation","FollowUp"],"picked":"SKIP","floor":4},{"not_picked":["Well Laid Plans","Sanctity"],"picked":"FlurryOfBlows","floor":6},{"not_picked":["BowlingBash","Evaluate","Wireheading"],"picked":"SKIP","floor":8},{"not_picked":["Evaluate","Caltrops"],"picked":"FlurryOfBlows","floor":10},{"not_picked":["Indignation","Acrobatics","Cloak And Dagger"],"picked":"SKIP","floor":11},{"not_picked":["SashWhip","Cloak And Dagger","Alpha"],"picked":"SKIP","floor":13},{"not_picked":["Acrobatics","EmptyFist","Reflex"],"picked":"SKIP","floor":14},{"not_picked":["Bullet Time","ConjureBlade"],"picked":"Die Die Die","floor":16},{"not_picked":["Underhanded Strike","Pray+1","Prostrate"],"picked":"SKIP","floor":18},{"not_picked":["Cloak And Dagger","FlyingSleeves"],"picked":"Consecrate","floor":20},{"not_picked":["All Out Attack","Prostrate","Flying Knee+1"],"picked":"SKIP","floor":21},{"not_picked":["Accuracy","Blade Dance"],"picked":"SandsOfTime+1","floor":23},{"not_picked":["Wallop","Venomology","Evaluate","Protect+1"],"picked":"SKIP","floor":25},{"not_picked":["SignatureMove","InnerPeace+1","Prepared","CrushJoints"],"picked":"Singing Bowl","floor":27},{"not_picked":["EmptyBody+1","DeceiveReality","Quick Slash","Study"],"picked":"Singing Bowl","floor":30},{"not_picked":["Concentrate","Conclude","Sanctity+1"],"picked":"Riddle With Holes","floor":31},{"not_picked":["Devotion","Bullet Time","Tools of the Trade"],"picked":"After Image","floor":33},{"not_picked":["Well Laid Plans+1","Noxious Fumes"],"picked":"Singing Bowl","floor":35},{"not_picked":["Nirvana+1","SashWhip"],"picked":"Singing Bowl","floor":36},{"not_picked":["Backstab","Flechettes+1"],"picked":"Singing Bowl","floor":38},{"not_picked":["Purity","Impatience"],"picked":"Singing Bowl","floor":39},{"not_picked":["Underhanded Strike","Deflect"],"picked":"Singing Bowl","floor":41},{"not_picked":["Well Laid Plans","CrushJoints+1"],"picked":"Singing Bowl","floor":44},{"not_picked":["Crippling Poison","Poisoned Stab+1"],"picked":"Singing Bowl","floor":46},{"not_picked":["Deflect+1","Halt+1"],"picked":"Singing Bowl","floor":47},{"not_picked":["Vengeance+1","Dodge and Roll+1"],"picked":"Singing Bowl","floor":48}],"player_experience":772181,"relics_obtained":[{"floor":6,"key":"Boot"},{"floor":9,"key":"Matryoshka"},{"floor":11,"key":"Thread and Needle"},{"floor":20,"key":"Potion Belt"},{"floor":20,"key":"Blood Vial"},{"floor":23,"key":"Dead Branch"},{"floor":23,"key":"Question Card"},{"floor":26,"key":"Singing Bowl"},{"floor":26,"key":"Smiling Mask"},{"floor":38,"key":"PreservedInsect"},{"floor":38,"key":"Anchor"},{"floor":43,"key":"Regal Pillow"},{"floor":43,"key":"Molten Egg 2"}],"event_choices":[{"damage_healed":0,"gold_gain":175,"player_choice":"AGREE","damage_taken":0,"max_hp_gain":0,"max_hp_loss":0,"event_name":"Liars Game","floor":2,"gold_loss":0,"cards_obtained":["Doubt"]},{"damage_healed":0,"gold_gain":0,"player_choice":"Success","damage_taken":3,"relics_obtained":["MealTicket"],"max_hp_gain":0,"max_hp_loss":0,"event_name":"Scrap Ooze","floor":5,"gold_loss":0},{"damage_healed":0,"gold_gain":0,"player_choice":"Read","damage_taken":0,"max_hp_gain":0,"max_hp_loss":0,"event_name":"The Library","floor":28,"gold_loss":0,"cards_obtained":["FlurryOfBlows"]},{"damage_healed":0,"gold_gain":0,"player_choice":"Forge","damage_taken":0,"max_hp_gain":0,"max_hp_loss":0,"event_name":"Accursed Blacksmith","floor":37,"gold_loss":0,"cards_upgraded":["ForeignInfluence"]},{"damage_healed":0,"gold_gain":0,"player_choice":"Memory 1","damage_taken":0,"max_hp_gain":0,"max_hp_loss":0,"event_name":"SensoryStone","floor":39,"gold_loss":0}],"is_beta":false,"boss_relics":[{"not_picked":["Snecko Eye","Calling Bell"],"picked":"Black Star"},{"not_picked":["Philosopher\u0027s Stone","Fusion Hammer"],"picked":"Busted Crown"}],"items_purged_floors":[3,19,42],"is_endless":false,"potions_floor_spawned":[4,10,13,14,16,18,21,23,31,33,36,38,46,47,48],"killed_by":"Time Eater","ascension_level":0}}