{"host":"mj8akmyfd5lo602f","time":1608771467,"event":{"mods":["2.2 Compatiblity","Act Like it!","BaseMod","Bestiary","BshForSts","Colored Map","Colored Powertips","Downfall","Highlight Path","Minty Spire (QoL Compilation)","Permanent Neow","Relic Stats","StSLib"],"gold_per_floor":[99,117,128,144,159,159,159,173,173,190,201,201,218,245,264,363,363,288,307,320,335,335,335,358,376,391,391,391,232,232,232,232],"floor_reached":30,"playtime":2377,"items_purged":[],"score":263,"play_id":"b021a6a6-2db9-420e-9141-4846fa66a9d6","local_time":"20201224005747","is_ascension_mode":false,"campfire_choices":[{"data":"champ:Taunt","floor":1.0,"key":"SMITH"},{"data":"champ:BringItOn","floor":6.0,"key":"SMITH"},{"data":"champ:Balance","floor":9.0,"key":"SMITH"},{"data":"champ:GladiatorStyle","floor":12.0,"key":"SMITH"},{"data":"champ:FlashCut","floor":18,"key":"SMITH"},{"floor":23,"key":"RECALL"}],"circlet_count":0,"master_deck":["champ:Strike","champ:Strike","champ:Strike","champ:Defend","champ:Defend","champ:Defend","champ:Taunt+1","champ:Duel+1","champ:PreciseThrust+1","champ:Lariat+1","champ:BringItOn+1","champ:Balance+1","champ:FlashCut+1","champ:GladiatorStyle+1","champ:ArenaPreparation+1","champ:DefensiveShout+1","champ:ShieldSigil"],"relics":["Astrolabe","Singing Bowl","Meat on the Bone","Sozu","downfall:HeartBlessingGreen","champ:DefensiveTrainingManual","Happy Flower"],"acts_visited":["Exordium","TheCity"],"potions_floor_usage":[],"damage_taken":[{"damage":0.0,"enemies":"2 Louse","floor":2.0,"turns":5.0},{"damage":0.0,"enemies":"Cultist","floor":3.0,"turns":3.0},{"damage":0.0,"enemies":"Small Slimes","floor":4.0,"turns":3.0},{"damage":1.0,"enemies":"3 Louse","floor":5.0,"turns":5.0},{"damage":0.0,"enemies":"Large Slime","floor":8.0,"turns":7.0},{"damage":6.0,"enemies":"2 Fungi Beasts","floor":10.0,"turns":2.0},{"damage":8.0,"enemies":"Red Slaver","floor":11.0,"turns":4.0},{"damage":0.0,"enemies":"Lots of Slimes","floor":13.0,"turns":1.0},{"damage":29.0,"enemies":"Gremlin Nob","floor":14.0,"turns":4.0},{"damage":26.0,"enemies":"Exordium Thugs","floor":15.0,"turns":3.0},{"damage":49.0,"enemies":"downfall:Defect","floor":16.0,"turns":7.0},{"damage":11,"enemies":"Chosen","floor":19,"turns":3},{"damage":5,"enemies":"Shell Parasite","floor":20,"turns":4},{"damage":5,"enemies":"Chosen and Byrds","floor":21,"turns":4},{"damage":20,"enemies":"Snecko","floor":25,"turns":3},{"damage":10,"enemies":"Snake Plant","floor":26,"turns":4},{"damage":23,"enemies":"downfall:FleeingMerchant","floor":29,"turns":4},{"damage":48,"enemies":"Cultist and Chosen","floor":30,"turns":8}],"seed_played":"2287893738372134925","potions_obtained":[{"floor":2.0,"key":"EssenceOfSteel"},{"floor":10.0,"key":"SpeedPotion"},{"floor":11.0,"key":"PowerPotion"},{"floor":16,"key":"Fire Potion"}],"is_trial":false,"path_per_floor":["R","M","M","M","M","R","T","M","R","M","M","R","M","E","M","B",null,"R","M","M","M","?","R","T","M","M","?","?","$","M"],"character_chosen":"THE_CHAMP","items_purchased":["Happy Flower"],"campfire_rested":0,"item_purchase_floors":[29],"current_hp_per_floor":[90,90,90,90,89,89,89,89,89,89,81,81,81,69,83,53,96,96,98,100,100,100,100,100,97,92,92,92,94,46,46,46],"gold":232,"neow_bonus":"BOSS_RELIC","is_daily":false,"chose_seed":false,"campfire_upgraded":5,"win_rate":0.0,"timestamp":1608771467,"path_taken":["R","M","M","M","M","R","T","M","R","M","M","R","M","E","M","BOSS","BOSS","R","M","M","M","?","R","T","?","M","?","?","$","M"],"items_purchased_type":["Relic"],"build_version":"2020-12-22","purchased_purges":0,"victory":false,"max_hp_per_floor":[90,90,90,90,90,90,90,90,90,90,90,90,90,92,94,96,96,96,98,100,100,100,100,100,102,102,102,102,104,104,104,104],"relic_stats":{"Sozu":2,"Singing Bowl":14,"Happy Flower":[2],"counters":[18,74],"Astrolabe":["champ:Duel","champ:PreciseThrust","champ:Lariat"],"obtain_stats":[{"Sozu":17,"Singing Bowl":7,"Happy Flower":29,"champ:DefensiveTrainingManual":24,"Astrolabe":0,"champ:ChampionCrown":0,"downfall:HeartBlessingGreen":18,"Meat on the Bone":14},{"Sozu":11,"Singing Bowl":4,"Happy Flower":17,"champ:DefensiveTrainingManual":14,"Astrolabe":0,"champ:ChampionCrown":0,"downfall:HeartBlessingGreen":11,"Meat on the Bone":9},{"Sozu":44,"Singing Bowl":16,"Happy Flower":66,"champ:DefensiveTrainingManual":55,"Astrolabe":0,"champ:ChampionCrown":0,"downfall:HeartBlessingGreen":44,"Meat on the Bone":34}],"Meat on the Bone":24},"card_choices":[{"not_picked":["champ:HeartStrike","champ:StanceDance","champ:BerserkersShout"],"picked":"SKIP","floor":2.0},{"not_picked":["champ:FanOfKnives","champ:Backstep"],"picked":"champ:BringItOn","floor":3.0},{"not_picked":["champ:Encircle","champ:Shatter","champ:BringItOn"],"picked":"SKIP","floor":4.0},{"not_picked":["champ:DefensiveShout","champ:DefensiveStyle","champ:BringItOn"],"picked":"SKIP","floor":5.0},{"not_picked":["champ:FanOfKnives","champ:AdrenalArmor"],"picked":"champ:Balance","floor":8.0},{"not_picked":["champ:EnragedBash","champ:AdrenalArmor"],"picked":"champ:FlashCut","floor":10.0},{"not_picked":["champ:PreciseThrust","champ:DefensiveShout"],"picked":"champ:GladiatorStyle","floor":11.0},{"not_picked":["champ:BerserkersShout","champ:AdrenalArmor"],"picked":"champ:ArenaPreparation","floor":13.0},{"not_picked":["champ:EndlessRage","champ:EnragedBash","champ:ShieldThrow"],"picked":"Singing Bowl","floor":14.0},{"not_picked":["champ:Circumvent","champ:GladiatorsShout","champ:ShieldSigil"],"picked":"Singing Bowl","floor":15.0},{"not_picked":["champ:SteelEdge","champ:IgnorePain","champ:VampiricStrike"],"picked":"Singing Bowl","floor":16},{"not_picked":["champ:FanOfKnives+1","champ:TornadoPunch","champ:RageSigil"],"picked":"Singing Bowl","floor":19},{"not_picked":["champ:FanOfKnives","champ:EnragedBash","champ:Circumvent"],"picked":"Singing Bowl","floor":20},{"not_picked":["champ:Circumvent+1","champ:FanOfKnives"],"picked":"champ:DefensiveShout+1","floor":21},{"not_picked":["champ:FaceSlap","champ:DeathBlow","champ:RecklessLeap"],"picked":"Singing Bowl","floor":25},{"not_picked":["champ:Backstep+1","champ:GutPunch+1"],"picked":"champ:ShieldSigil","floor":26},{"not_picked":["champ:Haymaker","champ:CrookedStrike","champ:BladeFlurry"],"picked":"Singing Bowl","floor":29}],"player_experience":373032,"relics_obtained":[{"floor":7.0,"key":"Singing Bowl"},{"floor":14.0,"key":"Meat on the Bone"},{"floor":24,"key":"champ:DefensiveTrainingManual"}],"event_choices":[{"damage_healed":0,"gold_gain":0,"player_choice":"Upgraded","damage_taken":0,"max_hp_gain":0,"max_hp_loss":0,"event_name":"Upgrade Shrine","floor":22,"gold_loss":0,"cards_upgraded":["champ:ArenaPreparation"]}],"is_beta":false,"boss_relics":[{"not_picked":["Velvet Choker","Coffee Dripper"],"picked":"Sozu"}],"items_purged_floors":[],"is_endless":false,"potions_floor_spawned":[2,10,11,16,20,25],"killed_by":"Cultist and Chosen","ascension_level":0}}