{"host":"yajbwjoofeeg2olc","time":1608813826,"event":{"mods":["AchievementEnabler","Aspiration","Bard","BaseMod","Beaked The Cultist","Better Altar","Better Match","Better Note","Better Sensory Stone","Better Skull","Better Third Choice","BetterRewards","CCEM","Clockwork Mod","Colored Map","Conspire","GifTheSpireLib","Gremlin Mod","Halation","Hermit","Highlight Path","Hubris","Hunter ??","Jorbs\u0027s Wanderer Trilogy","Mad Scientist","Mimic Mod","Minty Spire (QoL Compilation)","Permanent Neow","Replay The Spire","Shade Mod","Shop Mod","Spicy Shops","StSLib","Stuff the Spire","The Administrix","The Alterego","The Animator","The Construct","The Cursed","The Death Knight","The Disciple","The Exalted","The Forsaken","The Mystic","The Necromancer","The Problem Sleuth","The Runesmith","The Spell Scribe","The Witch","TheHero"],"gold_per_floor":[119,133,133,64,64,100,100,121,164,164,187,203,203,224,224,348,348,348,348],"floor_reached":18,"playtime":1490,"items_purged":[],"score":162,"play_id":"cd38ccec-0aa2-4dd2-881d-ee197dd20e9d","local_time":"20201224124346","is_ascension_mode":false,"campfire_choices":[{"data":"hermit:TakeAim","floor":7,"key":"SMITH"},{"data":"hermit:Brawl","floor":10,"key":"SMITH"},{"data":"hermit:CalledShot","floor":13,"key":"SMITH"},{"floor":15,"key":"REST"}],"circlet_count":0,"master_deck":["hermit:Strike_Hermit","hermit:Strike_Hermit","hermit:Defend_Hermit","hermit:Defend_Hermit","hermit:Defend_Hermit","hermit:Defend_Hermit","hermit:Snapshot","hermit:Covet","hermit:HighCaliber","hermit:CalledShot+1","hermit:Combo","Injury","hermit:TakeAim+1","hermit:OverwhelmingPower","hermit:Deadeye","hermit:Brawl+1","hermit:Grudge","Demon Form"],"relics":["hermit:Momento","Golden Idol","aspiration:SeaSaltIceCream","aspiration:Nostalgia","m_CorellonBlood","conspire:SpecialSausage"],"acts_visited":["Exordium","TheCity"],"potions_floor_usage":[16,16,16],"damage_taken":[{"damage":1,"enemies":"Cultist","floor":1,"turns":3},{"damage":5,"enemies":"Small Slimes","floor":2,"turns":3},{"damage":19,"enemies":"Gremlin Nob","floor":6,"turns":4},{"damage":0,"enemies":"2 Louse","floor":8,"turns":3},{"damage":6,"enemies":"Red Slaver","floor":9,"turns":8},{"damage":22,"enemies":"Red Slaver","floor":11,"turns":4},{"damage":2,"enemies":"Exordium Thugs","floor":12,"turns":5},{"damage":8,"enemies":"Blue Slaver","floor":14,"turns":4},{"damage":33,"enemies":"Fading Forest","floor":16,"turns":11},{"damage":49,"enemies":"3 Byrds","floor":18,"turns":5}],"seed_played":"-2373059415529623189","potions_obtained":[{"floor":2,"key":"AttackPotion"},{"floor":6,"key":"CultistPotion"},{"floor":8,"key":"Weak Potion"},{"floor":16,"key":"Elixir"}],"is_trial":false,"path_per_floor":["M","M","?","$","?","E","R","M","MIM","R","M","M","R","M","R","B",null,"M"],"character_chosen":"HERMIT","items_purchased":["hermit:TakeAim"],"campfire_rested":1,"item_purchase_floors":[4],"current_hp_per_floor":[74,69,69,69,69,50,50,50,44,44,22,20,20,12,34,13,75,26,26],"gold":348,"neow_bonus":"TRANSFORM_CARD","is_daily":false,"chose_seed":false,"campfire_upgraded":3,"win_rate":0.0,"timestamp":1608813826,"path_taken":["M","M","?","$","?","E","R","M","MIM","R","M","M","R","M","R","BOSS","M"],"items_purchased_type":["Card"],"build_version":"2020-12-22","purchased_purges":0,"victory":false,"max_hp_per_floor":[75,75,75,75,75,75,75,75,75,75,75,75,75,75,75,75,75,75,75],"card_choices":[{"not_picked":["hermit:Spite","hermit:Quickdraw"],"picked":"hermit:CalledShot","floor":1},{"not_picked":["hermit:Misfire","hermit:Feint"],"picked":"hermit:Combo","floor":2},{"not_picked":["hermit:Ricochet","hermit:LowProfile","hermit:Feint"],"picked":"SKIP","floor":6},{"not_picked":["hermit:Ricochet","hermit:LowProfile","hermit:Feint"],"picked":"SKIP","floor":6},{"not_picked":["hermit:Ricochet","hermit:LowProfile","hermit:Feint"],"picked":"SKIP","floor":6},{"not_picked":["Clothesline","hermit:HoleUp"],"picked":"hermit:Deadeye","floor":8},{"not_picked":["Limit Break","hermit:TrackingShot"],"picked":"hermit:Brawl","floor":9},{"not_picked":["Uppercut","hermit:FlashPowder","hermit:Misfire"],"picked":"SKIP","floor":11},{"not_picked":["hermit:Virtue","hermit:WideOpen"],"picked":"hermit:Grudge","floor":12},{"not_picked":["Clothesline","hermit:PistolWhip","hermit:Gestalt"],"picked":"SKIP","floor":14},{"not_picked":["hermit:Purgatory","hermit:Roughhouse"],"picked":"Demon Form","floor":16}],"player_experience":261529,"relics_obtained":[{"floor":6,"key":"aspiration:SeaSaltIceCream"}],"event_choices":[{"damage_healed":0,"gold_gain":0,"player_choice":"Take Wound","damage_taken":0,"relics_obtained":["Golden Idol"],"max_hp_gain":0,"max_hp_loss":0,"event_name":"Golden Idol","floor":3,"gold_loss":0,"cards_obtained":["Injury"]},{"damage_healed":0,"gold_gain":0,"cards_transformed":["hermit:Strike_Hermit"],"player_choice":"Transformed","damage_taken":0,"max_hp_gain":0,"max_hp_loss":0,"event_name":"Transmorgrifier","floor":5,"gold_loss":0,"cards_obtained":["hermit:OverwhelmingPower"]}],"is_beta":false,"boss_relics":[{"not_picked":["CCEMRelics:TransientCore","conspire:RoyalGoblet"],"picked":"conspire:SpecialSausage"}],"items_purged_floors":[],"is_endless":false,"potions_floor_spawned":[2,6,8,16],"killed_by":"3 Byrds","ascension_level":0}}