{"host":"30jsp143e4v19aze","time":1608817476,"event":{"mods":["BaseMod","Colored Map","Colored Powertips","Curses Come First","DeckTracker","Highlight Path","Minty Spire (QoL Compilation)","Quick Restart","Relic Stats","StSLib","everything is the same but u backflip on backflip","slay the spire mod where everything is the same but ironclad has a cowboy hat"],"gold_per_floor":[112,130,140,150,164,164,199,199,251,251,280,116,116,127,127,204,204,219,57,74,74,86,86,115,165,188,213,213,224,253,267,267,267,267],"floor_reached":33,"playtime":2924,"items_purged":["Strike_R"],"score":684,"play_id":"980c532a-a0ef-4476-a7f5-c0083639cecb","local_time":"20201224144436","is_ascension_mode":true,"campfire_choices":[{"data":"Wild Strike","floor":6,"key":"SMITH"},{"data":"Bash","floor":8,"key":"SMITH"},{"floor":10,"key":"REST"},{"data":"Battle Trance","floor":13,"key":"SMITH"},{"data":"Shrug It Off","floor":15,"key":"SMITH"},{"data":"Flex","floor":23,"key":"SMITH"},{"data":"Limit Break","floor":28,"key":"SMITH"},{"data":"Disarm","floor":32,"key":"SMITH"}],"circlet_count":0,"master_deck":["AscendersBane","Strike_R","Strike_R","Strike_R","Defend_R","Defend_R","Defend_R","Defend_R","Bash+1","Wild Strike+1","Twin Strike","Battle Trance+1","Burning Pact","Shrug It Off+1","Barricade","Flex+1","Whirlwind+1","Flame Barrier","Limit Break+1","Evolve","Offering","Disarm+1"],"relics":["Burning Blood","Red Skull","Mummified Hand","Lantern","Mercury Hourglass","Sozu","Omamori","Ancient Tea Set","Bag of Marbles","Vajra","Boot"],"acts_visited":["TheCity"],"potions_floor_usage":[4,24,33],"damage_taken":[{"damage":2,"enemies":"Cultist","floor":1,"turns":4},{"damage":11,"enemies":"Jaw Worm","floor":2,"turns":5},{"damage":1,"enemies":"2 Louse","floor":3,"turns":2},{"damage":35,"enemies":"Exordium Wildlife","floor":4,"turns":5},{"damage":15,"enemies":"Large Slime","floor":5,"turns":4},{"damage":25,"enemies":"3 Sentries","floor":7,"turns":7},{"damage":15,"enemies":"Lagavulin","floor":11,"turns":3},{"damage":1,"enemies":"Red Slaver","floor":14,"turns":2},{"damage":12,"enemies":"Slime Boss","floor":16,"turns":7},{"damage":23,"enemies":"3 Byrds","floor":18,"turns":6},{"damage":4,"enemies":"2 Thieves","floor":20,"turns":4},{"damage":27,"enemies":"Snake Plant","floor":22,"turns":3},{"damage":20,"enemies":"Slavers","floor":24,"turns":3},{"damage":7,"enemies":"Book of Stabbing","floor":27,"turns":3},{"damage":0,"enemies":"Cultist and Chosen","floor":29,"turns":1},{"damage":0,"enemies":"Slavers","floor":30,"turns":1},{"damage":4,"enemies":"Centurion and Healer","floor":31,"turns":5},{"damage":28,"enemies":"Collector","floor":33,"turns":3}],"seed_played":"8817280079907679993","potions_obtained":[{"floor":2,"key":"FearPotion"},{"floor":7,"key":"ColorlessPotion"},{"floor":11,"key":"Fire Potion"},{"floor":14,"key":"SkillPotion"}],"is_trial":false,"path_per_floor":["M","M","M","M","M","R","E","R","T","R","E","$","R","M","R","B",null,"M","$","M","?","M","R","E","?","T","E","R","M","E","M","R","B"],"character_chosen":"IRONCLAD","items_purchased":["Burning Pact","Shrug It Off","Omamori"],"campfire_rested":1,"item_purchase_floors":[12,12,19],"current_hp_per_floor":[72,67,72,43,34,34,15,15,15,37,28,28,28,33,33,27,63,46,46,48,48,27,27,13,13,13,12,12,18,24,26,26,0,0],"gold":267,"neow_bonus":"RANDOM_COMMON_RELIC","is_daily":false,"chose_seed":false,"campfire_upgraded":7,"win_rate":0.0,"timestamp":1608817476,"path_taken":["M","M","M","M","M","R","E","R","T","R","E","$","R","M","R","BOSS","M","?","M","?","?","R","E","?","T","E","R","M","E","M","R","BOSS"],"items_purchased_type":["Card","Card","Relic"],"build_version":"2020-12-22","purchased_purges":1,"victory":false,"max_hp_per_floor":[75,75,75,75,75,75,75,75,75,75,75,75,75,75,75,75,75,75,75,75,75,75,75,75,75,75,75,75,75,75,75,75,75,75],"relic_stats":{"Sozu":4,"counters":[18,68],"Mummified Hand":[1],"Boot":[0],"obtain_stats":[{"Sozu":17,"Lantern":9,"Mummified Hand":7,"Vajra":27,"Omamori":19,"Bag of Marbles":26,"Ancient Tea Set":24,"Boot":30,"Burning Blood":0,"Red Skull":0,"Mercury Hourglass":11},{"Sozu":9,"Lantern":6,"Mummified Hand":6,"Vajra":14,"Omamori":10,"Bag of Marbles":13,"Ancient Tea Set":13,"Boot":16,"Burning Blood":0,"Red Skull":0,"Mercury Hourglass":7},{"Sozu":39,"Lantern":27,"Mummified Hand":27,"Vajra":58,"Omamori":45,"Bag of Marbles":55,"Ancient Tea Set":55,"Boot":60,"Burning Blood":0,"Red Skull":0,"Mercury Hourglass":30}],"Burning Blood":102,"Mercury Hourglass":[186]},"card_choices":[{"not_picked":["True Grit","Burning Pact"],"picked":"Wild Strike","floor":1},{"not_picked":["Dual Wield","Intimidate","Wild Strike"],"picked":"SKIP","floor":2},{"not_picked":["Iron Wave","Infernal Blade"],"picked":"Twin Strike","floor":3},{"not_picked":["Body Slam","Clothesline","Clash"],"picked":"SKIP","floor":4},{"not_picked":["Spot Weakness","Anger"],"picked":"Battle Trance","floor":5},{"not_picked":["Clash","Havoc","Clothesline"],"picked":"SKIP","floor":7},{"not_picked":["Clothesline","Infernal Blade","Iron Wave"],"picked":"SKIP","floor":11},{"not_picked":["Clothesline","Perfected Strike","Dark Embrace"],"picked":"SKIP","floor":14},{"not_picked":["Impervious","Juggernaut"],"picked":"Barricade","floor":16},{"not_picked":["Heavy Blade","Searing Blow"],"picked":"Flex","floor":18},{"not_picked":["Shockwave","Fire Breathing"],"picked":"Whirlwind+1","floor":20},{"not_picked":["Thunderclap","Body Slam"],"picked":"Flame Barrier","floor":22},{"not_picked":["Carnage+1","Perfected Strike+1","Iron Wave"],"picked":"SKIP","floor":24},{"not_picked":["Flex+1","Anger"],"picked":"Limit Break","floor":27},{"not_picked":["Warcry","Clash"],"picked":"Evolve","floor":29},{"not_picked":["Armaments","Iron Wave"],"picked":"Offering","floor":30},{"not_picked":["Body Slam","Perfected Strike+1"],"picked":"Disarm","floor":31}],"player_experience":3138268,"relics_obtained":[{"floor":7,"key":"Mummified Hand"},{"floor":9,"key":"Lantern"},{"floor":11,"key":"Mercury Hourglass"},{"floor":24,"key":"Ancient Tea Set"},{"floor":26,"key":"Bag of Marbles"},{"floor":27,"key":"Vajra"},{"floor":30,"key":"Boot"}],"event_choices":[{"cards_removed":["Strike_R"],"damage_healed":0,"gold_gain":0,"player_choice":"Offered Basic","damage_taken":0,"max_hp_gain":0,"max_hp_loss":0,"event_name":"Bonfire Elementals","floor":21,"gold_loss":0},{"damage_healed":0,"gold_gain":50,"player_choice":"Stole From Cult","damage_taken":0,"max_hp_gain":0,"max_hp_loss":0,"event_name":"Nest","floor":25,"gold_loss":0}],"is_beta":false,"boss_relics":[{"not_picked":["Runic Cube","SlaversCollar"],"picked":"Sozu"}],"items_purged_floors":[12],"is_endless":false,"potions_floor_spawned":[2,7,11,14,16,22,24,27,31],"killed_by":"Collector","ascension_level":20}}