{"host":"6pgtslebjnyv5xmi","time":1608809760,"event":{"mods":["AchievementEnabler","BaseMod","Colored Map","Minty Spire (QoL Compilation)","Rare Cards Sparkle","StSLib","SuperFastMode","The Dragon Tamer","everything is the same but u backflip on backflip"],"gold_per_floor":[112,112,112,125,125,125,158,123,123,123,123,136,136,61,61,166,166,183,183,183,209,209,209,240,240,240,274,274,78,78,88,88,185,185,203,140,158,170,21,52,52,274,325,356,356,367,417,133,133,133],"floor_reached":51,"playtime":2368,"items_purged":["Strike_R","Strike_R","Strike_R","Strike_R","Normality"],"score":1148,"play_id":"41cd5816-c335-47f6-b269-6643a98f643e","local_time":"20201224203600","is_ascension_mode":true,"campfire_choices":[{"data":"Spot Weakness","floor":6,"key":"SMITH"},{"data":"Feed","floor":10,"key":"SMITH"},{"data":"Sword Boomerang","floor":13,"key":"SMITH"},{"data":"Flex","floor":15,"key":"SMITH"},{"data":"Heavy Blade","floor":23,"key":"SMITH"},{"data":"Reaper","floor":25,"key":"SMITH"},{"data":"Inflame","floor":28,"key":"SMITH"},{"floor":32,"key":"REST"},{"floor":49,"key":"DIG"}],"circlet_count":0,"master_deck":["Strike_R","Defend_R","Defend_R","Defend_R","Bash+1","Spot Weakness+1","Flex+1","Feed+1","Inflame+1","Sword Boomerang+1","Reaper+1","Armaments+1","Flex+1","Heavy Blade+1","Blood for Blood+1","Berserk+1","Heavy Blade+1","Entrench+1","Shrug It Off+1","Impervious","Writhe","Twin Strike+1"],"relics":["Black Blood","NeowsBlessing","Red Skull","CaptainsWheel","FossilizedHelix","Ornamental Fan","Letter Opener","Frozen Egg 2","Nilry\u0027s Codex","Red Mask","Art of War","Question Card","Darkstone Periapt","Membership Card","Cursed Key","Vajra","Orichalcum","Lantern","Kunai","Pen Nib","Shovel","Paper Frog","HandDrill","Bottled Tornado"],"acts_visited":["Exordium","TheCity","TheBeyond"],"potions_floor_usage":[16,16,21,21,33,33,33,38,40],"damage_taken":[{"damage":0,"enemies":"2 Louse","floor":1,"turns":1},{"damage":0,"enemies":"Jaw Worm","floor":4,"turns":1},{"damage":0,"enemies":"Gremlin Nob","floor":7,"turns":1},{"damage":0,"enemies":"Cultist","floor":12,"turns":4},{"damage":23,"enemies":"The Guardian","floor":16,"turns":6},{"damage":19,"enemies":"Shell Parasite","floor":18,"turns":4},{"damage":18,"enemies":"Masked Bandits","floor":21,"turns":4},{"damage":30,"enemies":"Gremlin Leader","floor":24,"turns":7},{"damage":65,"enemies":"Slavers","floor":27,"turns":6},{"damage":18,"enemies":"Chosen","floor":31,"turns":5},{"damage":97,"enemies":"Automaton","floor":33,"turns":7},{"damage":0,"enemies":"Orb Walker","floor":35,"turns":2},{"damage":45,"enemies":"3 Darklings","floor":37,"turns":5},{"damage":0,"enemies":"4 Shapes","floor":38,"turns":3},{"damage":0,"enemies":"Nemesis","floor":40,"turns":3},{"damage":66,"enemies":"Reptomancer","floor":44,"turns":4},{"damage":26,"enemies":"Jaw Worm Horde","floor":46,"turns":6},{"damage":0,"enemies":"Mind Bloom Boss Battle","floor":47,"turns":4},{"damage":82,"enemies":"Donu and Deca","floor":50,"turns":7}],"seed_played":"-6603607039877341665","potions_obtained":[{"floor":1,"key":"SteroidPotion"},{"floor":5,"key":"Ancient Potion"},{"floor":5,"key":"SpeedPotion"},{"floor":5,"key":"PowerPotion"},{"floor":7,"key":"ColorlessPotion"},{"floor":12,"key":"Fire Potion"},{"floor":16,"key":"Regen Potion"},{"floor":18,"key":"DistilledChaos"},{"floor":27,"key":"Strength Potion"},{"floor":31,"key":"ColorlessPotion"},{"floor":37,"key":"DistilledChaos"},{"floor":38,"key":"SpeedPotion"}],"is_trial":false,"path_per_floor":["M","?","?","M","?","R","E","$","T","R","T","M","R","$","R","B",null,"M","T","?","?","?","R","E","R","T","E","R","$","?","M","R","B",null,"M","$","M","M","$","E","?","?","T","E","T","M","?","$","R","B",null],"character_chosen":"IRONCLAD","items_purchased":["Inflame","Membership Card","Vajra","Paper Frog","HandDrill"],"campfire_rested":1,"item_purchase_floors":[8,29,39,48,48],"current_hp_per_floor":[78,71,71,77,77,77,80,80,80,80,80,84,84,84,84,67,80,86,86,70,86,86,86,92,92,92,67,67,67,67,67,95,19,77,89,89,63,75,75,96,96,96,102,84,90,85,110,110,110,44],"gold":133,"neow_bonus":"THREE_ENEMY_KILL","is_daily":false,"chose_seed":false,"campfire_upgraded":7,"win_rate":0.0,"timestamp":1608809760,"path_taken":["M","?","?","?","?","R","E","?","T","R","?","?","R","$","R","BOSS","M","?","?","?","?","R","E","R","T","E","R","$","?","M","R","BOSS","M","$","?","M","$","E","?","?","T","E","?","?","?","?","R","BOSS"],"items_purchased_type":["Card","Relic","Relic","Relic","Relic"],"build_version":"2020-12-22","purchased_purges":5,"victory":true,"max_hp_per_floor":[80,80,80,80,80,80,80,80,80,80,80,84,84,84,84,84,84,88,88,88,92,92,92,92,92,92,96,96,96,96,96,96,96,96,96,96,96,96,96,96,96,96,102,106,112,112,112,112,112,116],"card_choices":[{"not_picked":["Rampage","Heavy Blade"],"picked":"Spot Weakness","floor":1},{"not_picked":["Havoc","Pommel Strike"],"picked":"Flex","floor":4},{"not_picked":["Impervious","Heavy Blade"],"picked":"Feed","floor":7},{"not_picked":["Armaments","Rupture"],"picked":"Sword Boomerang","floor":12},{"not_picked":["Double Tap","Offering"],"picked":"Reaper","floor":16},{"not_picked":["Sever Soul+1","Cleave+1"],"picked":"Armaments+1","floor":18},{"not_picked":["Twin Strike","Fiend Fire"],"picked":"Flex+1","floor":21},{"not_picked":["Iron Wave","Perfected Strike","Brutality+1"],"picked":"SKIP","floor":24},{"not_picked":["Anger","True Grit","Sentinel"],"picked":"Blood for Blood+1","floor":27},{"not_picked":["Wild Strike+1","Perfected Strike","Clothesline","True Grit"],"picked":"SKIP","floor":31},{"not_picked":["Immolate","Feed","Fiend Fire"],"picked":"Berserk+1","floor":33},{"not_picked":["Body Slam","Iron Wave+1","True Grit","Clothesline+1"],"picked":"SKIP","floor":35},{"not_picked":["Shrug It Off+1","Reckless Charge+1","Evolve+1"],"picked":"Heavy Blade+1","floor":37},{"not_picked":["Evolve+1","Disarm+1","Perfected Strike"],"picked":"Entrench+1","floor":38},{"not_picked":["Blood for Blood","Thunderclap","Havoc+1"],"picked":"Shrug It Off+1","floor":40},{"not_picked":["Flame Barrier+1","Headbutt","Carnage+1"],"picked":"Impervious","floor":44},{"not_picked":["Warcry+1","True Grit+1","Dropkick+1"],"picked":"Twin Strike+1","floor":46}],"player_experience":450045,"relics_obtained":[{"floor":7,"key":"FossilizedHelix"},{"floor":9,"key":"Ornamental Fan"},{"floor":11,"key":"Letter Opener"},{"floor":19,"key":"Frozen Egg 2"},{"floor":20,"key":"Nilry\u0027s Codex"},{"floor":21,"key":"Red Mask"},{"floor":24,"key":"Art of War"},{"floor":26,"key":"Question Card"},{"floor":27,"key":"Darkstone Periapt"},{"floor":40,"key":"Orichalcum"},{"floor":43,"key":"Lantern"},{"floor":44,"key":"Kunai"},{"floor":45,"key":"Pen Nib"},{"floor":47,"key":"Shovel"},{"floor":49,"key":"Bottled Tornado"}],"event_choices":[{"damage_healed":0,"gold_gain":0,"player_choice":"Success","damage_taken":7,"relics_obtained":["Red Skull"],"max_hp_gain":0,"max_hp_loss":0,"event_name":"Scrap Ooze","floor":2,"gold_loss":0},{"damage_healed":0,"gold_gain":0,"player_choice":"Gave Potion","damage_taken":0,"relics_obtained":["CaptainsWheel"],"max_hp_gain":0,"max_hp_loss":0,"event_name":"WeMeetAgain","floor":3,"gold_loss":0},{"damage_healed":0,"gold_gain":0,"player_choice":"Got Potions","damage_taken":0,"max_hp_gain":0,"max_hp_loss":0,"event_name":"Lab","floor":5,"gold_loss":0},{"damage_healed":0,"gold_gain":0,"player_choice":"Obtained Book","damage_taken":16,"max_hp_gain":0,"max_hp_loss":0,"event_name":"Cursed Tome","floor":20,"gold_loss":0},{"damage_healed":0,"gold_gain":0,"player_choice":"Fought Bandits","damage_taken":0,"max_hp_gain":0,"max_hp_loss":0,"event_name":"Masked Bandits","floor":21,"gold_loss":0},{"damage_healed":0,"gold_gain":0,"player_choice":"Read","damage_taken":0,"max_hp_gain":0,"max_hp_loss":0,"event_name":"The Library","floor":22,"gold_loss":0,"cards_obtained":["Heavy Blade"]},{"damage_healed":0,"gold_gain":0,"player_choice":"Forge","damage_taken":0,"max_hp_gain":0,"max_hp_loss":0,"event_name":"Accursed Blacksmith","floor":30,"gold_loss":0,"cards_upgraded":["Bash"]},{"cards_removed":["Defend_R"],"damage_healed":0,"gold_gain":0,"player_choice":"Removed Skill","damage_taken":0,"max_hp_gain":0,"max_hp_loss":0,"event_name":"Falling","floor":41,"gold_loss":0},{"damage_healed":0,"gold_gain":222,"player_choice":"Wore Mask","damage_taken":0,"max_hp_gain":0,"max_hp_loss":0,"event_name":"Tomb of Lord Red Mask","floor":42,"gold_loss":0},{"damage_healed":0,"gold_gain":0,"player_choice":"Fight","damage_taken":0,"max_hp_gain":0,"max_hp_loss":0,"event_name":"MindBloom","floor":47,"gold_loss":0}],"is_beta":false,"boss_relics":[{"not_picked":["Philosopher\u0027s Stone","Tiny House"],"picked":"Black Blood"},{"not_picked":["Coffee Dripper","Snecko Eye"],"picked":"Cursed Key"}],"items_purged_floors":[14,29,36,39,48],"is_endless":false,"potions_floor_spawned":[1,7,12,16,18,27,31,37,38],"ascension_level":7}}