{"host":"wna8kqr6yweggo4i","time":1608795745,"event":{"mods":["BaseMod","Colored Powertips","Hermit","Hubris","Marisa????????","Minty Spire (QoL Compilation)","StSLib"],"gold_per_floor":[111,111,127,127,127,127,143,143,143,143,104,104,130,130,130,234,234,252,266,278,54,54,54,54,54,54,54,54,54,86,99,99,99,99],"floor_reached":33,"playtime":1038,"items_purged":[],"score":259,"play_id":"6da1d3f2-a570-44de-87b5-defa0cbd1318","local_time":"20201224014225","is_ascension_mode":false,"campfire_choices":[{"data":"hermit:Headshot","floor":6,"key":"SMITH"},{"data":"hermit:Virtue","floor":8,"key":"SMITH"},{"data":"hermit:Snapshot","floor":10,"key":"SMITH"},{"data":"hermit:GoldenBullet","floor":12,"key":"SMITH"},{"data":"hermit:Strike_Hermit","floor":15,"key":"SMITH"},{"data":"hermit:Maintenance","floor":27,"key":"SMITH"},{"floor":29,"key":"REST"},{"floor":32,"key":"REST"}],"circlet_count":0,"master_deck":["hermit:Strike_Hermit+1","hermit:Strike_Hermit","hermit:Strike_Hermit","hermit:Strike_Hermit","hermit:Defend_Hermit","hermit:Defend_Hermit","hermit:Defend_Hermit","hermit:Snapshot+1","hermit:Covet","hermit:Dive+1","hermit:Headshot+1","hermit:Virtue+1","hermit:GoldenBullet+1","hermit:RoundhouseKick","hermit:FlashPowder","hermit:Vantage+1","hermit:LowProfile","hermit:GhostlyPresence+1","hermit:LowProfile","hermit:Coalescence","hermit:BodyArmor","hermit:WideOpen+1","hermit:Ricochet+1","hermit:Maintenance+1","hermit:Midnight","hermit:ShadowCloak","Decay","hermit:Manifest","hermit:Manifest+1","hermit:Desperado+1"],"relics":["hermit:Momento","NeowsBlessing","hubris:Icosahedron","Ice Cream","Prayer Wheel","hubris:Stopwatch","Orrery","MutagenicStrength","Bottled Lightning","Sundial"],"acts_visited":["Exordium","TheCity"],"potions_floor_usage":[16,20],"damage_taken":[{"damage":0.0,"enemies":"2 Louse","floor":1.0,"turns":1.0},{"damage":0.0,"enemies":"Cultist","floor":3.0,"turns":1.0},{"damage":0,"enemies":"Jaw Worm","floor":7,"turns":1},{"damage":8,"enemies":"Gremlin Nob","floor":13,"turns":3},{"damage":46,"enemies":"The Guardian","floor":16,"turns":11},{"damage":11,"enemies":"3 Byrds","floor":18,"turns":6},{"damage":17,"enemies":"Spheric Guardian","floor":19,"turns":4},{"damage":21,"enemies":"3 Cultists","floor":20,"turns":6},{"damage":20,"enemies":"Book of Stabbing","floor":30,"turns":7},{"damage":14,"enemies":"Centurion and Healer","floor":31,"turns":7},{"damage":36,"enemies":"Champ","floor":33,"turns":6}],"seed_played":"2807953149183422706","potions_obtained":[{"floor":13,"key":"Weak Potion"},{"floor":18,"key":"Explosive Potion"}],"is_trial":false,"path_per_floor":["M","?","M","?","?","R","M","R","T","R","$","R","E","?","R","B",null,"M","M","M","$","?","?","?","$","T","R","$","R","E","M","R","B"],"character_chosen":"HERMIT","items_purchased":["hermit:GoldenBullet","Orrery","hermit:ShadowCloak"],"campfire_rested":2,"item_purchase_floors":[11,21,21],"current_hp_per_floor":[75,75,75,75,75,75,75,75,75,75,75,75,67,67,67,21,75,64,47,26,26,26,26,26,26,26,26,26,48,28,14,36,0,0],"gold":99,"neow_bonus":"THREE_ENEMY_KILL","is_daily":false,"chose_seed":false,"campfire_upgraded":6,"win_rate":0.0,"timestamp":1608795745,"path_taken":["M","?","?","?","?","R","M","R","T","R","$","R","E","?","R","BOSS","M","M","M","$","?","?","?","$","T","R","?","R","E","M","R","BOSS"],"items_purchased_type":["Card","Relic","Card"],"build_version":"2020-12-22","purchased_purges":0,"victory":false,"max_hp_per_floor":[75,75,75,75,75,75,75,75,75,75,75,75,75,75,75,75,75,75,75,75,75,75,75,75,75,75,75,75,75,75,75,75,75,75],"card_choices":[{"not_picked":["hermit:CalledShot","hermit:Roulette"],"picked":"hermit:Dive","floor":1.0},{"not_picked":["hermit:Ricochet","hermit:SprayPray"],"picked":"hermit:Headshot","floor":3.0},{"not_picked":["hermit:CalledShot","hermit:Glare"],"picked":"hermit:Virtue","floor":7},{"not_picked":["hermit:Misfire","hermit:FullyLoaded","hermit:Showdown"],"picked":"SKIP","floor":13},{"not_picked":["hermit:FromBeyond","hermit:Gambit"],"picked":"hermit:RoundhouseKick","floor":16},{"not_picked":["hermit:TakeCover","hermit:Coalescence"],"picked":"hermit:FlashPowder","floor":18},{"not_picked":["hermit:NoHoldsBarred","hermit:SprayPray"],"picked":"hermit:Vantage+1","floor":18},{"not_picked":["hermit:Ricochet+1","hermit:Misfire"],"picked":"hermit:LowProfile","floor":19},{"not_picked":["hermit:Feint","hermit:Manifest+1"],"picked":"hermit:GhostlyPresence+1","floor":19},{"not_picked":["hermit:OverwhelmingPower","hermit:Deadeye"],"picked":"hermit:LowProfile","floor":20},{"not_picked":["hermit:HighCaliber","hermit:BigShot"],"picked":"hermit:Coalescence","floor":20},{"not_picked":["hermit:HoleUp","hermit:SprayPray"],"picked":"hermit:BodyArmor","floor":21},{"not_picked":["hermit:Spite+1","hermit:Dive"],"picked":"hermit:WideOpen+1","floor":21},{"not_picked":["hermit:Midnight","hermit:LuckOfTheDraw"],"picked":"hermit:Ricochet+1","floor":21},{"not_picked":["hermit:Misfire","hermit:RoundhouseKick"],"picked":"hermit:Maintenance","floor":21},{"not_picked":["hermit:Showdown","hermit:Spite"],"picked":"hermit:Midnight","floor":21},{"not_picked":["hermit:Deadeye","hermit:ShadowCloak"],"picked":"hermit:Manifest","floor":30},{"not_picked":["hermit:Horror","hermit:Glare+1"],"picked":"hermit:Manifest+1","floor":31},{"not_picked":["hermit:GhostlyPresence","hermit:Vantage+1"],"picked":"hermit:Desperado+1","floor":31}],"player_experience":373506,"relics_obtained":[{"floor":9,"key":"Ice Cream"},{"floor":13,"key":"Prayer Wheel"},{"floor":26,"key":"Bottled Lightning"},{"floor":30,"key":"Sundial"}],"event_choices":[{"damage_healed":0.0,"max_hp_gain":0.0,"max_hp_loss":0.0,"gold_gain":0.0,"event_name":"Upgrade Shrine","player_choice":"Upgraded","floor":2.0,"gold_loss":0.0,"damage_taken":0.0,"cards_upgraded":["hermit:Dive"]},{"damage_healed":0,"gold_gain":0,"player_choice":"Leave","damage_taken":0,"max_hp_gain":0,"max_hp_loss":0,"event_name":"The Cleric","floor":5,"gold_loss":0},{"cards_removed":["hermit:Defend_Hermit"],"damage_healed":0,"gold_gain":0,"player_choice":"Card Removal","damage_taken":0,"max_hp_gain":0,"max_hp_loss":0,"event_name":"Wheel of Change","floor":14,"gold_loss":0},{"damage_healed":0,"gold_gain":0,"player_choice":"Smashed Altar","damage_taken":0,"max_hp_gain":0,"max_hp_loss":0,"event_name":"Forgotten Altar","floor":23,"gold_loss":0,"cards_obtained":["Decay"]},{"damage_healed":0,"gold_gain":0,"player_choice":"Inject Mutagens","damage_taken":0,"relics_obtained":["MutagenicStrength"],"max_hp_gain":0,"max_hp_loss":0,"event_name":"Drug Dealer","floor":24,"gold_loss":0}],"is_beta":false,"boss_relics":[{"not_picked":["Runic Dome","hubris:BlackHole"],"picked":"hubris:Stopwatch"}],"items_purged_floors":[],"is_endless":false,"potions_floor_spawned":[13,18],"killed_by":"Champ","ascension_level":0}}