{"host":"pgqkv8mh62pnrbci","time":1608815090,"event":{"mods":["AchievementEnabler","BaseMod","Challenge The Spire","Custom Start","DeckTracker","Minty Spire (QoL Compilation)","Replay The Spire","StSLib","SuperFastMode","¡¼?Úª?ø«¡½REMEMod"],"gold_per_floor":[367,117,143,178,208,208,220,232,276,313,356,368,204,204,263,343,377,500],"floor_reached":19,"playtime":825,"items_purged":["Strike_B"],"score":445,"play_id":"aa7206d4-ee43-42de-9435-f0270cc268f5","local_time":"20201224220450","daily_mods":["challengethespire:Bronze Difficulty","challengethespire:Elite Rush","Uncertain Future"],"is_ascension_mode":false,"campfire_choices":[{"data":"Recycle","floor":14,"key":"SMITH"}],"circlet_count":0,"master_deck":["Strike_B","Strike_B","Strike_B","Defend_B","Defend_B","Defend_B+1","Defend_B+1","Zap","Dualcast","Reboot","Sunder","Ball Lightning","Conserve Battery","Redo","Static Discharge+1","Survey Options","ReplayTheSpireMod:Necrogeddon","ReplayTheSpireMod:GoodbyeWorld","REME_Shoggoth","Recycle+1","Biased Cognition","ReplayTheSpireMod:Necrogeddon","Aggregate","ReplayGash","CurseOfTheBell","REME_SelfUpgrade","Panic Button","ReplayGash","ReplayGash","Hello World","FTL","Recycle","Tempest"],"relics":["Cracked Core","Black Star","Sling","PreservedInsect","REME_ComplimentaryCards","BargainBundle","REME_PuzzleBoxRelic","Ice Cream","Emotion Chip","Art of War","War Paint","Bag of Preparation","Calipers","DataDisk","REME_LowDesire","MawBank","Geode","Bag of Marbles","FossilizedHelix","Ancient Tea Set","Unceasing Top","REME_ArchaeologicalTools","Anchor","Calling Bell","Toy Ornithopter","Meat on the Bone","Girya","Regal Pillow","The Courier","Replay:Accelerometer","ReplayTheSpireMod:TigerMarble","Dead Branch","Replay:Wax Seal","StrikeDummy","Replay:WaspNest"],"acts_visited":["Exordium"],"potions_floor_usage":[4,5,5,9,18,18,18],"damage_taken":[{"damage":0,"enemies":"Lagavulin","floor":3,"turns":4},{"damage":2,"enemies":"3 Sentries","floor":4,"turns":3},{"damage":2,"enemies":"Gremlin Nob","floor":5,"turns":3},{"damage":14,"enemies":"Gremlin Leader","floor":9,"turns":2},{"damage":0,"enemies":"Slavers","floor":10,"turns":3},{"damage":6,"enemies":"Book of Stabbing","floor":11,"turns":2},{"damage":0,"enemies":"Nemesis","floor":15,"turns":1},{"damage":13,"enemies":"Reptomancer","floor":16,"turns":3},{"damage":0,"enemies":"Giant Head","floor":17,"turns":1},{"damage":0,"enemies":"Shield and Spear","floor":18,"turns":1}],"seed_played":"1652659762540459300","potions_obtained":[{"floor":10,"key":"AttackPotion"},{"floor":11,"key":"REME_GoldPotion"},{"floor":16,"key":"PowerPotion"}],"is_trial":true,"path_per_floor":["$","$","E","E","E","T","$","$","E","E","E","T","$","R","E","E","E","E",null],"character_chosen":"DEFECT","items_purchased":["BargainBundle","REME_PuzzleBoxRelic","Ice Cream","Sunder","Ball Lightning","Conserve Battery","Redo","Static Discharge+1","Survey Options","SpeedPotion","Dexterity Potion","Explosive Potion","ReplayTheSpireMod:Necrogeddon","ReplayTheSpireMod:GoodbyeWorld","REME_SelfUpgrade","Panic Button","ReplayGash"],"campfire_rested":0,"item_purchase_floors":[1,1,1,1,1,1,1,1,1,1,1,1,2,2,13,13,13],"current_hp_per_floor":[75,75,75,73,71,71,71,71,57,57,51,51,51,51,51,38,38,53],"gold":500,"neow_bonus":"","is_daily":false,"chose_seed":false,"campfire_upgraded":1,"win_rate":0.0,"timestamp":1608815090,"path_taken":["$","$","E","E","E","T","$","$","E","E","E","T","$","R","E","E","E","E"],"items_purchased_type":["Relic","Relic","Relic","Card","Card","Card","Card","Card","Card","Potion","Potion","Potion","Card","Card","Card","Card","Card"],"build_version":"2020-12-22","purchased_purges":1,"victory":true,"max_hp_per_floor":[75,75,75,75,75,75,75,75,75,75,75,75,75,75,75,75,75,75],"card_choices":[],"player_experience":573297,"relics_obtained":[{"floor":3,"key":"Emotion Chip"},{"floor":3,"key":"Art of War"},{"floor":4,"key":"War Paint"},{"floor":4,"key":"Bag of Preparation"},{"floor":5,"key":"Calipers"},{"floor":5,"key":"DataDisk"},{"floor":6,"key":"MawBank"},{"floor":6,"key":"Geode"},{"floor":9,"key":"Bag of Marbles"},{"floor":9,"key":"FossilizedHelix"},{"floor":10,"key":"Ancient Tea Set"},{"floor":10,"key":"Unceasing Top"},{"floor":11,"key":"REME_ArchaeologicalTools"},{"floor":11,"key":"Anchor"},{"floor":12,"key":"Toy Ornithopter"},{"floor":12,"key":"Meat on the Bone"},{"floor":12,"key":"Girya"},{"floor":15,"key":"Regal Pillow"},{"floor":15,"key":"The Courier"},{"floor":16,"key":"Replay:Accelerometer"},{"floor":16,"key":"ReplayTheSpireMod:TigerMarble"},{"floor":17,"key":"Dead Branch"},{"floor":17,"key":"Replay:Wax Seal"},{"floor":18,"key":"StrikeDummy"},{"floor":18,"key":"Replay:WaspNest"}],"event_choices":[],"is_beta":false,"boss_relics":[{"not_picked":["Velvet Choker","Inserter"],"picked":"REME_LowDesire"},{"not_picked":["Philosopher\u0027s Stone","SacredBark"],"picked":"Calling Bell"}],"items_purged_floors":[1],"is_endless":false,"potions_floor_spawned":[3,10,11,16],"ascension_level":0}}