{"host":"cyh4fejqtcjbfr7k","time":1608782716,"event":{"mods":["2.2 Compatiblity","AchievementEnabler","BaseMod","Colored Map","Colored Powertips","DeckTracker","Downfall","Googly Eyes","Hubris","Infinite Spire","Minty Spire (QoL Compilation)","Replay The Spire","Shop Mod","StSLib","SuperFastMode","Unceasing Turn Reminder"],"gold_per_floor":[218,229,229,229,248,248,248,161,188,223,223,237,249,260,260,360,360,374,374,374,229,241,241,267,286,286,286,301,312,312,312],"floor_reached":30,"playtime":1066,"items_purged":[],"score":302,"play_id":"a62fef1c-41ce-4ded-b28a-7f1e0fa91814","local_time":"20201223210516","is_ascension_mode":true,"campfire_choices":[{"data":"Crippling Poison","floor":6,"key":"SMITH"},{"floor":11,"key":"REST"},{"floor":15,"key":"REST"},{"floor":23,"key":"REST"}],"circlet_count":0,"master_deck":["Strike_G+1","Strike_G+1","Strike_G+1","Strike_G+1","Defend_G+1","Defend_G+1","Defend_G+1","Defend_G+1","Defend_G+1","Survivor","Neutralize","Backflip","Crippling Poison+1","Catalyst","Bane","Underhanded Strike","Replay:Poison Smokescreen","After Image","Bane","infinitespire:Neurotoxin","Bouncing Flask","Footwork","Dodge and Roll","Poisoned Stab+1","Sucker Punch+1","Blur"],"relics":["Ring of the Snake","Snake Skull","hubris:PeanutButter","hubris:Backtick","The Specimen","hubris:Towel","Lee\u0027s Waffle","infinitespire:Bottled Soul","Orichalcum"],"acts_visited":["Exordium","TheCity"],"potions_floor_usage":[16,18,29,29,30],"damage_taken":[{"damage":0,"enemies":"Cultist","floor":1,"turns":4},{"damage":0,"enemies":"Small Slimes","floor":2,"turns":4},{"damage":5,"enemies":"Jaw Worm","floor":5,"turns":7},{"damage":28,"enemies":"Lagavulin","floor":10,"turns":7},{"damage":0,"enemies":"3 Louse","floor":12,"turns":3},{"damage":0,"enemies":"Exordium Wildlife","floor":13,"turns":3},{"damage":0,"enemies":"2 Fungi Beasts","floor":14,"turns":2},{"damage":3,"enemies":"Slime Boss","floor":16,"turns":13},{"damage":7,"enemies":"Shell Parasite","floor":18,"turns":6},{"damage":14,"enemies":"3 Byrds","floor":22,"turns":5},{"damage":26,"enemies":"Gremlin Leader","floor":24,"turns":4},{"damage":22,"enemies":"Snake Plant","floor":25,"turns":7},{"damage":10,"enemies":"Shelled Parasite and Fungi","floor":28,"turns":6},{"damage":10,"enemies":"3 Cultists","floor":29,"turns":5},{"damage":14,"enemies":"Book of Stabbing","floor":30,"turns":6}],"seed_played":"3305291717168396036","potions_obtained":[{"floor":2,"key":"Weak Potion"},{"floor":13,"key":"Strength Potion"},{"floor":18,"key":"Strength Potion"},{"floor":22,"key":"Venom Potion"},{"floor":25,"key":"Milkshake"}],"is_trial":false,"path_per_floor":["M","M","$","?","M","R","?","$","T","E","R","M","M","M","R","B",null,"M","?","?","$","M","R","E","M","T","?","M","M","E"],"character_chosen":"THE_SILENT","items_purchased":["Catalyst","Bane","Lee\u0027s Waffle"],"campfire_rested":3,"item_purchase_floors":[8,8,21],"current_hp_per_floor":[70,70,70,70,65,65,65,65,65,37,58,58,58,58,70,67,70,63,50,50,82,68,82,56,34,34,34,24,14,0,0],"gold":312,"neow_bonus":"HUNDRED_GOLD","is_daily":false,"chose_seed":false,"campfire_upgraded":1,"win_rate":0.0,"timestamp":1608782716,"path_taken":["M","M","$","?","?","R","?","$","T","E","R","?","M","M","R","BOSS","M","?","?","?","?","R","E","M","T","?","M","M","E"],"items_purchased_type":["Card","Card","Relic"],"build_version":"2020-12-22","purchased_purges":0,"victory":false,"max_hp_per_floor":[70,70,70,70,70,70,70,70,70,70,70,70,70,70,70,70,70,70,75,75,82,82,82,82,82,82,82,82,82,82,82],"card_choices":[{"not_picked":["ReplayTheSpireMod:Tripwire","Acrobatics"],"picked":"Backflip","floor":1},{"not_picked":["Dodge and Roll","hubris:SlightOfHand"],"picked":"Crippling Poison","floor":2},{"not_picked":["Choke","Concentrate","Backflip"],"picked":"SKIP","floor":5},{"not_picked":["All Out Attack","Dodge and Roll"],"picked":"Underhanded Strike","floor":10},{"not_picked":["Setup","ReplayTheSpireMod:Scrap Shanks"],"picked":"Replay:Poison Smokescreen","floor":12},{"not_picked":["Setup","Sucker Punch"],"picked":"After Image","floor":13},{"not_picked":["hubris:TrickCloak","Cloak And Dagger"],"picked":"Bane","floor":14},{"not_picked":["Phantasmal Killer","Wraith Form v2"],"picked":"infinitespire:Neurotoxin","floor":16},{"not_picked":["Leg Sweep","Choke"],"picked":"Bouncing Flask","floor":18},{"not_picked":["Reflex","Flying Knee"],"picked":"Footwork","floor":22},{"not_picked":["Masterful Stab+1","Sucker Punch"],"picked":"Dodge and Roll","floor":24},{"not_picked":["Acrobatics","Cloak And Dagger+1"],"picked":"Poisoned Stab+1","floor":25},{"not_picked":["hubris:SlightOfHand","ReplayTheSpireMod:Scrap Shanks"],"picked":"Sucker Punch+1","floor":28},{"not_picked":["Finisher","Dodge and Roll"],"picked":"Blur","floor":29}],"player_experience":609495,"relics_obtained":[{"floor":9,"key":"Snake Skull"},{"floor":10,"key":"hubris:PeanutButter"},{"floor":24,"key":"infinitespire:Bottled Soul"},{"floor":26,"key":"Orichalcum"}],"event_choices":[{"cards_removed":["Strike_G"],"damage_healed":0,"gold_gain":0,"player_choice":"Purged","damage_taken":0,"max_hp_gain":0,"max_hp_loss":0,"event_name":"Purifier","floor":4,"gold_loss":0},{"damage_healed":0,"gold_gain":0,"player_choice":"Ignored","damage_taken":0,"max_hp_gain":0,"max_hp_loss":0,"event_name":"Transmorgrifier","floor":7,"gold_loss":0},{"damage_healed":0,"gold_gain":0,"player_choice":"Shed Blood","damage_taken":18,"max_hp_gain":5,"max_hp_loss":0,"event_name":"Forgotten Altar","floor":19,"gold_loss":0},{"damage_healed":0,"gold_gain":0,"player_choice":"Simplicity","damage_taken":0,"max_hp_gain":0,"max_hp_loss":0,"event_name":"Back to Basics","floor":27,"gold_loss":0,"cards_upgraded":["Strike_G","Strike_G","Strike_G","Strike_G","Defend_G","Defend_G","Defend_G","Defend_G","Defend_G"]}],"is_beta":false,"boss_relics":[{"not_picked":["Busted Crown","Black Star"],"picked":"hubris:Backtick"}],"items_purged_floors":[],"is_endless":false,"potions_floor_spawned":[2,13,18,22,25],"killed_by":"Book of Stabbing","ascension_level":4}}