{"host":"gasnufldyoo3453u","time":1608811406,"event":{"mods":["Act Like it!","BaseMod","Colored Map","Colored Powertips","Downfall","Minty Spire (QoL Compilation)","Rare Cards Sparkle","StSLib"],"gold_per_floor":[199,219,219,235,255,255,255,282,26,36,36,36,63,74,86,184,184,184,184,184,184,134,134,134,134,134,134,134,19,19,19,19,19,19,19,19,19,19,19,19,19,19,19,19,19,4,4,4,4,4,4,4,4,4,4],"floor_reached":56,"playtime":3221,"items_purged":["Guardian:Strike_Guardian"],"score":1504,"play_id":"b7b39115-ac28-4bff-aa57-518f541e39c3","local_time":"20201224200325","is_ascension_mode":true,"campfire_choices":[{"data":"Guardian:TwinSlam","floor":1,"key":"SMITH"},{"data":"Guardian:ChargeUp","floor":6,"key":"SMITH"},{"data":"Guardian:DecasProtection","floor":11,"key":"SMITH"},{"data":"Guardian:Orbwalk","floor":18,"key":"SMITH"},{"data":"Guardian:ChargeUp","floor":25,"key":"SMITH"},{"floor":27,"key":"RECALL"},{"data":"Guardian:Suspension","floor":30,"key":"SMITH"},{"data":"Guardian:CompilePackage","floor":35,"key":"SMITH"},{"data":"Guardian:Orbwalk","floor":40,"key":"SMITH"},{"data":"expansioncontent:DefensiveStance","floor":47,"key":"SMITH"},{"data":"Guardian:DonusPower","floor":54,"key":"SMITH"}],"circlet_count":0,"master_deck":["Guardian:Defend_Guardian","Guardian:CurlUp","Guardian:TwinSlam+1","Guardian:ChargeUp+1","Guardian:Orbwalk+1","Guardian:DecasProtection+1","Guardian:RollAttack","Guardian:Planning","Guardian:Suspension+1","Guardian:BronzeArmor","Guardian:FastForward","Guardian:PolyBeam+1","Guardian:ChargeUp+1","Guardian:DonusPower","Guardian:Orbwalk+1","Guardian:CompilePackage+1","Guardian:HyperBeam_Guardian+1","Guardian:Repulse+1","Guardian:DonusPower","Guardian:PiercingHide","expansioncontent:DefensiveStance+1","Guardian:WalkerClaw+1","Guardian:PiercingHide+1","Guardian:ArmoredProtocol+1","Guardian:DonusPower+1"],"relics":["Guardian:ModeShifter","Happy Flower","Odd Mushroom","Mercury Hourglass","Guardian:PickAxe","downfall:Hecktoplasm","downfall:HeartBlessingGreen","Bag of Marbles","Guardian:PocketSentry","CaptainsWheel","Singing Bowl","Nunchaku","downfall:HeartBlessingRed","Astrolabe","Bird Faced Urn","FossilizedHelix","Meat on the Bone","downfall:HeartBlessingBlue","Guardian:DefensiveModeMoreBlock"],"acts_visited":["Exordium","TheCity","TheBeyond","TheEnding"],"potions_floor_usage":[14,16,23,33,55,55],"damage_taken":[{"damage":4,"enemies":"Small Slimes","floor":2,"turns":4},{"damage":3,"enemies":"2 Louse","floor":4,"turns":3},{"damage":7,"enemies":"Jaw Worm","floor":5,"turns":3},{"damage":8,"enemies":"The Mushroom Lair","floor":8,"turns":5},{"damage":0,"enemies":"downfall:FleeingMerchant","floor":9,"turns":4},{"damage":0,"enemies":"Large Slime","floor":10,"turns":3},{"damage":18,"enemies":"Gremlin Nob","floor":13,"turns":3},{"damage":0,"enemies":"3 Louse","floor":14,"turns":1},{"damage":7,"enemies":"Exordium Thugs","floor":15,"turns":4},{"damage":11,"enemies":"downfall:Ironclad","floor":16,"turns":6},{"damage":7,"enemies":"Spheric Guardian","floor":19,"turns":4},{"damage":16,"enemies":"Book of Stabbing","floor":23,"turns":4},{"damage":2,"enemies":"downfall:Defect","floor":26,"turns":4},{"damage":4,"enemies":"Slavers","floor":28,"turns":3},{"damage":0,"enemies":"downfall:FleeingMerchant","floor":29,"turns":4},{"damage":0,"enemies":"Chosen","floor":31,"turns":3},{"damage":3,"enemies":"Shelled Parasite and Fungi","floor":32,"turns":5},{"damage":27,"enemies":"downfall:Silent","floor":33,"turns":5},{"damage":0,"enemies":"3 Shapes","floor":36,"turns":1},{"damage":10,"enemies":"Orb Walker","floor":37,"turns":2},{"damage":12,"enemies":"2 Orb Walkers","floor":38,"turns":4},{"damage":0,"enemies":"Mind Bloom Boss Battle","floor":39,"turns":5},{"damage":0,"enemies":"Transient","floor":44,"turns":5},{"damage":10,"enemies":"Nemesis","floor":45,"turns":5},{"damage":0,"enemies":"downfall:FleeingMerchant","floor":46,"turns":4},{"damage":0,"enemies":"Writhing Mass","floor":48,"turns":5},{"damage":8,"enemies":"4 Shapes","floor":49,"turns":3},{"damage":0,"enemies":"downfall:Watcher","floor":50,"turns":5},{"damage":12,"enemies":"downfall:CharBossMerchant","floor":52,"turns":7},{"damage":17,"enemies":"downfall:NeowBoss","floor":55,"turns":21}],"seed_played":"-1910647145744491336","potions_obtained":[{"floor":2,"key":"Guardian:StasisDiscoveryPotion"},{"floor":8,"key":"SkillPotion"},{"floor":13,"key":"Explosive Potion"},{"floor":15,"key":"Swift Potion"},{"floor":23,"key":"Energy Potion"},{"floor":31,"key":"LiquidMemories"},{"floor":38,"key":"Strength Potion"},{"floor":44,"key":"FearPotion"}],"is_trial":false,"path_per_floor":["R","M","?","M","M","R","T","?","$","M","R","?","E","M","M","B",null,"R","M","?","?","?","E","T","R","?","R","E","$","R","M","M","B",null,"R","M","M","?","?","R","T","?","?","M","E","$","R","M","M","B",null,"E","$","R","B",null],"character_chosen":"GUARDIAN","items_purchased":["Mercury Hourglass","Guardian:Gem_Cyan"],"campfire_rested":0,"item_purchase_floors":[9,29],"current_hp_per_floor":[80,76,76,73,66,66,66,58,58,58,58,58,40,40,33,22,66,66,59,59,59,80,64,64,64,62,62,58,60,60,60,59,32,71,71,71,61,51,61,61,61,61,61,75,77,83,93,100,94,102,102,100,100,100,94],"gold":4,"neow_bonus":"HUNDRED_GOLD","is_daily":false,"chose_seed":false,"campfire_upgraded":10,"win_rate":0.0,"timestamp":1608811405,"path_taken":["R","M","?","M","M","R","T","?","$","M","R","?","E","M","M","BOSS","R","M","?","?","?","E","T","R","?","R","E","$","R","M","M","BOSS","R","M","M","?","?","R","T","?","?","M","E","?","R","?","M","BOSS","E","$","R","BOSS"],"items_purchased_type":["Relic","Card"],"build_version":"2020-12-22","purchased_purges":1,"victory":true,"max_hp_per_floor":[80,80,80,80,80,80,80,80,80,80,80,80,80,80,80,80,80,80,80,80,80,80,80,80,80,80,80,80,82,82,82,84,84,84,84,84,84,86,88,88,88,88,88,88,90,90,100,100,102,102,102,102,102,102,102],"card_choices":[{"not_picked":["Guardian:Recover","Guardian:WalkerClaw"],"picked":"Guardian:ChargeUp","floor":2},{"not_picked":["Guardian:Preprogram","Guardian:PrismaticBarrier"],"picked":"Guardian:Orbwalk","floor":4},{"not_picked":["Guardian:BronzeArmor","Guardian:VentSteam"],"picked":"Guardian:DecasProtection","floor":5},{"not_picked":["Guardian:TemporalShield","Guardian:PrismaticBeam"],"picked":"Guardian:RollAttack","floor":8},{"not_picked":["Guardian:VentSteam","Guardian:CrystalBeam"],"picked":"Guardian:Planning","floor":9},{"not_picked":["Guardian:Reroute","Guardian:Gem_Cyan"],"picked":"Guardian:Gem_Red","floor":10},{"not_picked":["Guardian:RollAttack","Guardian:PrimingBeam"],"picked":"Guardian:WalkerClaw","floor":13},{"not_picked":["Guardian:ArmoredProtocol","Guardian:RollAttack"],"picked":"Guardian:Suspension","floor":14},{"not_picked":["Guardian:WalkerClaw","Guardian:Gem_Lightblue"],"picked":"Guardian:BronzeArmor","floor":15},{"not_picked":["Guardian:ConstructionForm","Guardian:GemFire"],"picked":"Guardian:FastForward","floor":16},{"not_picked":["Guardian:Planning","Guardian:WalkerClaw"],"picked":"Guardian:PolyBeam+1","floor":19},{"not_picked":["Guardian:PiercingHide","Guardian:ArmoredProtocol"],"picked":"Guardian:DonusPower","floor":23},{"not_picked":["Guardian:CrystalBeam","Guardian:PiercingHide+1"],"picked":"Guardian:Gem_Lightblue","floor":26},{"not_picked":["Guardian:FuturePlans","Guardian:PrismaticBarrier"],"picked":"Guardian:Gem_Crimson","floor":28},{"not_picked":["Guardian:StasisEngine","Guardian:Planning","Guardian:ChargeCore"],"picked":"Singing Bowl","floor":29},{"not_picked":["Guardian:Gem_Fragmented","Guardian:Gem_Yellow"],"picked":"Guardian:Orbwalk","floor":31},{"not_picked":["Guardian:Gem_Yellow","Guardian:Gem_Cyan","Guardian:Harden"],"picked":"Singing Bowl","floor":32},{"not_picked":["Guardian:RevengeProtocol","Guardian:ExploitGems"],"picked":"Guardian:CompilePackage","floor":33},{"not_picked":["Guardian:Gem_Crimson","Guardian:Gem_Red"],"picked":"Guardian:DonusPower","floor":36},{"not_picked":["Guardian:Gem_Cyan","Guardian:ArmoredProtocol+1"],"picked":"Guardian:PiercingHide","floor":37},{"not_picked":["Guardian:SentryBeam","Guardian:RollAttack","Guardian:Gem_Lightblue"],"picked":"Singing Bowl","floor":38},{"not_picked":["Guardian:PrismaticBarrier+1","Guardian:Incinerate+1","Guardian:TimeBomb+1"],"picked":"Singing Bowl","floor":39},{"not_picked":["expansioncontent:DonusPower","expansioncontent:TimeRipple"],"picked":"expansioncontent:DefensiveStance","floor":43},{"not_picked":["Guardian:Gem_Purple","Guardian:FloatingOrbs+1"],"picked":"Guardian:WalkerClaw+1","floor":44},{"not_picked":["Guardian:Gem_Blue","Guardian:Harden","Guardian:SpikerProtocol"],"picked":"Singing Bowl","floor":45},{"not_picked":["Guardian:Gem_Green","Guardian:RollAttack"],"picked":"Guardian:PiercingHide+1","floor":46},{"not_picked":["Guardian:Incinerate","Guardian:Repulse+1"],"picked":"Guardian:ArmoredProtocol+1","floor":48},{"not_picked":["Guardian:Reroute","Guardian:Gem_White","Guardian:SentryBeam+1"],"picked":"Singing Bowl","floor":49},{"not_picked":["Guardian:TemporalStrike","Guardian:Gem_Lightblue"],"picked":"Guardian:DonusPower","floor":52}],"player_experience":1249972,"relics_obtained":[{"floor":7,"key":"Happy Flower"},{"floor":8,"key":"Odd Mushroom"},{"floor":13,"key":"Guardian:PickAxe"},{"floor":23,"key":"Bag of Marbles"},{"floor":24,"key":"Guardian:PocketSentry"},{"floor":26,"key":"CaptainsWheel"},{"floor":26,"key":"Singing Bowl"},{"floor":28,"key":"Nunchaku"},{"floor":38,"key":"Bird Faced Urn"},{"floor":39,"key":"FossilizedHelix"},{"floor":45,"key":"Meat on the Bone"},{"floor":52,"key":"Guardian:DefensiveModeMoreBlock"}],"event_choices":[{"damage_healed":0,"gold_gain":0,"player_choice":"Fought Mushrooms","damage_taken":0,"max_hp_gain":0,"max_hp_loss":0,"event_name":"Mushrooms","floor":8,"gold_loss":0},{"damage_healed":0,"gold_gain":0,"cards_transformed":["Guardian:Strike_Guardian","Guardian:Strike_Guardian"],"player_choice":"Became Test Subject","damage_taken":0,"max_hp_gain":0,"max_hp_loss":0,"event_name":"Drug Dealer","floor":21,"gold_loss":0,"cards_obtained":["Guardian:ChargeUp","Guardian:WalkerClaw"]},{"damage_healed":0,"gold_gain":0,"player_choice":"Fight","damage_taken":0,"max_hp_gain":0,"max_hp_loss":0,"event_name":"Mysterious Sphere","floor":38,"gold_loss":0},{"cards_removed":["Guardian:WalkerClaw"],"damage_healed":0,"gold_gain":0,"player_choice":"Removed Attack","damage_taken":0,"max_hp_gain":0,"max_hp_loss":0,"event_name":"Falling","floor":42,"gold_loss":0}],"is_beta":false,"boss_relics":[{"not_picked":["Cursed Key","Runic Pyramid"],"picked":"downfall:Hecktoplasm"},{"not_picked":["Snecko Eye","SacredBark"],"picked":"Astrolabe"}],"items_purged_floors":[29],"is_endless":false,"potions_floor_spawned":[2,8,13,15,23,31,38,39,44,52],"ascension_level":5}}