{"host":"unahupgi85cj6bxp","time":1608797671,"event":{"mods":["Act Like it!","Aspiration","BaseMod","Card Forge","Conspire","Downfall","Energized Spire","Hubris","Infinite Spire","Minty Spire (QoL Compilation)","Replay The Spire","StSLib","The Animator"],"gold_per_floor":[99,109,109,109,146,163,163,13,39,39,50,79,4,32,49,149,149,149,162,176,176,249,249,249,249,249,249,265,282,282,301,316,417,467,467,59,59,59,59,59],"floor_reached":38,"playtime":3458,"items_purged":[],"score":430,"play_id":"e3dfa4df-849b-4fed-9569-585ab6578811","local_time":"20201224001431","is_ascension_mode":false,"campfire_choices":[{"floor":1,"key":"RECALL"},{"floor":8,"key":"REST"},{"floor":13,"key":"REST"}],"circlet_count":0,"master_deck":["Slimebound:Strike_Slimebound+1","Slimebound:Strike_Slimebound+1","Slimebound:Tackle+1","Slimebound:Defend_Slimebound+1","Slimebound:Defend_Slimebound+1","Slimebound:Defend_Slimebound+1","Slimebound:Defend_Slimebound+1","Slimebound:Split+1","Slimebound:CorrosiveSpit+1","Slimebound:GrowthPunch+1","Slimebound:GoopSpray+1","Slimebound:Grow+1","Slimebound:Repurpose+1","Slimebound:AcidTongue+1","Slimebound:AcidTongue+1","Slimebound:OneTwoCombo+1","Slimebound:SplitLeeching+1","Slimebound:ComboTackle+1","Slimebound:SplitMire+1","Slimebound:SplitAcid+1","Shame","Slimebound:SplitAcid+1","Slimebound:Repurpose+1","Slimebound:LivingWall+1","Slimebound:SplitBruiser+1","Slimebound:Teamwork+1","Slimebound:SamplingLick+1","Slimebound:LeechLife+1"],"relics":["m_SnakeBloodCore","Hammer of Thor","Seething Fire","Anvil of the Gods","infinitespire:Cubic Diamond","MealTicket","aspiration:ArtOfWarUpgrade","Pet Ghost","hubris:CuriousFeather","aspiration:SecretTechniqueScroll","hubris:BottledHeart","Toy Ornithopter","hubris:Towel","ReplayTheSpireMod:Shallot","aspiration:RitualStick","hubris:FunFungus","Oddly Smooth Stone","Tiny House","Red Mask","aspiration:SeaSaltIceCream","aspiration:Nostalgia","PureWater"],"acts_visited":["Exordium","TheCity","TheBeyond"],"potions_floor_usage":[31,32,33],"damage_taken":[{"damage":16,"enemies":"Jaw Worm","floor":2,"turns":3},{"damage":16,"enemies":"conspire:MimicChest","floor":5,"turns":4},{"damage":14,"enemies":"2 Louse","floor":6,"turns":2},{"damage":11,"enemies":"conspire:RoseBush","floor":11,"turns":2},{"damage":23,"enemies":"Gremlin Nob","floor":12,"turns":3},{"damage":16,"enemies":"3 Sentries","floor":14,"turns":5},{"damage":26,"enemies":"Exordium Wildlife","floor":15,"turns":3},{"damage":11,"enemies":"downfall:Watcher","floor":16,"turns":5},{"damage":15,"enemies":"conspire:FuzzyDice","floor":19,"turns":5},{"damage":19,"enemies":"Chosen and Byrds","floor":20,"turns":3},{"damage":0,"enemies":"Cultist and Chosen","floor":28,"turns":3},{"damage":0,"enemies":"Snake Plant","floor":29,"turns":3},{"damage":0,"enemies":"Shelled Parasite and Fungi","floor":31,"turns":3},{"damage":0,"enemies":"Centurion and Healer","floor":32,"turns":3},{"damage":0,"enemies":"downfall:Ironclad","floor":33,"turns":5},{"damage":0,"enemies":"downfall:FleeingMerchant","floor":36,"turns":4},{"damage":0,"enemies":"infinitespire:Three Voidlings","floor":38,"turns":4},{"damage":1,"enemies":"Nightmare_Alpha","floor":38,"turns":2}],"seed_played":"-3273332692405820027","potions_obtained":[{"floor":5,"key":"Explosive Potion"},{"floor":11,"key":"Slimebound:SlimedPotion"},{"floor":14,"key":"Reflective Coating"},{"floor":20,"key":"Energy Potion"},{"floor":32,"key":"SkillPotion"},{"floor":34,"key":"EssenceOfSteel"}],"is_trial":false,"path_per_floor":["R","M","?","?","?","M","T","R","T","?","M","E","R","E","M","B",null,"R","M","M","?","?","?","T","?","?","?","M","M","R","M","M","B",null,"R","$","?","?"],"character_chosen":"SLIMEBOUND","items_purchased":["aspiration:SeaSaltIceCream","Slimebound:LeechLife"],"campfire_rested":2,"item_purchase_floors":[36,36],"current_hp_per_floor":[60,52,52,52,47,44,44,70,70,70,70,58,70,68,53,53,70,70,70,70,1,1,1,1,1,1,1,1,1,1,1,1,1,1,1,1,1,0,0,0],"gold":59,"neow_bonus":"UPGRADE_CARD","is_daily":false,"chose_seed":false,"campfire_upgraded":0,"win_rate":0.0,"timestamp":1608797671,"path_taken":["R","M","?","?","?","?","T","R","?","?","M","E","R","E","M","BOSS","R","M","M","?","?","?","T","?","?","?","M","M","R","M","M","BOSS","R","$","?","?"],"items_purchased_type":["Relic","Card"],"build_version":"2020-12-22","purchased_purges":0,"victory":false,"max_hp_per_floor":[60,60,60,60,60,60,60,70,70,70,70,70,70,70,70,70,70,70,70,70,1,1,1,1,1,1,1,1,1,1,1,1,1,1,1,1,1,1,1,1],"card_choices":[{"not_picked":["Slimebound:ItLooksTasty","Slimebound:ComboTackle"],"picked":"Slimebound:GrowthPunch","floor":2},{"not_picked":["Slimebound:LeadByExample","Slimebound:GoopTackle"],"picked":"Slimebound:GoopSpray","floor":5},{"not_picked":["Slimebound:ComboTackle","Slimebound:ViciousTackle"],"picked":"Slimebound:Grow","floor":6},{"not_picked":["Slimebound:SlimeSpikes","Slimebound:ProtectTheBoss"],"picked":"Slimebound:Repurpose","floor":11},{"not_picked":["Slimebound:FinishingTackle","Slimebound:GoopTackle"],"picked":"Slimebound:ComboTackle","floor":12},{"not_picked":["Slimebound:BestDefense","Slimebound:ProtectTheBoss"],"picked":"Slimebound:AcidTongue","floor":14},{"not_picked":["Slimebound:GrowthPunch","Slimebound:Replication"],"picked":"Slimebound:AcidTongue","floor":15},{"not_picked":["Slimebound:RallyTheTroops","Slimebound:MinionMaster"],"picked":"Slimebound:OneTwoCombo","floor":16},{"not_picked":["Slimebound:GoopSpray+1","Slimebound:RollThrough+1"],"picked":"Slimebound:SplitLeeching","floor":19},{"not_picked":["Slimebound:LeechingTouch","Slimebound:FlameTackle"],"picked":"Slimebound:ComboTackle","floor":20},{"not_picked":["Slimebound:ItLooksTasty","Slimebound:Dissolve"],"picked":"Slimebound:SplitMire","floor":22},{"not_picked":["Slimebound:ComboTackle+1","Slimebound:SplitLeeching"],"picked":"Slimebound:SplitAcid+1","floor":22},{"not_picked":["Slimebound:PressTheAttack","Slimebound:RejuvenatingLick"],"picked":"Slimebound:SplitAcid","floor":28},{"not_picked":["Slimebound:SlimeSpikes","Slimebound:SplitLeeching"],"picked":"Slimebound:Repurpose","floor":29},{"not_picked":["Slimebound:DisruptingSlam","Slimebound:Grow"],"picked":"Slimebound:LivingWall","floor":31},{"not_picked":["Slimebound:ComboTackle","Slimebound:GrowthPunch+1"],"picked":"Slimebound:SplitBruiser","floor":32},{"not_picked":["Slimebound:OozeBath","Slimebound:MassFeed"],"picked":"Slimebound:Teamwork","floor":33},{"not_picked":["Slimebound:SplitLeeching+1","Slimebound:GrowthPunch+1"],"picked":"Slimebound:SamplingLick+1","floor":34},{"not_picked":["Slimebound:FirmFortitude","Slimebound:Replication+1","Slimebound:LeechingTouch+1"],"picked":"SKIP","floor":36}],"player_experience":785952,"relics_obtained":[{"floor":5,"key":"MealTicket"},{"floor":9,"key":"Art of War"},{"floor":12,"key":"Pet Ghost"},{"floor":14,"key":"hubris:CuriousFeather"},{"floor":22,"key":"Toy Ornithopter"},{"floor":24,"key":"ReplayTheSpireMod:Shallot"}],"event_choices":[{"damage_healed":0,"gold_gain":0,"player_choice":"Upgraded","damage_taken":0,"max_hp_gain":0,"max_hp_loss":0,"event_name":"Upgrade Shrine","floor":10,"gold_loss":0,"cards_upgraded":["Slimebound:GoopSpray"]},{"damage_healed":0,"gold_gain":0,"player_choice":"Stole Relic","damage_taken":0,"relics_obtained":["hubris:FunFungus"],"max_hp_gain":0,"max_hp_loss":0,"event_name":"Addict","floor":26,"gold_loss":0,"cards_obtained":["Shame"]}],"is_beta":false,"boss_relics":[{"not_picked":["Cursed Key","Replay:Ancient Bell"],"picked":"aspiration:SecretTechniqueScroll"},{"not_picked":["energizedSpire:OgreHead","Replay:Bronze Core"],"picked":"Tiny House"}],"items_purged_floors":[],"is_endless":false,"potions_floor_spawned":[5,11,14,20,29,32,38],"killed_by":"Nightmare_Alpha","ascension_level":0}}