{"host":"qxeepl7ydvsgmfdb","time":1608788144,"event":{"mods":["AchievementEnabler","BaseMod","Colored Powertips","Minty Spire (QoL Compilation)","Quick Restart","slay the spire mod where everything is the same but ironclad has a cowboy hat"],"gold_per_floor":[369,216,229,241,241,276,276,127,127,143,174,174,174,194,194,194,194],"floor_reached":16,"playtime":520,"items_purged":[],"score":144,"play_id":"e119d32a-9e01-4343-ad9a-4e388e6cbeeb","local_time":"20201224003544","is_ascension_mode":true,"campfire_choices":[{"floor":7.0,"key":"REST"},{"floor":15.0,"key":"REST"}],"circlet_count":0,"master_deck":["Strike_B","Strike_B","Strike_B","Strike_B","Defend_B","Defend_B","Defend_B","Defend_B","Zap","Dualcast","Beam Cell","Cold Snap","Gash","Loop","Genetic Algorithm","Fusion"],"relics":["Cracked Core","Blood Vial","CultistMask","Letter Opener","Bronze Scales","Ornamental Fan","Nunchaku","Sundial"],"acts_visited":["Exordium"],"potions_floor_usage":[16],"damage_taken":[{"damage":0.0,"enemies":"Cultist","floor":1.0,"turns":3.0},{"damage":1.0,"enemies":"2 Louse","floor":3.0,"turns":3.0},{"damage":0.0,"enemies":"Small Slimes","floor":4.0,"turns":2.0},{"damage":21.0,"enemies":"Lagavulin","floor":6.0,"turns":5.0},{"damage":15.0,"enemies":"3 Louse","floor":10.0,"turns":3.0},{"damage":27.0,"enemies":"3 Sentries","floor":11.0,"turns":6.0},{"damage":0.0,"enemies":"Lagavulin","floor":13.0,"turns":2.0},{"damage":16.0,"enemies":"Large Slime","floor":14.0,"turns":5.0},{"damage":31,"enemies":"The Guardian","floor":16,"turns":9}],"seed_played":"6718726588262280663","potions_obtained":[{"floor":1.0,"key":"SkillPotion"},{"floor":11.0,"key":"SmokeBomb"},{"floor":14.0,"key":"AttackPotion"}],"is_trial":false,"path_per_floor":["M","$","M","M","?","E","R","$","T","M","E","?","E","M","R","B"],"character_chosen":"DEFECT","items_purchased":["Blood Vial","Bronze Scales"],"campfire_rested":2,"item_purchase_floors":[2,8],"current_hp_per_floor":[54,54,55,57,57,38,60,60,60,47,22,15,17,3,25,0,0],"gold":194,"neow_bonus":"TWO_FIFTY_GOLD","is_daily":false,"chose_seed":false,"campfire_upgraded":0,"win_rate":0.0,"timestamp":1608788144,"path_taken":["M","$","M","?","?","E","R","$","T","?","E","?","E","M","R","BOSS"],"items_purchased_type":["Relic","Relic"],"build_version":"2020-12-22","purchased_purges":0,"victory":false,"max_hp_per_floor":[75,75,75,75,75,75,75,75,75,75,75,75,75,75,75,75,75],"card_choices":[{"not_picked":["Chill","Aggregate"],"picked":"Beam Cell","floor":1.0},{"not_picked":["Beam Cell","Compile Driver"],"picked":"Cold Snap","floor":3.0},{"not_picked":["Hologram","Beam Cell"],"picked":"Gash","floor":4.0},{"not_picked":["Streamline","Hello World"],"picked":"Loop","floor":6.0},{"not_picked":["Buffer","Hologram"],"picked":"Genetic Algorithm","floor":10.0},{"not_picked":["Coolheaded","Tempest"],"picked":"Fusion","floor":11.0},{"not_picked":["Streamline","Coolheaded","Beam Cell"],"picked":"SKIP","floor":14.0}],"player_experience":347878,"relics_obtained":[{"floor":6.0,"key":"Letter Opener"},{"floor":9.0,"key":"Ornamental Fan"},{"floor":11.0,"key":"Nunchaku"}],"event_choices":[{"damage_healed":0.0,"max_hp_gain":0.0,"max_hp_loss":0.0,"gold_gain":0.0,"event_name":"FaceTrader","player_choice":"Trade","floor":5.0,"gold_loss":0.0,"damage_taken":0.0,"relics_obtained":["CultistMask"]},{"damage_healed":0.0,"max_hp_gain":0.0,"max_hp_loss":0.0,"gold_gain":0.0,"event_name":"Scrap Ooze","player_choice":"Success","floor":12.0,"gold_loss":0.0,"damage_taken":7.0,"relics_obtained":["Sundial"]}],"is_beta":false,"boss_relics":[],"items_purged_floors":[],"is_endless":false,"potions_floor_spawned":[1,11,14],"killed_by":"The Guardian","ascension_level":4}}