{"host":"a5lz0e76zb3fcwkm","time":1608817937,"event":{"mods":["AchievementEnabler","BaseMod","Colored Map","Colored Powertips","Minty Spire (QoL Compilation)","StSLib","SuperFastMode"],"gold_per_floor":[114,264,264,279,44,76,76,86,131,131,145,170,185,202,202,278,278,294,294,494,514,527,554,554,554],"floor_reached":24,"playtime":740,"items_purged":["Doubt"],"score":506,"play_id":"78f38f96-2489-4579-b382-fdaa9aeb61d3","local_time":"20201224225217","is_ascension_mode":true,"campfire_choices":[{"data":"Poisoned Stab","floor":10,"key":"SMITH"},{"data":"Deadly Poison","floor":15,"key":"SMITH"}],"circlet_count":0,"master_deck":["AscendersBane","Survivor","Neutralize","Dagger Throw","Poisoned Stab+1","PiercingWail","Prepared","Deadly Poison+1","A Thousand Cuts","Crippling Poison","Footwork","Doppelganger","Glass Knife","Distraction","Riddle With Holes","Bane","Quick Slash","Backflip","Tactician","PiercingWail+1"],"relics":["Ring of the Snake","NeowsBlessing","PreservedInsect","Lantern","Omamori","Tiny Chest","Potion Belt","Pandora\u0027s Box","Snake Skull"],"acts_visited":["Exordium","TheCity"],"potions_floor_usage":[16,16,16,22,24],"damage_taken":[{"damage":0,"enemies":"2 Louse","floor":1,"turns":1},{"damage":0,"enemies":"Small Slimes","floor":4,"turns":2},{"damage":0,"enemies":"Lagavulin","floor":6,"turns":1},{"damage":2,"enemies":"Jaw Worm","floor":8,"turns":5},{"damage":4,"enemies":"2 Fungi Beasts","floor":11,"turns":2},{"damage":30,"enemies":"Gremlin Nob","floor":12,"turns":4},{"damage":6,"enemies":"Red Slaver","floor":13,"turns":4},{"damage":17,"enemies":"Large Slime","floor":14,"turns":8},{"damage":34,"enemies":"Hexaghost","floor":16,"turns":9},{"damage":11,"enemies":"3 Byrds","floor":18,"turns":5},{"damage":12,"enemies":"Spheric Guardian","floor":21,"turns":5},{"damage":12,"enemies":"Chosen and Byrds","floor":22,"turns":5},{"damage":16,"enemies":"Book of Stabbing","floor":23,"turns":5},{"damage":17,"enemies":"Snecko","floor":24,"turns":3}],"seed_played":"-736241846020037544","potions_obtained":[{"floor":6,"key":"SpeedPotion"},{"floor":8,"key":"Regen Potion"},{"floor":13,"key":"Regen Potion"},{"floor":14,"key":"PowerPotion"},{"floor":18,"key":"GamblersBrew"}],"is_trial":false,"path_per_floor":["M","?","?","M","$","E","?","M","T","R","M","E","M","M","R","B",null,"M","?","?","M","M","E","M"],"character_chosen":"THE_SILENT","items_purchased":["PreservedInsect"],"campfire_rested":0,"item_purchase_floors":[5],"current_hp_per_floor":[59,59,64,64,64,64,64,62,62,62,58,28,22,5,5,25,60,49,49,49,37,25,9,0,0],"gold":554,"neow_bonus":"THREE_ENEMY_KILL","is_daily":false,"chose_seed":false,"campfire_upgraded":2,"win_rate":0.0,"timestamp":1608817937,"path_taken":["M","?","?","M","?","E","?","M","T","R","M","E","M","M","R","BOSS","M","?","?","?","M","E","M"],"items_purchased_type":["Relic"],"build_version":"2020-12-22","purchased_purges":1,"victory":false,"max_hp_per_floor":[66,66,71,71,71,71,71,71,71,71,71,71,71,71,71,71,71,71,71,71,71,71,71,71,71],"card_choices":[{"not_picked":["Acrobatics","Slice"],"picked":"Blade Dance","floor":1},{"not_picked":["Quick Slash","Deflect"],"picked":"Dagger Throw","floor":4},{"not_picked":["Dagger Throw","Dodge and Roll","Poisoned Stab"],"picked":"SKIP","floor":6},{"not_picked":["Expertise","Malaise"],"picked":"Poisoned Stab","floor":8},{"not_picked":["Footwork","Outmaneuver"],"picked":"PiercingWail","floor":11},{"not_picked":["Endless Agony","Masterful Stab"],"picked":"Prepared","floor":12},{"not_picked":["Blade Dance","Dagger Spray","Tools of the Trade"],"picked":"SKIP","floor":13},{"not_picked":["Blur","Quick Slash"],"picked":"Deadly Poison","floor":14},{"not_picked":["Tools of the Trade","Storm of Steel"],"picked":"A Thousand Cuts","floor":16},{"not_picked":["Outmaneuver","Quick Slash","Prepared"],"picked":"SKIP","floor":18},{"not_picked":["Underhanded Strike","Quick Slash"],"picked":"Tactician","floor":21},{"not_picked":["Poisoned Stab","Predator"],"picked":"PiercingWail+1","floor":22},{"not_picked":["Blade Dance","Setup","Dodge and Roll"],"picked":"SKIP","floor":23}],"player_experience":1643596,"relics_obtained":[{"floor":6,"key":"Lantern"},{"floor":9,"key":"Tiny Chest"},{"floor":12,"key":"Potion Belt"},{"floor":23,"key":"Snake Skull"}],"event_choices":[{"damage_healed":0,"gold_gain":150,"player_choice":"AGREE","damage_taken":0,"max_hp_gain":0,"max_hp_loss":0,"event_name":"Liars Game","floor":2,"gold_loss":0,"cards_obtained":["Doubt"]},{"damage_healed":0,"gold_gain":0,"player_choice":"Donut","damage_taken":0,"max_hp_gain":5,"max_hp_loss":0,"event_name":"Big Fish","floor":3,"gold_loss":0},{"cards_removed":["Blade Dance"],"damage_healed":0,"gold_gain":0,"player_choice":"Gave Card","damage_taken":0,"relics_obtained":["Omamori"],"max_hp_gain":0,"max_hp_loss":0,"event_name":"WeMeetAgain","floor":7,"gold_loss":0},{"cards_removed":["Unload"],"damage_healed":0,"gold_gain":0,"player_choice":"Elegance","damage_taken":0,"max_hp_gain":0,"max_hp_loss":0,"event_name":"Back to Basics","floor":19,"gold_loss":0},{"damage_healed":0,"gold_gain":250,"player_choice":"Bet on Owner","damage_taken":0,"max_hp_gain":0,"max_hp_loss":0,"event_name":"The Joust","floor":20,"gold_loss":50}],"is_beta":false,"boss_relics":[{"not_picked":["Ring of the Serpent","Sozu"],"picked":"Pandora\u0027s Box"}],"items_purged_floors":[5],"is_endless":false,"potions_floor_spawned":[6,8,13,14,18],"killed_by":"Snecko","ascension_level":20}}