{"host":"96bpdudduaq3ttpf","time":1608798222,"event":{"mods":["Act Like it!","Astrologer","Bard","Bartender","BaseMod","BetterRewards","CapriCore","Challenge The Spire","Chen","Downfall","Elementarium","Friendly Minions","GifTheSpireLib","Hallownest","Hermit","Jorbs\u0027s Wanderer Trilogy","KinomotoSakuraMod(????)","Koishi","KomeijiMod","Mari Mod (Legacy)","Mari\u0027s V1 Patch","Marisa????????","Mimic Mod","Minty Spire (QoL Compilation)","Prisma Mod","Replay The Spire","Shade Mod","StSLib","Td1madao Mod","The Administrix","The Animator","The Bug Knight","The Construct","The Cursed","The Factory","The Gatherer","The Hierophant","The Immortal","The IronCluck","The Jungle","The Mystic","The Necromancer","The Runesmith","The Senshi","The Servant 0.9.4","WarShipGirlsR/????R mod","Yohane!","Yuyuko"],"gold_per_floor":[117,134,153,165,165,165,175,185,222,222,233,246,25,25,25,155,155,171,187,201,241,141,180,180,196,222,222,273,273,296,343,343,474,474,492,506,72,87,112,112,152,165,165,184,34,34,34,52,52,52],"floor_reached":51,"playtime":3869,"items_purged":["Shade:Strike_Shade","Shade:Strike_Shade+1","Shade:CoffinDance","Shade:Strike_Shade"],"score":747,"play_id":"d1c57f7e-3e23-4f1c-a2d5-54ebc74562cd","local_time":"20201224012342","is_ascension_mode":false,"campfire_choices":[{"data":"Shade:AuraOfUnlife","floor":6,"key":"SMITH"},{"data":"Shade:Strike_Shade","floor":15,"key":"PURGE"},{"data":"Shade:LichForm","floor":27,"key":"SMITH"},{"data":"Shade:OpenGraves","floor":29,"key":"SMITH"},{"data":"Shade:Coordination","floor":32,"key":"SMITH"},{"data":"Shade:Brains","floor":40,"key":"SMITH"},{"data":"Shade:SkeletonArmy","floor":46,"key":"SMITH"},{"data":"Shade:AnimateDead","floor":49,"key":"SMITH"}],"circlet_count":0,"master_deck":["Shade:Defend_Shade","Shade:Defend_Shade","Shade:Defend_Shade","Shade:Defend_Shade","Shade:AnimateDead+1","Shade:CarefulCut","Shade:SensePrey+1","Shade:SensePrey+1","Shade:AuraOfUnlife+1","Shade:FuneraryJewels","Shade:OpenGraves+1","Shade:SkeletonArmy+1","Shade:Brains+1","Shade:Coordination+1","Shade:LichForm+1","Shade:GreyBargain","Shade:PressTheAttack+1","Pot Of Greed+1","Pot Of Greed+1","Shade:Frenzy+1","Shade:CommandSoldier+1","Shade:CommandSoldier+1","Shade:Trample+1"],"relics":["Shade:YorickSkull","NeowsBlessing","Simple Rune","Letter Opener","Art of War","Golden Idol","MariMod:MariFestivalBadge","Replay:Wax Seal","Grinning Jar","Bag of Marbles","Silver_Glasses","Bottled Lightning","HoshigumaDish","Iron Hammer","Hallownest:HeavyBlowRelic"],"acts_visited":["Exordium","Exordium","Hallownest:CityofTears"],"potions_floor_usage":[16,28,50],"damage_taken":[{"damage":0,"enemies":"Small Slimes","floor":1,"turns":1},{"damage":0,"enemies":"Cultist","floor":2,"turns":1},{"damage":0,"enemies":"2 Louse","floor":3,"turns":1},{"damage":0,"enemies":"Gremlin Gang","floor":4,"turns":3},{"damage":2,"enemies":"Looter","floor":7,"turns":3},{"damage":2,"enemies":"Blue Slaver","floor":8,"turns":3},{"damage":0,"enemies":"Exordium Thugs","floor":9,"turns":6},{"damage":3,"enemies":"Exordium Thugs","floor":11,"turns":4},{"damage":0,"enemies":"2 Fungi Beasts","floor":12,"turns":3},{"damage":14,"enemies":"Hexaghost","floor":16,"turns":8},{"damage":0,"enemies":"Hallownest:2_Mistakes","floor":18,"turns":5},{"damage":0,"enemies":"Hallownest:3_Youths","floor":19,"turns":3},{"damage":0,"enemies":"Hallownest:monsterMisterMushroom","floor":20,"turns":7},{"damage":0,"enemies":"Hallownest:eliteSoulWarrior","floor":23,"turns":8},{"damage":0,"enemies":"Hallownest:2_Flukemon","floor":25,"turns":4},{"damage":0,"enemies":"Hallownest:Glutton_and_Coward","floor":28,"turns":3},{"damage":0,"enemies":"Hallownest:2_Husk_Sentries","floor":30,"turns":4},{"damage":0,"enemies":"Hallownest:BossGrimm","floor":33,"turns":7},{"damage":0,"enemies":"Hallownest:Shield_Heavy","floor":35,"turns":4},{"damage":2,"enemies":"Hallownest:3_Siblings","floor":36,"turns":4},{"damage":3,"enemies":"Hallownest:Slobbering_and_Violent","floor":38,"turns":5},{"damage":0,"enemies":"Hallownest:2_Wing_and_1_Kings","floor":39,"turns":3},{"damage":0,"enemies":"Hallownest:StalkingDevout","floor":41,"turns":4},{"damage":0,"enemies":"Hallownest:2_Wandering_and_1_Horned","floor":42,"turns":3},{"damage":1,"enemies":"Hallownest:2_Soldiers_and_1_Guardian","floor":44,"turns":2},{"damage":0,"enemies":"Hallownest:Xero_Hu_Marmu","floor":48,"turns":3},{"damage":10,"enemies":"Hallownest:BossGreyPrinceZote","floor":50,"turns":6}],"seed_played":"3924489233260715645","potions_obtained":[{"floor":1,"key":"Dexterity Potion"},{"floor":2,"key":"LiquidMemories"},{"floor":5,"key":"Strength Potion"},{"floor":11,"key":"Energy Potion"},{"floor":16,"key":"Fire Potion"},{"floor":18,"key":"Energy Potion"},{"floor":28,"key":"ColorlessPotion"},{"floor":30,"key":"Strength Potion"},{"floor":36,"key":"Energy Potion"}],"is_trial":false,"path_per_floor":["M","M","M","M","?","R","M","M","MIM","?","M","M","$","?","R","B",null,"M","M","M","?","$","E","?","M","T","R","M","R","M","T","R","B",null,"M","M","$","M","M","R","E","M","T","M","$","R","?","M","R","B",null],"character_chosen":"SHADE","items_purchased":["Art of War","Bottled Lightning","Shade:CommandSoldier"],"campfire_rested":0,"item_purchase_floors":[13,37,37],"current_hp_per_floor":[65,65,65,65,65,65,63,61,61,61,58,58,58,58,58,44,60,60,60,60,45,45,45,45,45,45,45,45,45,45,45,45,45,60,60,58,58,55,55,55,55,55,55,54,54,54,54,54,54,44],"gold":52,"neow_bonus":"THREE_ENEMY_KILL","is_daily":false,"chose_seed":false,"campfire_upgraded":7,"win_rate":0.0,"timestamp":1608798222,"path_taken":["M","M","M","M","?","R","M","M","MIM","?","?","M","$","?","R","BOSS","M","M","M","?","$","E","?","M","T","R","M","R","?","?","R","BOSS","M","?","$","M","?","R","E","M","T","M","$","R","?","M","R","BOSS"],"items_purchased_type":["Relic","Relic","Card"],"build_version":"2020-12-22","purchased_purges":4,"victory":true,"max_hp_per_floor":[65,65,65,65,65,65,65,65,65,65,65,65,65,60,60,60,60,60,60,60,60,60,60,60,60,60,60,60,60,60,60,60,60,60,60,60,60,60,60,60,60,60,60,60,60,60,60,60,60,60],"card_choices":[{"not_picked":["Shade:WallOfFlesh","Shade:FleshToFlesh"],"picked":"Shade:SensePrey","floor":1},{"not_picked":["Shade:Awaken","Shade:ExtraLimbs"],"picked":"Shade:SensePrey","floor":2},{"not_picked":["Shade:FleshToFlesh","Shade:CloudOfShrapnel"],"picked":"Shade:CoffinDance","floor":3},{"not_picked":["Shade:BoneShards","Shade:AncientSpear"],"picked":"Shade:AuraOfUnlife","floor":4},{"not_picked":["Shade:DangerousRitual","Shade:Doomsay","Shade:ExtraLimbs"],"picked":"SKIP","floor":7},{"not_picked":["Shade:CallOfTheGrave","Shade:GreyBargain"],"picked":"Shade:FuneraryJewels","floor":8},{"not_picked":["Shade:Trample","Shade:BoneShards"],"picked":"Shade:OpenGraves","floor":9},{"not_picked":["Shade:PoundOfFlesh","Shade:CommandSoldier"],"picked":"Shade:SkeletonArmy","floor":11},{"not_picked":["Shade:OfferingToTheBeyond","Shade:GoDigging"],"picked":"Shade:Brains","floor":12},{"not_picked":["Shade:LoseControl","Shade:Consume"],"picked":"Shade:Coordination","floor":16},{"not_picked":["Shade:FingerOfDeath","Shade:Asphyxiate","Shade:GreyBargain"],"picked":"SKIP","floor":18},{"not_picked":["Shade:FleshLikeOak+1","Shade:FingerOfDeath","Shade:TouchOfTheGrave"],"picked":"SKIP","floor":19},{"not_picked":["Shade:Premonition","Shade:GraveStillness","Shade:Doomsay+1"],"picked":"SKIP","floor":20},{"not_picked":["Shade:Brains+1","Shade:CallWraith"],"picked":"Shade:LichForm","floor":23},{"not_picked":[],"picked":"Shade:GreyBargain","floor":24},{"not_picked":["Shade:CallWraith","Shade:SkeletonHug"],"picked":"Shade:PressTheAttack+1","floor":25},{"not_picked":["Shade:DangerousRitual","Shade:GraveStillness","Shade:BoneShards"],"picked":"SKIP","floor":28},{"not_picked":["Shade:Brains","Shade:CommandSoldier","Shade:SkeletonHug"],"picked":"SKIP","floor":30},{"not_picked":["Shade:TouchOfTheGrave+1","Shade:CoffinDance","Shade:SkeletonArmy"],"picked":"SKIP","floor":35},{"not_picked":["Shade:Bonestorm","Shade:RitualOffering"],"picked":"Shade:Frenzy+1","floor":36},{"not_picked":["Shade:FuneraryJewels+1","Shade:ClawBack"],"picked":"Shade:CommandSoldier","floor":38},{"not_picked":["Shade:SkeletonHug","Shade:ClawBack+1","Shade:FingerOfDeath+1"],"picked":"SKIP","floor":39},{"not_picked":["Shade:CallWraith","Shade:MadHubris","Shade:FingerOfDeath+1"],"picked":"SKIP","floor":41},{"not_picked":["Shade:Brains+1","Shade:SkeletonHug","Shade:ScuttlingHand"],"picked":"SKIP","floor":42},{"not_picked":["Shade:GraveStillness+1","Shade:Frenzy"],"picked":"Shade:Trample+1","floor":44},{"not_picked":["Shade:PotionOfRestlessness","Shade:DangerousRitual","Shade:LyeBath"],"picked":"SKIP","floor":48}],"player_experience":729860,"relics_obtained":[{"floor":9,"key":"Simple Rune"},{"floor":23,"key":"Replay:Wax Seal"},{"floor":26,"key":"Grinning Jar"},{"floor":31,"key":"Bag of Marbles"},{"floor":41,"key":"HoshigumaDish"},{"floor":43,"key":"Iron Hammer"}],"event_choices":[{"damage_healed":0,"gold_gain":0,"player_choice":"Got Potions","damage_taken":0,"max_hp_gain":0,"max_hp_loss":0,"event_name":"Lab","floor":5,"gold_loss":0},{"damage_healed":0,"gold_gain":0,"player_choice":"Gave Potion","damage_taken":0,"relics_obtained":["Letter Opener"],"max_hp_gain":0,"max_hp_loss":0,"event_name":"WeMeetAgain","floor":10,"gold_loss":0},{"damage_healed":0,"gold_gain":0,"player_choice":"Lose Max HP","damage_taken":0,"relics_obtained":["Golden Idol"],"max_hp_gain":0,"max_hp_loss":5,"event_name":"Golden Idol","floor":14,"gold_loss":0}],"is_beta":false,"boss_relics":[{"not_picked":["Calling Bell","Black Star"],"picked":"MariMod:MariFestivalBadge"},{"not_picked":["Tiny House","Coffee Dripper"],"picked":"Silver_Glasses"}],"items_purged_floors":[13,22,37,45],"is_endless":false,"potions_floor_spawned":[1,2,7,11,12,16,18,19,28,30,35,36,38,42],"ascension_level":0}}