{"host":"zxkjcgzis4pm3za5","time":1608836106,"event":{"mods":["AchievementEnabler","BaseMod","Colored Map","Colored Powertips","Minty Spire (QoL Compilation)","Quick Restart","RNG Fix","Random Character Button","StSLib"],"gold_per_floor":[367,367,378,378,328,357,357,282,282,282,295,195,229,249,249,348,348,363,363,46,46,65,99,99,117,117,150,150,178,213,232,232,329,329,343,395,25,37,37,37,64,79,79,79,109,38,54,85,85,85,85,85,34,63,63],"floor_reached":56,"playtime":2561,"items_purged":["Strike_R","Strike_R","Strike_R","Juggernaut"],"score":2054,"play_id":"7914410a-2c53-4459-b6cd-63f715b8ac43","local_time":"20201225002506","is_ascension_mode":true,"campfire_choices":[{"data":"Rampage","floor":7.0,"key":"SMITH"},{"data":"Cleave","floor":10.0,"key":"SMITH"},{"floor":15.0,"key":"REST"},{"data":"Dark Embrace","floor":24.0,"key":"SMITH"},{"data":"Corruption","floor":28.0,"key":"SMITH"},{"data":"Demon Form","floor":32.0,"key":"SMITH"},{"data":"Metallicize","floor":40.0,"key":"SMITH"},{"floor":49.0,"key":"RECALL"},{"data":"Body Slam","floor":52.0,"key":"SMITH"}],"circlet_count":0,"master_deck":["AscendersBane","Defend_R+1","Defend_R","Defend_R+1","Bash+1","Cleave+1","Rampage+1","Shrug It Off+1","Second Wind+1","Corruption+1","Shrug It Off+1","Dark Embrace+1","Sentinel+1","Clothesline","True Grit+1","Headbutt+1","Seeing Red+1","Demon Form+1","Heavy Blade+1","Barricade","True Grit+1","Ghostly Armor+1","Metallicize+1","Body Slam+1","Burning Pact+1","Sword Boomerang+1","Decay","Madness+1","Madness+1","Dual Wield+1","Entrench+1","Exhume+1"],"relics":["Black Blood","Bird Faced Urn","Mercury Hourglass","Toxic Egg 2","TheAbacus","WingedGreaves","Ornamental Fan","Toy Ornithopter","FossilizedHelix","Cursed Key","Pocketwatch","Lee\u0027s Waffle","Dream Catcher","Red Skull","Ice Cream","War Paint","Unceasing Top"],"acts_visited":["Exordium","TheCity","TheBeyond","TheEnding"],"potions_floor_usage":[55,55,55],"damage_taken":[{"damage":0.0,"enemies":"2 Louse","floor":1.0,"turns":3.0},{"damage":9.0,"enemies":"Jaw Worm","floor":3.0,"turns":3.0},{"damage":21.0,"enemies":"Gremlin Nob","floor":6.0,"turns":4.0},{"damage":7.0,"enemies":"Small Slimes","floor":11.0,"turns":2.0},{"damage":41.0,"enemies":"Lagavulin","floor":13.0,"turns":6.0},{"damage":1.0,"enemies":"Exordium Wildlife","floor":14.0,"turns":3.0},{"damage":46.0,"enemies":"The Guardian","floor":16.0,"turns":11.0},{"damage":3.0,"enemies":"3 Byrds","floor":18.0,"turns":4.0},{"damage":0.0,"enemies":"Spheric Guardian","floor":22.0,"turns":4.0},{"damage":5.0,"enemies":"Gremlin Leader","floor":23.0,"turns":8.0},{"damage":0.0,"enemies":"3 Cultists","floor":25.0,"turns":4.0},{"damage":0.0,"enemies":"Book of Stabbing","floor":27.0,"turns":5.0},{"damage":27.0,"enemies":"Gremlin Leader","floor":29.0,"turns":6.0},{"damage":24.0,"enemies":"Book of Stabbing","floor":30.0,"turns":5.0},{"damage":0.0,"enemies":"Shelled Parasite and Fungi","floor":31.0,"turns":3.0},{"damage":0.0,"enemies":"Collector","floor":33.0,"turns":6.0},{"damage":9.0,"enemies":"3 Shapes","floor":35.0,"turns":4.0},{"damage":84.0,"enemies":"2 Orb Walkers","floor":36.0,"turns":6.0},{"damage":0.0,"enemies":"3 Darklings","floor":38.0,"turns":5.0},{"damage":43.0,"enemies":"Reptomancer","floor":41.0,"turns":7.0},{"damage":0.0,"enemies":"Writhing Mass","floor":42.0,"turns":5.0},{"damage":0.0,"enemies":"Giant Head","floor":45.0,"turns":6.0},{"damage":0.0,"enemies":"Spire Growth","floor":47.0,"turns":4.0},{"damage":0.0,"enemies":"Nemesis","floor":48.0,"turns":5.0},{"damage":57.0,"enemies":"Time Eater","floor":50.0,"turns":7.0},{"damage":76,"enemies":"Shield and Spear","floor":54,"turns":6},{"damage":10,"enemies":"The Heart","floor":55,"turns":7}],"seed_played":"-44763656052749244","potions_obtained":[{"floor":1.0,"key":"DistilledChaos"},{"floor":6.0,"key":"EntropicBrew"},{"floor":14.0,"key":"FearPotion"},{"floor":22.0,"key":"EssenceOfSteel"},{"floor":23.0,"key":"SkillPotion"},{"floor":29.0,"key":"Energy Potion"},{"floor":33.0,"key":"Weak Potion"},{"floor":38.0,"key":"LiquidBronze"},{"floor":39.0,"key":"SpeedPotion"},{"floor":39.0,"key":"AttackPotion"},{"floor":45.0,"key":"FairyPotion"},{"floor":54,"key":"LiquidMemories"}],"is_trial":false,"path_per_floor":["M","?","M","?","?","E","R","$","T","R","M","$","E","M","R","B",null,"M","?","$","?","M","E","R","M","T","E","R","E","E","M","R","B",null,"M","?","$","M","?","R","E","M","T","?","E","$","M","E","R","B",null,"R","$","E","B",null],"character_chosen":"IRONCLAD","items_purchased":["TheAbacus","Dark Embrace","Lee\u0027s Waffle","Metallicize","Entrench+1","PowerPotion"],"campfire_rested":1,"item_purchase_floors":[20,20,37,37,46,53],"current_hp_per_floor":[72,58,55,72,72,57,57,57,57,57,56,56,21,26,47,7,56,67,67,67,67,72,72,72,72,72,72,72,61,55,72,72,72,72,72,21,79,79,79,79,54,76,76,66,79,79,79,79,79,40,69,69,69,39,68],"gold":63,"neow_bonus":"TWO_FIFTY_GOLD","is_daily":false,"chose_seed":false,"campfire_upgraded":7,"win_rate":0.0,"timestamp":1608836106,"path_taken":["M","?","M","?","?","E","R","$","T","R","M","$","E","M","R","BOSS","M","?","$","?","?","E","R","M","T","E","R","E","E","M","R","BOSS","BOSS","M","?","$","M","?","R","E","?","T","?","E","$","M","E","R","BOSS","R","$","E","BOSS"],"items_purchased_type":["Relic","Card","Relic","Card","Card","Potion"],"build_version":"2020-12-22","purchased_purges":4,"victory":true,"max_hp_per_floor":[72,72,72,72,72,72,72,72,72,72,72,72,72,72,72,72,72,72,72,72,72,72,72,72,72,72,72,72,72,72,72,72,72,72,72,72,79,79,79,79,79,79,79,79,79,79,79,79,79,79,79,79,79,79,79],"card_choices":[{"not_picked":["Sentinel","Havoc"],"picked":"Entrench","floor":1.0},{"not_picked":["Perfected Strike","Entrench"],"picked":"Cleave","floor":3.0},{"not_picked":["Iron Wave","True Grit"],"picked":"Rampage","floor":6.0},{"not_picked":["Thunderclap","Infernal Blade","Sword Boomerang"],"picked":"SKIP","floor":11.0},{"not_picked":["Clothesline","Sword Boomerang"],"picked":"Shrug It Off+1","floor":13.0},{"not_picked":["Pommel Strike","Power Through+1"],"picked":"Second Wind+1","floor":14.0},{"not_picked":["Exhume+1","Bludgeon"],"picked":"Corruption","floor":16.0},{"not_picked":["Pommel Strike","Iron Wave","Uppercut"],"picked":"SKIP","floor":18.0},{"not_picked":["Clothesline","Carnage"],"picked":"True Grit+1","floor":22.0},{"not_picked":["Sword Boomerang","Perfected Strike","Pommel Strike"],"picked":"SKIP","floor":23.0},{"not_picked":["Havoc+1","Clothesline"],"picked":"Headbutt+1","floor":25.0},{"not_picked":["Body Slam+1","Dark Embrace"],"picked":"Seeing Red+1","floor":27.0},{"not_picked":["Warcry+1","Inflame+1"],"picked":"Demon Form","floor":29.0},{"not_picked":["Iron Wave","Infernal Blade+1"],"picked":"Juggernaut","floor":30.0},{"not_picked":["Armaments+1","True Grit+1"],"picked":"Heavy Blade+1","floor":31.0},{"not_picked":["Impervious+1","Berserk"],"picked":"Barricade","floor":33.0},{"not_picked":["Thunderclap+1","Anger"],"picked":"True Grit+1","floor":35.0},{"not_picked":["Warcry+1","Sword Boomerang+1"],"picked":"Ghostly Armor+1","floor":36.0},{"not_picked":["Flex+1","Sword Boomerang+1"],"picked":"Body Slam","floor":38.0},{"not_picked":["Cleave+1","Brutality"],"picked":"Burning Pact+1","floor":41.0},{"not_picked":["Armaments+1","Thunderclap+1","Sword Boomerang+1"],"picked":"SKIP","floor":42.0},{"not_picked":["Armaments+1","Thunderclap+1"],"picked":"Sword Boomerang+1","floor":42.0},{"not_picked":["Rupture+1","Clash"],"picked":"Dual Wield+1","floor":45.0},{"not_picked":["Thunderclap+1","Clothesline","Iron Wave"],"picked":"SKIP","floor":47.0},{"not_picked":["Thunderclap+1","Pommel Strike+1"],"picked":"Exhume+1","floor":48.0},{"not_picked":["Combust","Cleave+1","Berserk"],"picked":"SKIP","floor":54}],"player_experience":139778,"relics_obtained":[{"floor":6.0,"key":"Bird Faced Urn"},{"floor":9.0,"key":"Mercury Hourglass"},{"floor":13.0,"key":"Toxic Egg 2"},{"floor":23.0,"key":"WingedGreaves"},{"floor":27.0,"key":"Ornamental Fan"},{"floor":29.0,"key":"Toy Ornithopter"},{"floor":30.0,"key":"FossilizedHelix"},{"floor":36.0,"key":"Pocketwatch"},{"floor":41.0,"key":"Dream Catcher"},{"floor":43.0,"key":"Red Skull"},{"floor":45.0,"key":"Ice Cream"},{"floor":48.0,"key":"War Paint"},{"floor":54,"key":"Unceasing Top"}],"event_choices":[{"damage_healed":0.0,"max_hp_gain":0.0,"max_hp_loss":0.0,"gold_gain":0.0,"event_name":"Shining Light","player_choice":"Entered Light","floor":2.0,"gold_loss":0.0,"damage_taken":14.0,"cards_upgraded":["Strike_R","Bash"]},{"cards_removed":["Entrench"],"damage_healed":17.0,"max_hp_gain":0.0,"max_hp_loss":0.0,"gold_gain":0.0,"event_name":"Bonfire Elementals","player_choice":"Offered Uncommon","floor":4.0,"gold_loss":0.0,"damage_taken":0.0},{"cards_removed":["Strike_R"],"damage_healed":0.0,"max_hp_gain":0.0,"max_hp_loss":0.0,"gold_gain":0.0,"event_name":"The Cleric","player_choice":"Card Removal","floor":5.0,"gold_loss":50.0,"damage_taken":0.0},{"damage_healed":0.0,"max_hp_gain":0.0,"max_hp_loss":0.0,"gold_gain":0.0,"event_name":"Duplicator","player_choice":"Copied","floor":19.0,"gold_loss":0.0,"damage_taken":0.0,"cards_obtained":["Shrug It Off"]},{"damage_healed":0.0,"max_hp_gain":0.0,"max_hp_loss":0.0,"gold_gain":0.0,"cards_transformed":["Strike_R","Defend_R"],"event_name":"Drug Dealer","player_choice":"Became Test Subject","floor":21.0,"gold_loss":0.0,"damage_taken":0.0,"cards_obtained":["Sentinel","Clothesline"]},{"damage_healed":0.0,"max_hp_gain":0.0,"max_hp_loss":0.0,"gold_gain":0.0,"event_name":"Mysterious Sphere","player_choice":"Fight","floor":36.0,"gold_loss":0.0,"damage_taken":0.0},{"damage_healed":0.0,"max_hp_gain":0.0,"max_hp_loss":0.0,"gold_gain":0.0,"event_name":"Lab","player_choice":"Got Potions","floor":39.0,"gold_loss":0.0,"damage_taken":0.0},{"damage_healed":0.0,"max_hp_gain":0.0,"max_hp_loss":0.0,"gold_gain":0.0,"event_name":"Winding Halls","player_choice":"Embrace Madness","floor":44.0,"gold_loss":0.0,"damage_taken":10.0,"cards_obtained":["Madness","Madness"]}],"is_beta":false,"boss_relics":[{"not_picked":["Snecko Eye","Calling Bell"],"picked":"Black Blood"},{"not_picked":["Pandora\u0027s Box","Astrolabe"],"picked":"Cursed Key"}],"items_purged_floors":[8,12,20,37],"is_endless":false,"potions_floor_spawned":[1,6,14,22,23,29,33,38,45,47,54],"ascension_level":10}}