{"host":"h5acbxt0wmjo1kpm","time":1608810627,"event":{"mods":["2.2 Compatiblity","Act Like it!","AlwaysNeverKeys","Aspiration","Bartender","BaseMod","Better Third Choice","Colored Map","Elementarium","Gensokyo","GifTheSpireLib","Hallownest","Marisa????????","Minty Spire (QoL Compilation)","Permanent Neow","Potionbrewer","Relic Filter","Replay The Spire","Robot Space Explorer","RumiaBox-????????","Shade Mod","Spicy Shops","StSLib","Strawberry Spire","The Blackbeard","The Dragon Tamer","The Forsaken","The Gatherer","The Problem Sleuth","The Servant 0.9.4","Wandering Minibosses","vexMod"],"gold_per_floor":[118,82,82,101,119,119,114,114,114,114,114,127,143,143,143,170,170,0,0],"floor_reached":18,"playtime":1064,"items_purged":[],"score":258,"play_id":"c59c015e-512e-4b38-8234-c510f6c5b672","local_time":"20201224035027","is_ascension_mode":true,"campfire_choices":[{"data":"Neutralize","floor":6.0,"key":"SMITH"},{"data":"Cloak And Dagger","floor":8,"key":"SMITH"},{"data":"strawberrySpire:DeltaFlow","floor":17,"key":"SMITH"}],"circlet_count":0,"master_deck":["AscendersBane","Strike_G","Strike_G","Strike_G","Strike_G","Defend_G","Defend_G","Defend_G","Defend_G","Defend_G","Survivor","Neutralize+1","Blade Dance","Dagger Throw","Dagger Throw","Deflect","Predator","Cloak And Dagger+1","ReplayTheSpireMod:Scrap Shanks","PiercingWail","strawberrySpire:DeltaFlow+1"],"relics":["Ring of the Snake","aspiration:Nostalgia","Burning Blood","Baka","Lantern","PreservedInsect","aspiration:HummingbirdHeart","Hallownest:DreamNailRelic","Quantum Egg"],"acts_visited":["Hallownest:Greenpath"],"potions_floor_usage":[18],"damage_taken":[{"damage":13.0,"enemies":"Hallownest:2_Tiktiks_and_1_Crawlid","floor":1.0,"turns":9.0},{"damage":0.0,"enemies":"Hallownest:monsterHuskWarrior","floor":4.0,"turns":3.0},{"damage":0.0,"enemies":"Hallownest:2_Baldur","floor":5.0,"turns":2.0},{"damage":7.0,"enemies":"Hallownest:eliteCrystalGuardian","floor":7.0,"turns":4.0},{"damage":0,"enemies":"Hallownest:MossCreep_and_Mosskin","floor":12,"turns":3},{"damage":0,"enemies":"Hallownest:Guard_and_Warrior","floor":13,"turns":6},{"damage":0,"enemies":"Hallownest:eliteVengeflyKing","floor":16,"turns":4},{"damage":56,"enemies":"Hallownest:BossHornet","floor":18,"turns":16}],"seed_played":"-2269285575390634528","potions_obtained":[{"floor":4.0,"key":"Fire Potion"},{"floor":5.0,"key":"Poison Potion"},{"floor":12,"key":"Elixir"},{"floor":16,"key":"potionbrewer:InfectionPotion"}],"is_trial":false,"path_per_floor":["M","$","?","M","M","R","E","R","T","T","?","M","M","PTL","PTL","E","R","B"],"character_chosen":"THE_SILENT","items_purchased":["Dagger Throw"],"campfire_rested":0,"item_purchase_floors":[2],"current_hp_per_floor":[56,56,56,63,69,69,68,68,68,68,68,74,80,80,80,86,86,30,30],"gold":0,"neow_bonus":"NOSTALGIA","is_daily":false,"chose_seed":false,"campfire_upgraded":3,"win_rate":0.0,"timestamp":1608810627,"path_taken":["M","$","?","M","M","R","E","R","T","?","?","?","M","PTL","PTL","E","R","BOSS"],"items_purchased_type":["Card"],"build_version":"2020-12-22","purchased_purges":0,"victory":false,"max_hp_per_floor":[70,70,70,100,100,100,100,100,100,100,100,100,100,100,100,100,100,100,100],"card_choices":[{"not_picked":["Dodge and Roll","Toxin Wave"],"picked":"Blade Dance","floor":1.0},{"not_picked":["strawberrySpire:SpinKick","Outmaneuver"],"picked":"Predator","floor":4.0},{"not_picked":["PiercingWail","strawberrySpire:Slide"],"picked":"Cloak And Dagger","floor":5.0},{"not_picked":["strawberrySpire:Rummage","Bane"],"picked":"ReplayTheSpireMod:Scrap Shanks","floor":7.0},{"not_picked":["Skewer","strawberrySpire:Urgency"],"picked":"PiercingWail","floor":12},{"not_picked":["strawberrySpire:Insectonator","Deadly Poison"],"picked":"strawberrySpire:DeltaFlow","floor":13},{"not_picked":["PiercingWail","Fluid Movement","Catalyst"],"picked":"SKIP","floor":16}],"player_experience":1925337,"relics_obtained":[{"floor":1.0,"key":"Baka"},{"floor":7.0,"key":"Lantern"},{"floor":9,"key":"PreservedInsect"},{"floor":10,"key":"aspiration:HummingbirdHeart"},{"floor":16,"key":"Quantum Egg"}],"event_choices":[],"is_beta":false,"boss_relics":[],"items_purged_floors":[],"is_endless":false,"potions_floor_spawned":[4,5,12,16],"killed_by":"Hallownest:BossHornet","ascension_level":10}}