{"host":"daa8jqyg4gqfaysm","time":1608823061,"event":{"mods":["BaseMod","Colored Powertips","Minty Spire (QoL Compilation)","StSLib"],"gold_per_floor":[118,268,1,14,29,29,41,76,154,168,168,197,208,223,223,297,297,314,314,4,22,35,35,35,35,35,68,68,86,86,121,121,195,195,211,111,128,143,168,196,196,222,300,300,317,317,317,317,317,317,317,317,317,26,56,56],"floor_reached":57,"playtime":3635,"items_purged":["Doubt","Strike_R","Strike_R"],"score":2770,"play_id":"228ae4cc-3c8b-45cd-af6c-cbd30652486d","local_time":"20201224231741","is_ascension_mode":true,"campfire_choices":[{"floor":6,"key":"REST"},{"data":"Demon Form","floor":11,"key":"SMITH"},{"data":"Bash","floor":15,"key":"SMITH"},{"data":"Apotheosis","floor":23,"key":"SMITH"},{"data":"Limit Break","floor":25,"key":"SMITH"},{"floor":30,"key":"RECALL"},{"data":"Havoc","floor":32,"key":"SMITH"},{"data":"Feel No Pain","floor":41,"key":"SMITH"},{"data":"Battle Trance","floor":44,"key":"SMITH"},{"data":"Dark Embrace","floor":47,"key":"SMITH"},{"data":"Feel No Pain","floor":49,"key":"SMITH"},{"data":"Corruption","floor":53,"key":"SMITH"}],"circlet_count":0,"master_deck":["AscendersBane","Strike_R","Defend_R","Defend_R","Defend_R","Defend_R","Bash+1","Feel No Pain+1","Havoc+1","Pommel Strike","Havoc","Anger","Demon Form+1","Bludgeon","Shrug It Off","Cleave","Limit Break+1","Warcry+1","Shrug It Off","Dark Embrace+1","Battle Trance+1","Corruption+1","Bash","Reaper","Feel No Pain+1","Apotheosis+1","Sentinel","Twin Strike","Power Through","Warcry+1","Immolate","Body Slam","Exhume","Disarm+1"],"relics":["Burning Blood","Dead Branch","Orrery","Calipers","White Beast Statue","Pen Nib","Empty Cage","Ancient Tea Set","Toy Ornithopter","Mark of Pain","Gambling Chip","Art of War","Bottled Lightning","Self Forming Clay","Bag of Preparation","Eternal Feather"],"acts_visited":["Exordium","TheCity","TheBeyond","TheEnding"],"potions_floor_usage":[10,12,18,18,21,22,27,29,31,42,55,55,56],"damage_taken":[{"damage":25,"enemies":"Small Slimes","floor":1,"turns":4},{"damage":0,"enemies":"Cultist","floor":4,"turns":2},{"damage":2,"enemies":"Jaw Worm","floor":5,"turns":3},{"damage":2,"enemies":"3 Louse","floor":7,"turns":4},{"damage":11,"enemies":"Gremlin Nob","floor":8,"turns":3},{"damage":5,"enemies":"Red Slaver","floor":10,"turns":2},{"damage":13,"enemies":"3 Sentries","floor":12,"turns":7},{"damage":3,"enemies":"Large Slime","floor":13,"turns":4},{"damage":3,"enemies":"Exordium Wildlife","floor":14,"turns":3},{"damage":27,"enemies":"Slime Boss","floor":16,"turns":7},{"damage":26,"enemies":"Chosen","floor":18,"turns":5},{"damage":13,"enemies":"2 Thieves","floor":21,"turns":4},{"damage":22,"enemies":"Cultist and Chosen","floor":22,"turns":12},{"damage":29,"enemies":"Gremlin Leader","floor":27,"turns":9},{"damage":22,"enemies":"Snake Plant","floor":29,"turns":10},{"damage":43,"enemies":"Book of Stabbing","floor":31,"turns":11},{"damage":33,"enemies":"Champ","floor":33,"turns":7},{"damage":7,"enemies":"3 Shapes","floor":35,"turns":8},{"damage":34,"enemies":"3 Darklings","floor":37,"turns":8},{"damage":72,"enemies":"Jaw Worm Horde","floor":38,"turns":9},{"damage":0,"enemies":"Mind Bloom Boss Battle","floor":39,"turns":14},{"damage":39,"enemies":"Nemesis","floor":40,"turns":13},{"damage":24,"enemies":"Giant Head","floor":42,"turns":6},{"damage":2,"enemies":"Writhing Mass","floor":45,"turns":4},{"damage":3,"enemies":"Time Eater","floor":50,"turns":8},{"damage":36,"enemies":"Awakened One","floor":51,"turns":7},{"damage":28,"enemies":"Shield and Spear","floor":55,"turns":10},{"damage":38,"enemies":"The Heart","floor":56,"turns":7}],"seed_played":"5423166146482770680","potions_obtained":[{"floor":1,"key":"Energy Potion"},{"floor":8,"key":"AttackPotion"},{"floor":10,"key":"Energy Potion"},{"floor":12,"key":"Swift Potion"},{"floor":16,"key":"DistilledChaos"},{"floor":18,"key":"Energy Potion"},{"floor":21,"key":"SteroidPotion"},{"floor":22,"key":"Ancient Potion"},{"floor":27,"key":"ColorlessPotion"},{"floor":29,"key":"PowerPotion"},{"floor":31,"key":"LiquidBronze"},{"floor":33,"key":"Swift Potion"},{"floor":39,"key":"Swift Potion"},{"floor":42,"key":"DistilledChaos"},{"floor":55,"key":"Block Potion"}],"is_trial":false,"path_per_floor":["M","?","$","M","M","R","M","E","T","M","R","E","M","M","R","B",null,"M","?","$","M","M","R","$","R","T","E","?","M","R","E","R","B",null,"M","$","M","M","?","E","R","E","T","R","M","?","R","?","R","B","B",null,"R","$","E","B",null],"character_chosen":"IRONCLAD","items_purchased":["Havoc","Orrery","Feel No Pain","Apotheosis","Sentinel","Bag of Preparation"],"campfire_rested":1,"item_purchase_floors":[3,3,20,20,20,54],"current_hp_per_floor":[31,31,31,37,41,63,67,62,62,63,63,56,59,62,62,41,67,47,47,47,41,62,62,62,62,62,75,75,75,75,69,69,75,75,74,74,75,25,75,75,75,75,75,75,75,75,75,75,75,75,75,75,75,75,75,51],"gold":56,"neow_bonus":"ONE_RARE_RELIC","is_daily":false,"chose_seed":false,"campfire_upgraded":10,"win_rate":0.0,"timestamp":1608823061,"path_taken":["M","?","$","M","M","R","M","E","T","M","R","E","M","M","R","BOSS","M","?","?","M","M","R","?","R","T","E","?","M","R","E","R","BOSS","M","$","M","M","?","E","R","E","T","R","M","?","R","?","R","BOSS","BOSS","R","$","E","BOSS"],"items_purchased_type":["Card","Relic","Card","Card","Card","Relic"],"build_version":"2020-12-22","purchased_purges":3,"victory":true,"max_hp_per_floor":[75,75,75,75,75,75,75,75,75,75,75,75,75,75,75,75,75,75,75,75,75,75,75,75,75,75,75,75,75,75,75,75,75,75,75,75,75,75,75,75,75,75,75,75,75,75,75,75,75,75,75,75,75,75,75,75],"card_choices":[{"not_picked":["Hemokinesis","Shrug It Off"],"picked":"Feel No Pain","floor":1},{"not_picked":["Warcry","Anger"],"picked":"Pommel Strike","floor":3},{"not_picked":["Spot Weakness","Clash"],"picked":"Havoc","floor":3},{"not_picked":["Sword Boomerang","Thunderclap"],"picked":"Anger","floor":3},{"not_picked":["Perfected Strike","Entrench"],"picked":"Demon Form","floor":3},{"not_picked":["Clothesline","Heavy Blade"],"picked":"Bludgeon","floor":3},{"not_picked":["Pommel Strike","Sword Boomerang"],"picked":"Shrug It Off","floor":4},{"not_picked":["Wild Strike","Body Slam"],"picked":"Cleave","floor":5},{"not_picked":["Pommel Strike","Cleave","Perfected Strike"],"picked":"SKIP","floor":7},{"not_picked":["Havoc","Flex"],"picked":"Limit Break","floor":8},{"not_picked":["Body Slam","Seeing Red"],"picked":"Warcry","floor":10},{"not_picked":["Whirlwind","Wild Strike"],"picked":"Shrug It Off","floor":12},{"not_picked":["Shrug It Off","Twin Strike"],"picked":"Dark Embrace","floor":13},{"not_picked":["Armaments","Shrug It Off"],"picked":"Battle Trance","floor":14},{"not_picked":["Juggernaut","Feed"],"picked":"Corruption","floor":16},{"not_picked":["Perfected Strike","Clash","Twin Strike"],"picked":"SKIP","floor":18},{"not_picked":["Sword Boomerang","Sever Soul"],"picked":"Twin Strike","floor":21},{"not_picked":["Entrench","Iron Wave"],"picked":"Power Through","floor":22},{"not_picked":["Headbutt","Blood for Blood"],"picked":"Warcry+1","floor":27},{"not_picked":["Flex","Wild Strike"],"picked":"Immolate","floor":29},{"not_picked":["Anger","Warcry"],"picked":"Body Slam","floor":31},{"not_picked":["Limit Break","Brutality"],"picked":"Exhume","floor":33},{"not_picked":["Warcry","Heavy Blade","Sentinel+1"],"picked":"SKIP","floor":35},{"not_picked":["Combust","Perfected Strike"],"picked":"Disarm+1","floor":37},{"not_picked":["Flex","Heavy Blade","Clash"],"picked":"SKIP","floor":38},{"not_picked":["Pommel Strike","Carnage","Fire Breathing"],"picked":"SKIP","floor":40},{"not_picked":["Body Slam","Second Wind+1","Twin Strike+1"],"picked":"SKIP","floor":42},{"not_picked":["Clothesline","Clash","Fiend Fire"],"picked":"SKIP","floor":45},{"not_picked":["Cleave","Pommel Strike+1","Flex+1"],"picked":"SKIP","floor":55}],"player_experience":726515,"relics_obtained":[{"floor":8,"key":"Calipers"},{"floor":9,"key":"White Beast Statue"},{"floor":12,"key":"Pen Nib"},{"floor":27,"key":"Ancient Tea Set"},{"floor":31,"key":"Toy Ornithopter"},{"floor":39,"key":"Gambling Chip"},{"floor":40,"key":"Art of War"},{"floor":42,"key":"Bottled Lightning"},{"floor":43,"key":"Self Forming Clay"},{"floor":55,"key":"Eternal Feather"}],"event_choices":[{"damage_healed":0,"gold_gain":150,"player_choice":"AGREE","damage_taken":0,"max_hp_gain":0,"max_hp_loss":0,"event_name":"Liars Game","floor":2,"gold_loss":0,"cards_obtained":["Doubt"]},{"damage_healed":0,"gold_gain":0,"player_choice":"2 cards matched","damage_taken":0,"max_hp_gain":0,"max_hp_loss":0,"event_name":"Match and Keep!","floor":19,"gold_loss":0,"cards_obtained":["Bash","Reaper"]},{"damage_healed":0,"gold_gain":0,"player_choice":"Forge","damage_taken":0,"max_hp_gain":0,"max_hp_loss":0,"event_name":"Accursed Blacksmith","floor":28,"gold_loss":0,"cards_upgraded":["Warcry"]},{"damage_healed":0,"gold_gain":0,"player_choice":"Fight","damage_taken":0,"max_hp_gain":0,"max_hp_loss":0,"event_name":"MindBloom","floor":39,"gold_loss":0},{"damage_healed":0,"gold_gain":0,"player_choice":"Ignored","damage_taken":0,"max_hp_gain":0,"max_hp_loss":0,"event_name":"Tomb of Lord Red Mask","floor":46,"gold_loss":0},{"damage_healed":0,"gold_gain":0,"player_choice":"Memory 1","damage_taken":0,"max_hp_gain":0,"max_hp_loss":0,"event_name":"SensoryStone","floor":48,"gold_loss":0}],"is_beta":false,"boss_relics":[{"not_picked":["Tiny House","Astrolabe"],"picked":"Empty Cage"},{"not_picked":["SlaversCollar","Black Blood"],"picked":"Mark of Pain"}],"items_purged_floors":[3,36,54],"is_endless":false,"potions_floor_spawned":[1,8,10,12,13,14,16,18,21,22,27,29,31,33,35,37,38,39,40,42,45,55],"ascension_level":20}}