{"host":"5bdt6s51dmpd4l3v","time":1608812690,"event":{"mods":["AchievementEnabler","BaseMod","Colored Map","Colored Powertips","Highlight Path","Minty Spire (QoL Compilation)","Quick Restart","Rare Cards Sparkle","StSLib"],"gold_per_floor":[109,121,22,34,53,83,83,83,83,112,112,128,128,148,148,225,275,295,87,105,55,55,71,87,87,167,167,167],"floor_reached":27,"playtime":750,"items_purged":[],"score":394,"play_id":"8cb417e9-fee6-483e-adb1-e827d665e22f","local_time":"20201224202450","is_ascension_mode":true,"campfire_choices":[{"data":"Armaments","floor":7,"key":"SMITH"},{"data":"Sword Boomerang","floor":11,"key":"SMITH"},{"data":"Reaper","floor":13,"key":"SMITH"},{"data":"Pummel","floor":15,"key":"SMITH"}],"circlet_count":0,"master_deck":["AscendersBane","Strike_R","Strike_R","Strike_R","Strike_R+1","Strike_R","Defend_R","Defend_R","Defend_R","Defend_R","Bash","Clash","Inflame+1","Sword Boomerang+1","Armaments+1","Twin Strike","Reaper+1","Pummel+1","Feed","Dual Wield","Double Tap+1","Pummel","Flex+1"],"relics":["Burning Blood","NeowsBlessing","Kunai","Paper Frog","Eternal Feather","Tiny House","Question Card","Sundial"],"acts_visited":["Exordium","TheCity"],"potions_floor_usage":[6,6,10,18,18,20,23,24,27],"damage_taken":[{"damage":0,"enemies":"Cultist","floor":1,"turns":1},{"damage":0,"enemies":"2 Louse","floor":2,"turns":1},{"damage":0,"enemies":"Small Slimes","floor":4,"turns":1},{"damage":3,"enemies":"3 Louse","floor":5,"turns":2},{"damage":32,"enemies":"Gremlin Nob","floor":6,"turns":4},{"damage":15,"enemies":"Lagavulin","floor":10,"turns":4},{"damage":29,"enemies":"Exordium Thugs","floor":12,"turns":4},{"damage":10,"enemies":"2 Fungi Beasts","floor":14,"turns":3},{"damage":33,"enemies":"Slime Boss","floor":16,"turns":6},{"damage":11,"enemies":"Spheric Guardian","floor":18,"turns":3},{"damage":44,"enemies":"2 Thieves","floor":20,"turns":4},{"damage":28,"enemies":"Centurion and Healer","floor":23,"turns":5},{"damage":70,"enemies":"Cultist and Chosen","floor":24,"turns":8},{"damage":26,"enemies":"Slavers","floor":27,"turns":2}],"seed_played":"4150857256926628588","potions_obtained":[{"floor":1,"key":"LiquidBronze"},{"floor":4,"key":"SpeedPotion"},{"floor":5,"key":"Explosive Potion"},{"floor":6,"key":"ColorlessPotion"},{"floor":16,"key":"PowerPotion"},{"floor":17,"key":"Fire Potion"},{"floor":20,"key":"SkillPotion"},{"floor":24,"key":"BlessingOfTheForge"}],"is_trial":false,"path_per_floor":["M","M","$","M","M","E","R","?","T","E","R","M","R","M","R","B",null,"M","$","M","$","?","M","M","T","T","E"],"character_chosen":"IRONCLAD","items_purchased":["Sword Boomerang","Armaments","Double Tap","Strength Potion","BloodPotion"],"campfire_rested":0,"item_purchase_floors":[3,3,19,19,21],"current_hp_per_floor":[74,75,75,75,75,49,49,49,49,40,49,32,41,45,54,27,68,63,63,51,51,51,59,27,27,27,16,16],"gold":167,"neow_bonus":"THREE_ENEMY_KILL","is_daily":false,"chose_seed":false,"campfire_upgraded":4,"win_rate":0.0,"timestamp":1608812690,"path_taken":["M","?","$","M","M","E","R","?","T","E","R","M","R","M","R","BOSS","M","$","M","$","?","?","M","?","T","E"],"items_purchased_type":["Card","Card","Card","Potion","Potion"],"build_version":"2020-12-22","purchased_purges":0,"victory":false,"max_hp_per_floor":[75,75,75,75,75,75,75,75,75,75,75,75,75,75,75,75,80,80,80,80,80,80,80,83,83,83,83,83],"card_choices":[{"not_picked":["Second Wind","Dual Wield"],"picked":"Clash","floor":1},{"not_picked":["Armaments","Dropkick"],"picked":"Inflame","floor":2},{"not_picked":["Burning Pact","Dual Wield"],"picked":"Twin Strike","floor":4},{"not_picked":["Twin Strike","Disarm","Clothesline"],"picked":"SKIP","floor":5},{"not_picked":["Clash","Wild Strike"],"picked":"Reaper","floor":6},{"not_picked":["Iron Wave","Evolve","Feel No Pain"],"picked":"SKIP","floor":10},{"not_picked":["Sever Soul","Metallicize","Shrug It Off"],"picked":"SKIP","floor":12},{"not_picked":["Burning Pact","Intimidate"],"picked":"Pummel","floor":14},{"not_picked":["Bludgeon","Impervious"],"picked":"Feed","floor":16},{"not_picked":["Body Slam","Pommel Strike"],"picked":"Dual Wield","floor":17},{"not_picked":["True Grit","Blood for Blood","Combust"],"picked":"SKIP","floor":18},{"not_picked":["Clash","Ghostly Armor"],"picked":"Pummel","floor":20},{"not_picked":["Dark Embrace+1","Perfected Strike"],"picked":"Flex+1","floor":23},{"not_picked":["Combust","Berserk","Searing Blow+1"],"picked":"SKIP","floor":24}],"player_experience":224935,"relics_obtained":[{"floor":6,"key":"Kunai"},{"floor":9,"key":"Paper Frog"},{"floor":10,"key":"Eternal Feather"},{"floor":25,"key":"Question Card"},{"floor":26,"key":"Sundial"}],"event_choices":[{"damage_healed":0,"gold_gain":0,"player_choice":"Upgraded","damage_taken":0,"max_hp_gain":0,"max_hp_loss":0,"event_name":"Upgrade Shrine","floor":8,"gold_loss":0,"cards_upgraded":["Inflame"]},{"damage_healed":0,"gold_gain":0,"player_choice":"Upgraded","damage_taken":0,"max_hp_gain":0,"max_hp_loss":0,"event_name":"Upgrade Shrine","floor":22,"gold_loss":0,"cards_upgraded":["Double Tap"]}],"is_beta":false,"boss_relics":[{"not_picked":["Snecko Eye","SacredBark"],"picked":"Tiny House"}],"items_purged_floors":[],"is_endless":false,"potions_floor_spawned":[1,4,5,6,16,20,24],"killed_by":"Slavers","ascension_level":15}}