{"host":"o47f52ks9l6zljgg","time":1608829011,"event":{"mods":["Abigail Mod","BaseMod","Colored Map","Dota2Spire","Friendly Minions","Grow up Mod","Kiyohime（清姬）","Marisa（F雨　魔理沙）","Minty Spire (QoL Compilation)","Relic Stats","StSLib","SuperFastMode","Youmu（魂魄妖梦）","Yuyuko","【东方二次创作】八云紫mod"],"gold_per_floor":[137,137,137,39,54,54,88,88,88,88,117,132,165,165,165,266,266,283,300,312,329,329,356,356,131,158,258,0,0,27,126,126,230,230,241,241,241,264,311,311,342,358,408,425,425,23,39,114,114,114,114,114,7,36,36],"floor_reached":56,"playtime":2493,"items_purged":[],"score":1382,"play_id":"f2dee400-8b88-474f-9f8d-a826432540cf","local_time":"20201225015651","is_ascension_mode":false,"campfire_choices":[{"data":"Fantasy_PerpetualMotionMachine_purple","floor":6.0,"key":"SMITH"},{"data":"Charmbait_purple","floor":8.0,"key":"SMITH"},{"data":"1","floor":10.0,"key":"LIFT"},{"data":"2","floor":15.0,"key":"LIFT"},{"data":"3","floor":24,"key":"LIFT"},{"data":"Shallow_ocean_purpleEX","floor":29,"key":"SMITH"},{"floor":32,"key":"RECALL"},{"data":"EighthInstrument_OneDividesIntoTwo_purple","floor":40,"key":"SMITH"},{"data":"EighthInstrument_OneDividesIntoTwo_purple","floor":45,"key":"SMITH"},{"data":"StateErode_purple","floor":49,"key":"SMITH"},{"data":"D_absorption_purple","floor":52,"key":"SMITH"}],"circlet_count":0,"master_deck":["Observe_purple_1","Observe_purple_2","DimensionStaggered_purple","Fantasy_PerpetualMotionMachine_purple+1","Worldmountain_purple","RuleDissolution_purple","Charmbait_purple+1","Mirror_TwoAndThreeElementRealm_purple","ExistenceContinue_purple","StateErode_purple+1","ContainerChange_purple","D_absorption_purple+1","MetroBOOM_purple","Bait_HighSpeedFlying_purple","DimensionStaggered_purple","Boundary_DynamicStaticEquilibrium_purple","DarkRealmRedLine_purple","Mirror_WaveAndshot_purple","EighthInstrument_OneDividesIntoTwo_purple+1","Shallow_ocean_purpleEX+1","AdvanceAttack_purple+1","CommonSense_AntiCommonSense_purple","Computing_the_future_purpleEX","CommonSense_AntiCommonSense_purple+1","ExternalForce_HighSpeedFlying_purple+1","AdvanceAttack_purple+1","Umbrella_purple+1","StretchesForeverDream_purple","SharpContractionReality_purple+1","EighthInstrument_OneDividesIntoTwo_purple+1","RealityDreamConfluencek_purple","ExternalForce_HighSpeedFlying_purple","Impatience","ExternalForce_HighSpeedFlying_purple"],"relics":["Boundary_crack","Memoryfragments_purpleEX","NeowsBlessing","Tiny Chest","Girya","Dota2Spire:MantaStyle","Gremlin Horn","Juzu Bracelet","Matryoshka","Pandora\u0027s Box","Nilry\u0027s Codex","Dota2Spire:ShivaGuard","TheEssenceOfRealm","Dota2Spire:PhaseBoots","Bag of Preparation","Pocketwatch","The Courier","Dota2Spire:EtherealBlade","MealTicket","Astrolabe","PreservedInsect","CatCart","Dota2Spire:BlackKingBar","Happy Flower","Sundial","Ornamental Fan","Eternal Feather","Art of War"],"acts_visited":["Exordium","TheCity","TheBeyond","TheEnding"],"potions_floor_usage":[16,55],"damage_taken":[{"damage":0.0,"enemies":"2 Louse","floor":1.0,"turns":1.0},{"damage":0.0,"enemies":"Jaw Worm","floor":5.0,"turns":1.0},{"damage":43.0,"enemies":"3 Sentries","floor":7.0,"turns":2.0},{"damage":53.0,"enemies":"Gremlin Nob","floor":11.0,"turns":3.0},{"damage":1.0,"enemies":"Cultist","floor":12.0,"turns":3.0},{"damage":41.0,"enemies":"3 Sentries","floor":13.0,"turns":3.0},{"damage":80,"enemies":"Hexaghost","floor":16,"turns":6},{"damage":0,"enemies":"Chosen","floor":18,"turns":3},{"damage":32,"enemies":"Shell Parasite","floor":19,"turns":4},{"damage":18,"enemies":"Snecko","floor":20,"turns":4},{"damage":18,"enemies":"Cultist and Chosen","floor":21,"turns":4},{"damage":101,"enemies":"Book of Stabbing","floor":23,"turns":4},{"damage":29,"enemies":"Colosseum Slavers","floor":27,"turns":2},{"damage":16,"enemies":"Colosseum Nobs","floor":27,"turns":3},{"damage":25,"enemies":"Automaton","floor":33,"turns":3},{"damage":19,"enemies":"Orb Walker","floor":35,"turns":3},{"damage":65,"enemies":"Orin","floor":39,"turns":7},{"damage":27,"enemies":"Giant Head","floor":41,"turns":6},{"damage":15,"enemies":"3 Shapes","floor":42,"turns":1},{"damage":36,"enemies":"Maw","floor":44,"turns":6},{"damage":0,"enemies":"Transient","floor":47,"turns":5},{"damage":57,"enemies":"Donu and Deca","floor":50,"turns":6},{"damage":34,"enemies":"Shield and Spear","floor":54,"turns":3},{"damage":125,"enemies":"The Heart","floor":55,"turns":8}],"seed_played":"-8688532786294040676","potions_obtained":[{"floor":1.0,"key":"LiquidBronze"},{"floor":12.0,"key":"DuplicationPotion"},{"floor":16,"key":"ColorlessPotion"},{"floor":19,"key":"Dexterity Potion"}],"is_trial":false,"path_per_floor":["M","?","?","$","M","R","E","R","T","R","E","M","E","T","R","B",null,"M","M","M","M","?","E","R","$","T","?","$","R","T","?","R","B",null,"M","?","?","T","?","R","E","M","T","M","R","$","M","T","R","B",null,"R","$","E","B",null],"character_chosen":"Youkari","items_purchased":["Fantasy_PerpetualMotionMachine_purple","Worldmountain_purple","TheEssenceOfRealm","CommonSense_AntiCommonSense_purple","Dota2Spire:EtherealBlade","CommonSense_AntiCommonSense_purple","Sundial","Ornamental Fan","Impatience","Swift Potion"],"campfire_rested":0,"item_purchase_floors":[4,4,25,25,28,28,46,46,53,53],"current_hp_per_floor":[90,97,112,122,134,144,113,123,133,143,103,114,95,105,115,45,255,265,248,248,245,239,156,166,176,186,190,200,210,220,230,240,227,425,426,436,446,456,407,417,405,400,410,386,396,421,436,446,474,439,595,605,615,596,490],"gold":36,"neow_bonus":"THREE_ENEMY_KILL","is_daily":false,"chose_seed":false,"campfire_upgraded":7,"win_rate":0.0,"timestamp":1608829011,"path_taken":["M","?","?","?","M","R","E","R","T","R","E","?","E","?","R","BOSS","M","M","M","M","?","E","R","$","T","?","?","R","?","?","R","BOSS","M","?","?","?","?","R","E","M","T","M","R","?","M","?","R","BOSS","R","$","E","BOSS"],"items_purchased_type":["Card","Card","Relic","Card","Relic","Card","Relic","Relic","Card","Potion"],"build_version":"2020-12-22","purchased_purges":0,"victory":true,"max_hp_per_floor":[90,100,115,125,135,145,155,165,175,185,195,205,215,225,235,245,255,265,275,285,295,305,315,325,335,345,355,365,375,385,395,405,415,425,435,445,455,465,475,485,495,505,515,525,535,545,555,565,575,585,595,605,615,625,635],"relic_stats":{"Gremlin Horn":[16,16],"Happy Flower":[9],"counters":[24,91],"Astrolabe":["CommonSense_AntiCommonSense_purple","ExternalForce_HighSpeedFlying_purple","AdvanceAttack_purple"],"Eternal Feather":18,"PreservedInsect":210,"Juzu Bracelet":2,"Bag of Preparation":[24],"Sundial":[2],"Ornamental Fan":[52],"Tiny Chest":3,"Pandora\u0027s Box":["D_absorption_purple","StretchesForeverDream_purple","UniverseChoice_purple","MetroBOOM_purple","Bait_HighSpeedFlying_purple","DimensionStaggered_purple","Bait_Toxicbait_purple","Boundary_DynamicStaticEquilibrium_purple"],"MealTicket":15,"Art of War":[0],"obtain_stats":[{"Gremlin Horn":11,"Nilry\u0027s Codex":22,"Juzu Bracelet":13,"Bag of Preparation":26,"Dota2Spire:EtherealBlade":28,"Matryoshka":14,"Sundial":46,"Tiny Chest":2,"MealTicket":30,"TheEssenceOfRealm":25,"Girya":7,"Dota2Spire:MantaStyle":9,"NeowsBlessing":0,"Dota2Spire:BlackKingBar":41,"Happy Flower":43,"Astrolabe":34,"Dota2Spire:ShivaGuard":23,"Eternal Feather":48,"The Courier":27,"PreservedInsect":38,"Boundary_crack":0,"Ornamental Fan":46,"Pandora\u0027s Box":17,"Art of War":54,"CatCart":39,"Memoryfragments_purpleEX":0,"Dota2Spire:PhaseBoots":26,"Pocketwatch":27},{"Gremlin Horn":4,"Nilry\u0027s Codex":11,"Juzu Bracelet":6,"Bag of Preparation":12,"Dota2Spire:EtherealBlade":14,"Matryoshka":6,"Sundial":20,"Tiny Chest":1,"MealTicket":14,"TheEssenceOfRealm":12,"Girya":3,"Dota2Spire:MantaStyle":3,"NeowsBlessing":0,"Dota2Spire:BlackKingBar":18,"Happy Flower":19,"Astrolabe":15,"Dota2Spire:ShivaGuard":12,"Eternal Feather":21,"The Courier":14,"PreservedInsect":16,"Boundary_crack":0,"Ornamental Fan":20,"Pandora\u0027s Box":7,"Art of War":23,"CatCart":17,"Memoryfragments_purpleEX":0,"Dota2Spire:PhaseBoots":12,"Pocketwatch":14},{"Gremlin Horn":7,"Nilry\u0027s Codex":34,"Juzu Bracelet":13,"Bag of Preparation":38,"Dota2Spire:EtherealBlade":43,"Matryoshka":13,"Sundial":69,"Tiny Chest":1,"MealTicket":43,"TheEssenceOfRealm":38,"Girya":4,"Dota2Spire:MantaStyle":4,"NeowsBlessing":0,"Dota2Spire:BlackKingBar":62,"Happy Flower":63,"Astrolabe":46,"Dota2Spire:ShivaGuard":38,"Eternal Feather":74,"The Courier":43,"PreservedInsect":49,"Boundary_crack":0,"Ornamental Fan":69,"Pandora\u0027s Box":19,"Art of War":83,"CatCart":56,"Memoryfragments_purpleEX":0,"Dota2Spire:PhaseBoots":38,"Pocketwatch":43}],"Pocketwatch":[40]},"card_choices":[{"not_picked":["WingOfChimera_purple","RealityDreamConfluencek_purple"],"picked":"DimensionStaggered_purple","floor":1.0},{"not_picked":["RuptureOfTimeAndSpace_purple","Mirror_Drifter_purple"],"picked":"RuleDissolution_purple","floor":5.0},{"not_picked":["DimensionStaggered_purple","Shallow_ocean_purpleEX"],"picked":"Charmbait_purple","floor":7.0},{"not_picked":["RuptureOfTimeAndSpace_purple","Mirror_FormAndEmptin_purple"],"picked":"Mirror_TwoAndThreeElementRealm_purple","floor":11.0},{"not_picked":["StateDuplicate_purple","Worldmountain_purple"],"picked":"ExistenceContinue_purple","floor":12.0},{"not_picked":["Fantasy_PerpetualMotionMachine_purple","WatchEChange_purple"],"picked":"StateErode_purple","floor":13.0},{"not_picked":["Computing_the_future_purpleEX","Theboundaryofcreation_purpleEX"],"picked":"ContainerChange_purple","floor":16},{"not_picked":["ExistenceContinue_purple","Realm_recovery_purpleEX"],"picked":"DarkRealmRedLine_purple","floor":18},{"not_picked":["MeetDecomposer_purple","StateDuplicate_purple"],"picked":"Mirror_WaveAndshot_purple","floor":19},{"not_picked":["Mirror_TwoAndThreeElementRealm_purple","WatchEChange_purple"],"picked":"EighthInstrument_OneDividesIntoTwo_purple","floor":20},{"not_picked":["RuleDissolution_purple","WeekHit_purple","Mirror_FormAndEmptin_purple"],"picked":"SKIP","floor":21},{"not_picked":["Mirror_FourBoundary_purple","RealityDreamConfluencek_purple"],"picked":"Shallow_ocean_purpleEX","floor":23},{"not_picked":["Nest_LightFlightworm_purple","DarkRealmRedLine_purple"],"picked":"AdvanceAttack_purple+1","floor":27},{"not_picked":["Theboundaryofcreation_purpleEX","Mirror_TwoAndThreeElementRealm_purple"],"picked":"Computing_the_future_purpleEX","floor":33},{"not_picked":["Boundary_DreamRealityDamnation_purple","MeetDecomposer_purple+1"],"picked":"Umbrella_purple+1","floor":35},{"not_picked":["WeekHit_purple","Erosivefilter_purple+1"],"picked":"SharpContractionReality_purple+1","floor":39},{"not_picked":["Line_surface_state_purple+1","Realm_recovery_purpleEX"],"picked":"EighthInstrument_OneDividesIntoTwo_purple","floor":41},{"not_picked":["Yakumo_Ran_purple+1","MeetDecomposer_purple+1","Worldmountain_purple"],"picked":"SKIP","floor":42},{"not_picked":["StateDuplicate_purple+1","Bait_Toxicbait_purple"],"picked":"RealityDreamConfluencek_purple","floor":44},{"not_picked":["Line_surface_state_purple","CommonSense_AntiCommonSense_purple"],"picked":"ExternalForce_HighSpeedFlying_purple","floor":47},{"not_picked":["WatchEChange_purple","MetroBOOM_purple+1"],"picked":"ExternalForce_HighSpeedFlying_purple","floor":54}],"player_experience":499823,"relics_obtained":[{"floor":7.0,"key":"Girya"},{"floor":9.0,"key":"Dota2Spire:MantaStyle"},{"floor":11.0,"key":"Gremlin Horn"},{"floor":13.0,"key":"Juzu Bracelet"},{"floor":14.0,"key":"Matryoshka"},{"floor":22,"key":"Nilry\u0027s Codex"},{"floor":23,"key":"Dota2Spire:ShivaGuard"},{"floor":26,"key":"Dota2Spire:PhaseBoots"},{"floor":26,"key":"Bag of Preparation"},{"floor":27,"key":"Pocketwatch"},{"floor":27,"key":"The Courier"},{"floor":30,"key":"MealTicket"},{"floor":38,"key":"PreservedInsect"},{"floor":39,"key":"CatCart"},{"floor":41,"key":"Dota2Spire:BlackKingBar"},{"floor":43,"key":"Happy Flower"},{"floor":48,"key":"Eternal Feather"},{"floor":54,"key":"Art of War"}],"event_choices":[{"damage_healed":0.0,"max_hp_gain":0.0,"max_hp_loss":0.0,"gold_gain":0.0,"event_name":"Scrap Ooze","player_choice":"Success","floor":2.0,"gold_loss":0.0,"damage_taken":3.0,"relics_obtained":["Tiny Chest"]},{"damage_healed":0,"gold_gain":0,"player_choice":"Obtained Book","damage_taken":16,"max_hp_gain":0,"max_hp_loss":0,"event_name":"Cursed Tome","floor":22,"gold_loss":0},{"damage_healed":0,"gold_gain":0,"player_choice":"Fight","damage_taken":0,"max_hp_gain":0,"max_hp_loss":0,"event_name":"Colosseum","floor":27,"gold_loss":0},{"damage_healed":0,"gold_gain":0,"player_choice":"Fought Nobs","damage_taken":0,"max_hp_gain":0,"max_hp_loss":0,"event_name":"Colosseum","floor":27,"gold_loss":0},{"damage_healed":0,"gold_gain":99,"player_choice":"Stole From Cult","damage_taken":0,"max_hp_gain":0,"max_hp_loss":0,"event_name":"Nest","floor":31,"gold_loss":0},{"damage_healed":0,"gold_gain":0,"player_choice":"Bought 0 Potions","damage_taken":0,"max_hp_gain":0,"max_hp_loss":0,"event_name":"The Woman in Blue","floor":36,"gold_loss":0},{"damage_healed":0,"gold_gain":0,"cards_transformed":["CommonSense_AntiCommonSense_purple"],"player_choice":"Transformed","damage_taken":0,"max_hp_gain":0,"max_hp_loss":0,"event_name":"Transmorgrifier","floor":37,"gold_loss":0,"cards_obtained":["StretchesForeverDream_purple"]},{"damage_healed":0,"gold_gain":0,"player_choice":"Fight","damage_taken":0,"max_hp_gain":0,"max_hp_loss":0,"event_name":"OrinTheCat","floor":39,"gold_loss":0}],"is_beta":false,"boss_relics":[{"not_picked":["Snecko Eye","SacredBark"],"picked":"Pandora\u0027s Box"},{"not_picked":["Black Star","Tiny House"],"picked":"Astrolabe"}],"items_purged_floors":[],"is_endless":false,"potions_floor_spawned":[1,12,16,19,21,23,27,41,47],"ascension_level":0}}