{"host":"szp1d6dso4pv7ddl","time":1608843501,"event":{"mods":["AchievementEnabler","Alarm Clock","BaseMod","Bestiary","Block Reminder","Colored Map","Colored Powertips","Curses Come First","Displayed Cursed Tome","Highlight Path","Minty Spire (QoL Compilation)","Permanent Neow","Quick Restart","Relic Sorter","Relic Stats","StSLib","Synergy Search"],"gold_per_floor":[116,130,142,142,142,162,162,176,202,233,254,254,298,318,318,318,318],"floor_reached":16,"playtime":2768,"items_purged":[],"score":209,"play_id":"5aa6d5fa-f706-4a68-91f6-4fd8ad70a764","local_time":"20201224125821","is_ascension_mode":true,"campfire_choices":[{"floor":7.0,"key":"REST"},{"floor":12,"key":"REST"},{"floor":15,"key":"REST"}],"circlet_count":0,"master_deck":["AscendersBane","Strike_G","Strike_G","Strike_G","Strike_G","Strike_G","Defend_G","Defend_G","Defend_G","Defend_G","Defend_G","Survivor","Neutralize","Phantasmal Killer","Backflip","Quick Slash","Dagger Throw","Tactician","Backflip","Reflex","Flechettes","Dagger Throw","Underhanded Strike","Die Die Die","Dagger Spray","Acrobatics"],"relics":["Ring of the Snake","Dream Catcher","Golden Idol","PreservedInsect","Centennial Puzzle","Bottled Lightning"],"acts_visited":[],"potions_floor_usage":[10,16,16,16],"damage_taken":[{"damage":7.0,"enemies":"Jaw Worm","floor":1.0,"turns":4.0},{"damage":1.0,"enemies":"Small Slimes","floor":2.0,"turns":3.0},{"damage":1.0,"enemies":"Cultist","floor":3.0,"turns":4.0},{"damage":12.0,"enemies":"3 Louse","floor":6.0,"turns":3.0},{"damage":10.0,"enemies":"Lots of Slimes","floor":8.0,"turns":5.0},{"damage":0,"enemies":"Gremlin Nob","floor":10,"turns":2},{"damage":10,"enemies":"Large Slime","floor":11,"turns":7},{"damage":7,"enemies":"3 Sentries","floor":13,"turns":4},{"damage":0,"enemies":"Blue Slaver","floor":14,"turns":2},{"damage":58,"enemies":"Hexaghost","floor":16,"turns":8}],"seed_played":"-754999052028250202","potions_obtained":[{"floor":1.0,"key":"CunningPotion"},{"floor":2.0,"key":"FearPotion"},{"floor":10,"key":"DuplicationPotion"},{"floor":11,"key":"GamblersBrew"}],"is_trial":false,"path_per_floor":["M","M","M","?","?","M","R","M","T","E","M","R","E","M","R","B"],"character_chosen":"THE_SILENT","items_purchased":[],"campfire_rested":3,"item_purchase_floors":[],"current_hp_per_floor":[56,55,54,51,34,22,43,33,33,33,23,44,37,37,58,0,0],"gold":318,"neow_bonus":"ONE_RANDOM_RARE_CARD","is_daily":false,"chose_seed":false,"campfire_upgraded":0,"win_rate":0.0,"timestamp":1608843501,"path_taken":["M","M","M","?","?","M","R","M","T","E","M","R","E","M","R","BOSS"],"items_purchased_type":[],"build_version":"2020-12-22","purchased_purges":0,"victory":false,"max_hp_per_floor":[70,70,70,70,70,70,70,70,70,70,70,70,70,70,70,70,70],"relic_stats":{"Dream Catcher":3,"Centennial Puzzle":[9],"counters":[10,42],"Golden Idol":30,"PreservedInsect":53,"obtain_stats":[{"Dream Catcher":4,"Centennial Puzzle":10,"Golden Idol":5,"PreservedInsect":9,"Bottled Lightning":13,"Ring of the Snake":0},{"Dream Catcher":3,"Centennial Puzzle":6,"Golden Idol":3,"PreservedInsect":5,"Bottled Lightning":8,"Ring of the Snake":0},{"Dream Catcher":11,"Centennial Puzzle":21,"Golden Idol":11,"PreservedInsect":19,"Bottled Lightning":32,"Ring of the Snake":0}],"Ring of the Snake":[20]},"card_choices":[{"not_picked":["Well Laid Plans","PiercingWail"],"picked":"Backflip","floor":1.0},{"not_picked":["Bane","Blade Dance"],"picked":"Quick Slash","floor":2.0},{"not_picked":["Underhanded Strike","Endless Agony"],"picked":"Dagger Throw","floor":3.0},{"not_picked":["Calculated Gamble","Reflex"],"picked":"Tactician","floor":6.0},{"not_picked":["Outmaneuver","Infinite Blades"],"picked":"Backflip","floor":7.0},{"not_picked":["Dodge and Roll","Flying Knee"],"picked":"Reflex","floor":8.0},{"not_picked":["Dash","Tools of the Trade"],"picked":"Flechettes","floor":10},{"not_picked":["Backflip","Quick Slash"],"picked":"Dagger Throw","floor":11},{"not_picked":["Bane","Acrobatics"],"picked":"Underhanded Strike","floor":12},{"not_picked":["Footwork","Poisoned Stab"],"picked":"Die Die Die","floor":13},{"not_picked":["Well Laid Plans","Concentrate"],"picked":"Dagger Spray","floor":14},{"not_picked":["Outmaneuver","Setup"],"picked":"Acrobatics","floor":15}],"player_experience":998435,"relics_obtained":[{"floor":9.0,"key":"PreservedInsect"},{"floor":10,"key":"Centennial Puzzle"},{"floor":13,"key":"Bottled Lightning"}],"event_choices":[{"damage_healed":0.0,"max_hp_gain":0.0,"max_hp_loss":0.0,"gold_gain":0.0,"event_name":"Scrap Ooze","player_choice":"Success","floor":4.0,"gold_loss":0.0,"damage_taken":3.0,"relics_obtained":["Dream Catcher"]},{"damage_healed":0.0,"max_hp_gain":0.0,"max_hp_loss":0.0,"gold_gain":0.0,"event_name":"Golden Idol","player_choice":"Take Damage","floor":5.0,"gold_loss":0.0,"damage_taken":17.0,"relics_obtained":["Golden Idol"]}],"is_beta":false,"boss_relics":[],"items_purged_floors":[],"is_endless":false,"potions_floor_spawned":[1,2,10,11],"killed_by":"Hexaghost","ascension_level":10}}