{"host":"1atm7w4n2ykhhduo","time":1608842083,"event":{"mods":["AchievementEnabler","BaseMod","Colored Map","Minty Spire (QoL Compilation)"],"gold_per_floor":[116,130,80,93,112,138,158,11,11,11,78,3,21,39,39,142,142,161,176,101,121,141,168,168,195,195,225,225,24,34,54,54,159,159,170,184,184,184,184,184,184],"floor_reached":40,"playtime":3464,"items_purged":["Strike_B"],"score":585,"play_id":"ec46acba-570b-4db0-af80-d71ea0513f7b","local_time":"20201224153443","is_ascension_mode":true,"campfire_choices":[{"floor":10.0,"key":"REST"},{"floor":15.0,"key":"REST"},{"floor":24.0,"key":"REST"},{"floor":28.0,"key":"REST"},{"data":"Fission","floor":32.0,"key":"SMITH"}],"circlet_count":0,"master_deck":["Zap","Dualcast","Multi-Cast","Leap","Go for the Eyes","Skim","Beam Cell","FTL","Streamline","Sweeping Beam","Rainbow","Conserve Battery","White Noise+1","Recycle","Conserve Battery+1","Machine Learning","Undo","Fission+1","Rebound","Loop","Seek","Meteor Strike","Thunder Strike","Multi-Cast","Darkness","Undo","Doom and Gloom","Genetic Algorithm","Loop+1","Deep Breath"],"relics":["Cracked Core","Toy Ornithopter","Bag of Preparation","Gremlin Horn","Nuclear Battery","Darkstone Periapt","Pear","Turnip","Boot","Vajra","Pandora\u0027s Box"],"acts_visited":["Exordium","TheCity","TheBeyond"],"potions_floor_usage":[40],"damage_taken":[{"damage":7.0,"enemies":"Jaw Worm","floor":1.0,"turns":2.0},{"damage":5.0,"enemies":"Small Slimes","floor":2.0,"turns":3.0},{"damage":0.0,"enemies":"Cultist","floor":4.0,"turns":3.0},{"damage":10.0,"enemies":"Red Slaver","floor":5.0,"turns":3.0},{"damage":29.0,"enemies":"Gremlin Nob","floor":6.0,"turns":5.0},{"damage":30.0,"enemies":"Large Slime","floor":7.0,"turns":6.0},{"damage":0.0,"enemies":"3 Louse","floor":13.0,"turns":3.0},{"damage":4.0,"enemies":"Gremlin Gang","floor":14.0,"turns":3.0},{"damage":41.0,"enemies":"The Guardian","floor":16.0,"turns":11.0},{"damage":22.0,"enemies":"Spheric Guardian","floor":18.0,"turns":4.0},{"damage":2.0,"enemies":"Shell Parasite","floor":19.0,"turns":3.0},{"damage":10.0,"enemies":"Snake Plant","floor":21.0,"turns":5.0},{"damage":5.0,"enemies":"Centurion and Healer","floor":22.0,"turns":7.0},{"damage":21.0,"enemies":"Slavers","floor":23.0,"turns":6.0},{"damage":4.0,"enemies":"Gremlin Leader","floor":25.0,"turns":7.0},{"damage":14.0,"enemies":"Book of Stabbing","floor":27.0,"turns":6.0},{"damage":24.0,"enemies":"Snecko","floor":30.0,"turns":6.0},{"damage":0.0,"enemies":"Chosen and Byrds","floor":31.0,"turns":8.0},{"damage":29.0,"enemies":"Automaton","floor":33.0,"turns":9.0},{"damage":8.0,"enemies":"3 Shapes","floor":35.0,"turns":1.0},{"damage":15,"enemies":"3 Darklings","floor":36,"turns":3},{"damage":49,"enemies":"Giant Head","floor":40,"turns":6}],"seed_played":"4550414622927993277","potions_obtained":[{"floor":2.0,"key":"Swift Potion"},{"floor":5.0,"key":"Regen Potion"},{"floor":7.0,"key":"SkillPotion"},{"floor":14.0,"key":"Weak Potion"},{"floor":19.0,"key":"EssenceOfDarkness"},{"floor":23.0,"key":"EssenceOfSteel"},{"floor":27.0,"key":"SpeedPotion"},{"floor":30.0,"key":"Swift Potion"},{"floor":33.0,"key":"Explosive Potion"},{"floor":36,"key":"Block Potion"},{"floor":39,"key":"DuplicationPotion"},{"floor":39,"key":"PowerPotion"},{"floor":39,"key":"EntropicBrew"}],"is_trial":false,"path_per_floor":["M","M","?","M","M","E","M","$","T","R","?","$","M","M","R","B",null,"M","M","$","M","M","E","R","E","T","E","R","$","M","M","R","B",null,"M","M","?","?","?","E"],"character_chosen":"DEFECT","items_purchased":["Bag of Preparation","Recycle","Vajra","Rebound"],"campfire_rested":4,"item_purchase_floors":[8,20,29,29],"current_hp_per_floor":[61,56,56,56,46,31,1,1,1,23,23,23,23,19,41,10,59,37,35,35,25,20,4,26,32,32,23,48,48,24,29,29,10,66,58,43,43,43,43,0,0],"gold":184,"neow_bonus":"ONE_RANDOM_RARE_CARD","is_daily":false,"chose_seed":false,"campfire_upgraded":1,"win_rate":0.0,"timestamp":1608842083,"path_taken":["M","M","?","M","M","E","M","$","T","R","?","?","?","M","R","BOSS","M","M","$","?","M","E","R","E","T","E","R","$","M","M","R","BOSS","M","M","?","?","?","E"],"items_purchased_type":["Relic","Card","Relic","Card"],"build_version":"2020-12-22","purchased_purges":1,"victory":false,"max_hp_per_floor":[75,75,75,75,75,75,75,75,75,75,75,75,75,75,75,75,75,75,75,75,75,75,75,75,85,85,85,85,85,85,85,85,85,85,85,85,85,85,85,85,85],"card_choices":[{"not_picked":["Barrage","Steam"],"picked":"Leap","floor":1.0},{"not_picked":["Steam","Defragment"],"picked":"Go for the Eyes","floor":2.0},{"not_picked":["Force Field","Capacitor"],"picked":"Skim","floor":4.0},{"not_picked":["Blizzard","Barrage"],"picked":"Beam Cell","floor":5.0},{"not_picked":["Go for the Eyes","Undo"],"picked":"FTL","floor":6.0},{"not_picked":["Seek","Sweeping Beam"],"picked":"Streamline","floor":7.0},{"not_picked":["Consume","Barrage","Turbo"],"picked":"SKIP","floor":13.0},{"not_picked":["Beam Cell","Storm"],"picked":"Sweeping Beam","floor":14.0},{"not_picked":["Seek","Reboot"],"picked":"Rainbow","floor":16.0},{"not_picked":["Ball Lightning","Streamline"],"picked":"Conserve Battery","floor":18.0},{"not_picked":["Go for the Eyes","Tempest"],"picked":"White Noise+1","floor":19.0},{"not_picked":["Hologram","Steam"],"picked":"Conserve Battery+1","floor":21.0},{"not_picked":["Aggregate","Compile Driver"],"picked":"Machine Learning","floor":22.0},{"not_picked":["Blizzard","Steam+1"],"picked":"Undo","floor":23.0},{"not_picked":["Barrage","Go for the Eyes+1"],"picked":"Fission","floor":25.0},{"not_picked":["Streamline","Recycle","Conserve Battery"],"picked":"SKIP","floor":27.0},{"not_picked":["White Noise","Beam Cell+1","Rip and Tear+1"],"picked":"SKIP","floor":30.0},{"not_picked":["Lockon+1","Beam Cell"],"picked":"Loop","floor":31.0},{"not_picked":["Reboot","Fission"],"picked":"Seek","floor":33.0},{"not_picked":["Rip and Tear+1","Stack+1"],"picked":"Genetic Algorithm","floor":35.0},{"not_picked":["Gash","Fusion+1"],"picked":"Loop+1","floor":36},{"not_picked":["Good Instincts","Swift Strike"],"picked":"Deep Breath","floor":37}],"player_experience":273861,"relics_obtained":[{"floor":6.0,"key":"Toy Ornithopter"},{"floor":9.0,"key":"Gremlin Horn"},{"floor":23.0,"key":"Darkstone Periapt"},{"floor":25.0,"key":"Pear"},{"floor":26.0,"key":"Turnip"},{"floor":27.0,"key":"Boot"}],"event_choices":[{"cards_removed":["Defend_B"],"damage_healed":0.0,"max_hp_gain":0.0,"max_hp_loss":0.0,"gold_gain":0.0,"event_name":"The Cleric","player_choice":"Card Removal","floor":3.0,"gold_loss":50.0,"damage_taken":0.0},{"damage_healed":0.0,"max_hp_gain":0.0,"max_hp_loss":0.0,"gold_gain":67.0,"event_name":"Golden Wing","player_choice":"Gained Gold","floor":11.0,"gold_loss":0.0,"damage_taken":0.0},{"damage_healed":0,"gold_gain":0,"player_choice":"Memory 1","damage_taken":0,"max_hp_gain":0,"max_hp_loss":0,"event_name":"SensoryStone","floor":37,"gold_loss":0},{"damage_healed":0,"gold_gain":0,"player_choice":"Ignored","damage_taken":0,"max_hp_gain":0,"max_hp_loss":0,"event_name":"Tomb of Lord Red Mask","floor":38,"gold_loss":0},{"damage_healed":0,"gold_gain":0,"player_choice":"Got Potions","damage_taken":0,"max_hp_gain":0,"max_hp_loss":0,"event_name":"Lab","floor":39,"gold_loss":0}],"is_beta":false,"boss_relics":[{"not_picked":["Fusion Hammer","Calling Bell"],"picked":"Nuclear Battery"},{"not_picked":["Tiny House","Velvet Choker"],"picked":"Pandora\u0027s Box"}],"items_purged_floors":[12],"is_endless":false,"potions_floor_spawned":[2,5,7,14,19,23,27,30,33,36],"killed_by":"Giant Head","ascension_level":6}}