{"host":"h5golg54dem4i27y","time":1608773407,"event":{"mods":["BaseMod","Colored Map","Colored Powertips","Minty Spire (QoL Compilation)","Replay The Spire","StSLib","SuperFastMode","The Hierophant"],"gold_per_floor":[109,184,109,109,129,129,157,157,180,180,180,19,19,46,46,159,159,189,189,211,249,0,0,48,0,0,23,23,48,49,73,85,117,117],"floor_reached":33,"playtime":960,"items_purged":["hierophant:Strike_Hierophant","hierophant:Strike_Hierophant"],"score":208,"play_id":"14efbd26-1bdc-4c69-b4b4-ae2426ae3dfd","local_time":"20201224103007","is_ascension_mode":false,"campfire_choices":[{"data":"hierophant:Charity","floor":6.0,"key":"SMITH"},{"data":"hierophant:Empathy","floor":8.0,"key":"SMITH"},{"data":"hierophant:ChurchCoffers","floor":10.0,"key":"SMITH"},{"data":"hierophant:SolarFlare","floor":15.0,"key":"SMITH"},{"data":"Enlightenment","floor":23.0,"key":"SMITH"},{"floor":32,"key":"REST"}],"circlet_count":0,"master_deck":["hierophant:Punish","hierophant:Defend_Hierophant","hierophant:Defend_Hierophant","hierophant:Defend_Hierophant","hierophant:Defend_Hierophant","hierophant:ChurchCoffers+1","hierophant:PassingBell+1","hierophant:Doubloon+1","hierophant:Charity+1","hierophant:Empathy+1","hierophant:ThreeLashes","hierophant:Doomsaying","hierophant:SolarFlare+1","hierophant:Doubloon+1","hierophant:ConvertCurrency","hierophant:MintersHammer","Enlightenment+1","hierophant:Doubloon+1","hierophant:WrathOfGod","hierophant:Sermon","hierophant:Chorus"],"relics":["hierophant:PropheticMaskRelic","NeowsBlessing","Replay:Bandana","Empty Cage","Nloth\u0027s Gift","Turnip","Tiny Chest","Mummified Hand","PreservedInsect","MawBank"],"acts_visited":["Exordium","TheCity"],"potions_floor_usage":[30,33],"damage_taken":[{"damage":0.0,"enemies":"2 Louse","floor":1.0,"turns":1.0},{"damage":0.0,"enemies":"Small Slimes","floor":5.0,"turns":1.0},{"damage":0.0,"enemies":"Jaw Worm","floor":7.0,"turns":1.0},{"damage":0.0,"enemies":"Large Slime","floor":14.0,"turns":5.0},{"damage":37.0,"enemies":"Slime Boss","floor":16.0,"turns":10.0},{"damage":0.0,"enemies":"Spheric Guardian","floor":18.0,"turns":2.0},{"damage":10.0,"enemies":"Chosen","floor":20.0,"turns":3.0},{"damage":6,"enemies":"Shelled Parasite and Fungi","floor":24,"turns":2},{"damage":0,"enemies":"Centurion and Healer","floor":30,"turns":1},{"damage":27,"enemies":"Snake Plant","floor":31,"turns":3},{"damage":37,"enemies":"Automaton","floor":33,"turns":2}],"seed_played":"3653660881465290220","potions_obtained":[{"floor":1.0,"key":"PowerPotion"},{"floor":7.0,"key":"Regen Potion"},{"floor":20.0,"key":"Block Potion"},{"floor":30,"key":"Explosive Potion"},{"floor":31,"key":"Reflective Coating"}],"is_trial":false,"path_per_floor":["M","?","$","?","M","R","M","R","T","R","T","$","?","M","R","B",null,"M","?","M","?","$","R","M","$","T","T","?","T","M","M","R","B"],"character_chosen":"HIEROPHANT","items_purchased":["hierophant:ThreeLashes","hierophant:Doomsaying","hierophant:SolarFlare","Tiny Chest","Explosive Potion"],"campfire_rested":1,"item_purchase_floors":[12,12,12,22,25],"current_hp_per_floor":[75,64,64,64,64,64,64,64,64,64,64,64,64,64,64,41,75,75,75,65,47,47,47,41,41,41,41,41,41,41,14,36,0,0],"gold":117,"neow_bonus":"THREE_ENEMY_KILL","is_daily":false,"chose_seed":false,"campfire_upgraded":5,"win_rate":0.0,"timestamp":1608773407,"path_taken":["M","?","$","?","M","R","M","R","T","R","?","$","?","?","R","BOSS","M","?","?","?","$","R","M","?","T","?","?","?","?","M","R","BOSS"],"items_purchased_type":["Card","Card","Card","Relic","Potion"],"build_version":"2020-12-22","purchased_purges":2,"victory":false,"max_hp_per_floor":[75,75,75,75,75,75,75,75,75,75,75,75,75,75,75,75,75,75,75,75,75,75,75,75,75,75,75,75,75,75,75,75,75,75],"card_choices":[{"not_picked":["hierophant:Alms","hierophant:Blessing"],"picked":"hierophant:FlamingChariot","floor":1.0},{"not_picked":["hierophant:CursedGold","hierophant:Encroach"],"picked":"hierophant:Charity","floor":5.0},{"not_picked":["hierophant:MorningPrayer","hierophant:OrnateBuckler"],"picked":"hierophant:Empathy","floor":7.0},{"not_picked":["hierophant:RustyCrate","hierophant:ThreeLashes"],"picked":"hierophant:Doubloon","floor":14.0},{"not_picked":["hierophant:Determination","hierophant:AuricForm"],"picked":"hierophant:WrathOfGod","floor":16.0},{"not_picked":["hierophant:SolarFlare","hierophant:MorningPrayer","hierophant:Shelter+1"],"picked":"SKIP","floor":18.0},{"not_picked":["hierophant:Empathy","hierophant:CoinFling","hierophant:RepressedViolence+1"],"picked":"SKIP","floor":20.0},{"not_picked":["hierophant:OrnateBuckler","hierophant:WrathOfGod"],"picked":"hierophant:Sermon","floor":21.0},{"not_picked":["hierophant:RepressedViolence+1","hierophant:Patience+1","hierophant:Martyrdom"],"picked":"SKIP","floor":24},{"not_picked":["hierophant:WrathOfGod","hierophant:RepressedViolence"],"picked":"hierophant:Chorus","floor":30},{"not_picked":["hierophant:Doomsaying","hierophant:Martyrdom","hierophant:OrnateJavelin"],"picked":"SKIP","floor":31}],"player_experience":620502,"relics_obtained":[{"floor":9.0,"key":"Oddly Smooth Stone"},{"floor":11.0,"key":"Replay:Bandana"},{"floor":21.0,"key":"Turnip"},{"floor":26,"key":"Mummified Hand"},{"floor":27,"key":"PreservedInsect"},{"floor":29,"key":"MawBank"}],"event_choices":[{"damage_healed":0.0,"max_hp_gain":0.0,"max_hp_loss":0.0,"gold_gain":75.0,"event_name":"World of Goop","player_choice":"Gather Gold","floor":2.0,"gold_loss":0.0,"damage_taken":11.0},{"damage_healed":0.0,"max_hp_gain":0.0,"max_hp_loss":0.0,"gold_gain":0.0,"event_name":"Match and Keep!","player_choice":"3 cards matched","floor":13.0,"gold_loss":0.0,"damage_taken":0.0,"cards_obtained":["hierophant:ConvertCurrency","hierophant:MintersHammer","Enlightenment"]},{"damage_healed":0.0,"max_hp_gain":0.0,"max_hp_loss":0.0,"gold_gain":0.0,"event_name":"N\u0027loth","player_choice":"Traded Relic","floor":19.0,"relics_lost":["Oddly Smooth Stone"],"gold_loss":0.0,"damage_taken":0.0,"relics_obtained":["Nloth\u0027s Gift"]}],"is_beta":false,"boss_relics":[{"not_picked":["Replay:Ancient Bell","Cursed Key"],"picked":"Empty Cage"}],"items_purged_floors":[3,22],"is_endless":false,"potions_floor_spawned":[1,7,20,30,31],"killed_by":"Automaton","ascension_level":0}}