{"host":"z9811rt50ti81n54","time":1608811678,"event":{"mods":["BaseMod","Minty Spire (QoL Compilation)"],"gold_per_floor":[119,119,119,14,14,24,57,69,107,119,149,186,163,186,198,315,327,351,397,409,436,460,472,498,540,552,576,605,627,651,693,705,717,717],"floor_reached":33,"playtime":1318,"items_purged":[],"score":373,"play_id":"99c8186e-1106-4fe8-af0e-cb91ce3dfcd8","local_time":"20201224210758","is_ascension_mode":true,"campfire_choices":[{"floor":10,"key":"REST"},{"data":"Envenom","floor":15,"key":"SMITH"},{"data":"Accuracy","floor":23,"key":"SMITH"},{"data":"Catalyst","floor":32,"key":"SMITH"}],"circlet_count":0,"master_deck":["Strike_G","Strike_G","Strike_G+1","Strike_G","Defend_G","Defend_G","Defend_G","Defend_G","Survivor","Neutralize","Finesse","Deflect+1","Burst","Cloak And Dagger","Slice","Infinite Blades","Envenom+1","All Out Attack+1","Catalyst+1","Poisoned Stab+1","Die Die Die+1","Backflip","Accuracy+1","All Out Attack+1","Burst","After Image+1","Blur","Skewer+1","Leg Sweep","Blade Dance"],"relics":["Ring of the Snake","MawBank","Molten Egg 2","Happy Flower","Tingsha","Coffee Dripper","Red Mask","Frozen Egg 2","Unceasing Top","Question Card"],"acts_visited":["Exordium","TheCity"],"potions_floor_usage":[16,16,20,24,25,27,27,29,31,33],"damage_taken":[{"damage":1,"enemies":"Cultist","floor":1,"turns":6},{"damage":2,"enemies":"Small Slimes","floor":6,"turns":3},{"damage":6,"enemies":"3 Sentries","floor":7,"turns":10},{"damage":0,"enemies":"2 Louse","floor":11,"turns":3},{"damage":25,"enemies":"Lagavulin","floor":12,"turns":7},{"damage":1,"enemies":"Looter","floor":14,"turns":3},{"damage":5,"enemies":"Slime Boss","floor":16,"turns":8},{"damage":0,"enemies":"3 Byrds","floor":18,"turns":4},{"damage":1,"enemies":"Masked Bandits","floor":19,"turns":2},{"damage":1,"enemies":"Shell Parasite","floor":21,"turns":5},{"damage":0,"enemies":"Centurion and Healer","floor":22,"turns":5},{"damage":18,"enemies":"Sentry and Sphere","floor":24,"turns":4},{"damage":21,"enemies":"Slavers","floor":25,"turns":4},{"damage":7,"enemies":"Snecko","floor":27,"turns":5},{"damage":0,"enemies":"Chosen and Byrds","floor":28,"turns":4},{"damage":10,"enemies":"Snake Plant","floor":29,"turns":4},{"damage":16,"enemies":"Snecko","floor":30,"turns":5},{"damage":0,"enemies":"Gremlin Leader","floor":31,"turns":5},{"damage":2,"enemies":"Collector","floor":33,"turns":2}],"seed_played":"-3930462061046969142","potions_obtained":[{"floor":12,"key":"CultistPotion"},{"floor":14,"key":"DistilledChaos"},{"floor":18,"key":"Weak Potion"},{"floor":20,"key":"Fruit Juice"},{"floor":20,"key":"Energy Potion"},{"floor":20,"key":"SkillPotion"},{"floor":24,"key":"Energy Potion"},{"floor":25,"key":"AttackPotion"},{"floor":27,"key":"PowerPotion"},{"floor":28,"key":"FearPotion"}],"is_trial":false,"path_per_floor":["M","?","?","$","?","M","E","?","T","R","M","E","?","M","R","B",null,"M","?","?","M","M","R","M","E","T","M","M","M","M","E","R","B"],"character_chosen":"THE_SILENT","items_purchased":["Cloak And Dagger","Slice"],"campfire_rested":1,"item_purchase_floors":[4,4],"current_hp_per_floor":[69,62,62,62,48,46,40,28,28,49,49,24,41,40,40,35,70,70,69,74,73,73,73,55,34,34,27,27,17,1,1,1,0,0],"gold":717,"neow_bonus":"RANDOM_COLORLESS","is_daily":false,"chose_seed":false,"campfire_upgraded":3,"win_rate":0.0,"timestamp":1608811678,"path_taken":["M","?","?","$","?","M","E","?","T","R","M","E","?","M","R","BOSS","M","?","?","M","M","R","?","E","T","M","M","M","M","E","R","BOSS"],"items_purchased_type":["Card","Card"],"build_version":"2020-12-22","purchased_purges":0,"victory":false,"max_hp_per_floor":[70,70,70,70,70,70,70,70,70,70,70,70,70,70,70,70,70,70,70,75,75,75,75,75,75,75,75,75,75,75,75,75,75,75],"card_choices":[{"not_picked":["Madness","Good Instincts"],"picked":"Finesse","floor":0},{"not_picked":["Reflex","Bane"],"picked":"Deflect","floor":1},{"not_picked":["Outmaneuver","Sucker Punch"],"picked":"Infinite Blades","floor":6},{"not_picked":["Blade Dance","Finisher"],"picked":"Envenom","floor":7},{"not_picked":["Flechettes+1","Flying Knee+1"],"picked":"All Out Attack+1","floor":11},{"not_picked":["Tactician","Choke+1"],"picked":"Catalyst","floor":12},{"not_picked":["Dodge and Roll","Slice+1"],"picked":"Poisoned Stab+1","floor":14},{"not_picked":["Malaise","Grand Finale+1"],"picked":"Die Die Die+1","floor":16},{"not_picked":["Bane+1","Choke+1"],"picked":"Backflip","floor":18},{"not_picked":["Expertise","Sucker Punch+1"],"picked":"Accuracy","floor":19},{"not_picked":["Poisoned Stab+1","Slice+1"],"picked":"All Out Attack+1","floor":21},{"not_picked":["Slice+1","Flying Knee+1","Deflect"],"picked":"SKIP","floor":22},{"not_picked":["Dagger Spray+1","Acrobatics"],"picked":"Burst","floor":24},{"not_picked":["Endless Agony+1","Blur+1"],"picked":"After Image+1","floor":25},{"not_picked":["Dagger Throw+1","Bane+1"],"picked":"Blur","floor":27},{"not_picked":["Distraction","Eviscerate+1"],"picked":"Skewer+1","floor":28},{"not_picked":["Outmaneuver","Choke+1"],"picked":"Leg Sweep","floor":29},{"not_picked":["Deadly Poison","Dagger Throw+1","Sucker Punch+1"],"picked":"SKIP","floor":30},{"not_picked":["Flechettes+1","Dagger Throw+1"],"picked":"Blade Dance","floor":31}],"player_experience":205169,"relics_obtained":[{"floor":7,"key":"MawBank"},{"floor":9,"key":"Happy Flower"},{"floor":12,"key":"Tingsha"},{"floor":19,"key":"Red Mask"},{"floor":25,"key":"Frozen Egg 2"},{"floor":26,"key":"Unceasing Top"},{"floor":31,"key":"Question Card"}],"event_choices":[{"cards_removed":["Defend_G"],"damage_healed":0,"gold_gain":0,"player_choice":"Card Removal","damage_taken":7,"max_hp_gain":0,"max_hp_loss":0,"event_name":"Golden Wing","floor":2,"gold_loss":0},{"damage_healed":0,"gold_gain":0,"cards_transformed":["Strike_G"],"player_choice":"Change","damage_taken":0,"max_hp_gain":0,"max_hp_loss":0,"event_name":"Living Wall","floor":3,"gold_loss":0,"cards_obtained":["Burst"]},{"damage_healed":0,"gold_gain":0,"player_choice":"Entered Light","damage_taken":14,"max_hp_gain":0,"max_hp_loss":0,"event_name":"Shining Light","floor":5,"gold_loss":0,"cards_upgraded":["Strike_G","Deflect"]},{"damage_healed":0,"gold_gain":0,"player_choice":"Success","damage_taken":12,"relics_obtained":["Molten Egg 2"],"max_hp_gain":0,"max_hp_loss":0,"event_name":"Scrap Ooze","floor":8,"gold_loss":0},{"damage_healed":17,"gold_gain":0,"player_choice":"Healed","damage_taken":0,"max_hp_gain":0,"max_hp_loss":0,"event_name":"The Cleric","floor":13,"gold_loss":35},{"damage_healed":0,"gold_gain":0,"player_choice":"Fought Bandits","damage_taken":0,"max_hp_gain":0,"max_hp_loss":0,"event_name":"Masked Bandits","floor":19,"gold_loss":0},{"damage_healed":0,"gold_gain":0,"player_choice":"Got Potions","damage_taken":0,"max_hp_gain":0,"max_hp_loss":0,"event_name":"Lab","floor":20,"gold_loss":0}],"is_beta":false,"boss_relics":[{"not_picked":["Astrolabe","Calling Bell"],"picked":"Coffee Dripper"}],"items_purged_floors":[],"is_endless":false,"potions_floor_spawned":[12,14,18,24,25,27,28],"killed_by":"Collector","ascension_level":3}}