{"host":"5jn3rki867005t18","time":1608851737,"event":{"mods":["AchievementEnabler","BaseMod","Colored Map","DeckTracker","Highlight Path","Minty Spire (QoL Compilation)","Permanent Neow","Quick Restart","StSLib","SuperFastMode"],"gold_per_floor":[113,188,188,201,103,103,103,103,126,26,46,62,62,62,74,187,199,228,115,135,135,135,135],"floor_reached":22,"playtime":598,"items_purged":["Strike_P","Strike_P","Strike_P"],"score":172,"play_id":"38d2dfcd-725b-4768-b587-84f15a438d02","local_time":"20201225081537","is_ascension_mode":false,"campfire_choices":[{"data":"Eruption","floor":6,"key":"SMITH"},{"data":"Eruption","floor":8,"key":"SMITH"},{"floor":15,"key":"REST"}],"circlet_count":0,"master_deck":["Defend_P","Defend_P","Defend_P","Defend_P","Eruption+1","Vigilance","BowlingBash","Dramatic Entrance","Eruption+1","SashWhip","ClearTheMind","Strike_R","Conclude","Alpha","Adaptation","CrushJoints"],"relics":["PureWater","Regal Pillow","Ice Cream","MawBank","Sozu"],"acts_visited":["Exordium","TheCity"],"potions_floor_usage":[16,16],"damage_taken":[{"damage":0,"enemies":"Small Slimes","floor":1,"turns":3},{"damage":17,"enemies":"Jaw Worm","floor":4,"turns":2},{"damage":0,"enemies":"Cultist","floor":11,"turns":2},{"damage":24,"enemies":"Blue Slaver","floor":12,"turns":3},{"damage":18,"enemies":"Hexaghost","floor":16,"turns":7},{"damage":20,"enemies":"Chosen","floor":18,"turns":3},{"damage":16,"enemies":"Shell Parasite","floor":20,"turns":4},{"damage":32,"enemies":"Sentry and Sphere","floor":22,"turns":5}],"seed_played":"3293642877482780791","potions_obtained":[{"floor":4,"key":"Explosive Potion"},{"floor":12,"key":"SkillPotion"}],"is_trial":false,"path_per_floor":["M","?","?","M","$","R","?","R","T","$","M","M","?","T","R","B",null,"M","$","M","?","M"],"character_chosen":"WATCHER","items_purchased":["ClearTheMind"],"campfire_rested":1,"item_purchase_floors":[5],"current_hp_per_floor":[72,61,61,44,44,44,44,44,44,44,44,20,20,20,56,38,72,52,52,36,23,0,0],"gold":135,"neow_bonus":"THREE_CARDS","is_daily":false,"chose_seed":false,"campfire_upgraded":2,"win_rate":0.0,"timestamp":1608851737,"path_taken":["M","?","?","?","$","R","?","R","T","$","M","?","?","?","R","BOSS","M","$","M","?","M"],"items_purchased_type":["Card"],"build_version":"2020-12-22","purchased_purges":3,"victory":false,"max_hp_per_floor":[72,72,72,72,72,72,72,72,72,72,72,72,72,72,72,72,72,72,72,72,77,77,77],"card_choices":[{"not_picked":["WheelKick","Crescendo"],"picked":"BowlingBash","floor":0},{"not_picked":["EmptyBody","Perseverance","Evaluate"],"picked":"SKIP","floor":1},{"not_picked":["Consecrate","Indignation"],"picked":"SashWhip","floor":4},{"not_picked":["EmptyFist","EmptyBody","Swivel"],"picked":"SKIP","floor":11},{"not_picked":["PathToVictory","JustLucky"],"picked":"Conclude","floor":12},{"not_picked":["SpiritShield","Vault"],"picked":"Alpha","floor":16},{"not_picked":["Protect+1","CutThroughFate"],"picked":"Adaptation","floor":18},{"not_picked":["Wallop","FlurryOfBlows"],"picked":"CrushJoints","floor":20}],"player_experience":125284,"relics_obtained":[{"floor":9,"key":"Regal Pillow"},{"floor":14,"key":"MawBank"}],"event_choices":[{"damage_healed":0,"gold_gain":75,"player_choice":"Gather Gold","damage_taken":11,"max_hp_gain":0,"max_hp_loss":0,"event_name":"World of Goop","floor":2,"gold_loss":0},{"damage_healed":0,"gold_gain":0,"player_choice":"2 cards matched","damage_taken":0,"max_hp_gain":0,"max_hp_loss":0,"event_name":"Match and Keep!","floor":3,"gold_loss":0,"cards_obtained":["Dramatic Entrance","Eruption"]},{"cards_removed":["Strike_P"],"damage_healed":0,"gold_gain":0,"player_choice":"Took Card","damage_taken":0,"max_hp_gain":0,"max_hp_loss":0,"event_name":"NoteForYourself","floor":7,"gold_loss":0,"cards_obtained":["Strike_R"]},{"damage_healed":0,"gold_gain":0,"player_choice":"Searched \u00272\u0027 times","damage_taken":0,"relics_obtained":["Ice Cream"],"max_hp_gain":0,"max_hp_loss":0,"event_name":"Dead Adventurer","floor":13,"gold_loss":0},{"damage_healed":0,"gold_gain":0,"player_choice":"Shed Blood","damage_taken":18,"max_hp_gain":5,"max_hp_loss":0,"event_name":"Forgotten Altar","floor":21,"gold_loss":0}],"is_beta":false,"boss_relics":[{"not_picked":["Snecko Eye","Tiny House"],"picked":"Sozu"}],"items_purged_floors":[5,10,19],"is_endless":false,"potions_floor_spawned":[4,12],"killed_by":"Sentry and Sphere","ascension_level":0}}