{"host":"chv1qanoipyt46jc","time":1608848575,"event":{"mods":["2.2 Compatiblity","AchievementEnabler","BaseMod","BetterRewards","CapriCore","Card Filter","Conspire","Downfall","Gold Saver","Grow up Mod","Minty Spire (QoL Compilation)","Rare Cards Sparkle","Relic Filter","Remove Card Discount Mod","Reorder Act Four","StSLib"],"gold_per_floor":[1308,1325,1344,1355,1371,1404,1430,1430,1430,1444,1456,1473,1248,1217,1228,1331,1331,1331,1343,1359,1359,1056,1091,1091,1120,1131,1114,1131,1062,1062,1074,1091,1194,1194,1194,1210,1570,1570,1585,1585,1608,1637,1655,1680,1221,1236,1236,1251,1271,1271,1271,1302,1302,1011,1011],"floor_reached":56,"playtime":4030,"items_purged":["hexamod:Strike","hexamod:Strike","hexamod:Strike","Regret","hexamod:Defend","hexamod:Defend","hexamod:Again","hexamod:Float","hexamod:Defend+1","hexamod:Defend+1","hexamod:Sear+1"],"score":1330,"play_id":"c2e1a755-dc4b-4528-87fd-da7719282c65","local_time":"20201224162255","is_ascension_mode":false,"campfire_choices":[{"floor":1,"key":"RECALL"},{"floor":13,"key":"REST"},{"data":"hexamod:FastForward","floor":18,"key":"SMITH"},{"data":"hexamod:StepThrough","floor":35,"key":"SMITH"},{"floor":40,"key":"REST"},{"data":"hexamod:EmpoweredFlame","floor":47,"key":"SMITH"},{"data":"hexamod:EmpoweredFlame","floor":53,"key":"SMITH"}],"circlet_count":0,"master_deck":["hexamod:FastForward+1","hexamod:StepThrough+1","hexamod:FastForward+1","hexamod:FastForward+1","hexamod:FastForward+1","hexamod:GhostOfSpireFuture+1","hexamod:FastForward+1","hexamod:EmpoweredFlame+1","hexamod:FastForward+1","hexamod:EmpoweredFlame+1","hexamod:FastForward+1"],"relics":["hexamod:SpiritBrand","hexamod:SoulConsumer","Pen Nib","downfall:HeartBlessingRed","downfall:HeartBlessingGreen","downfall:HeartBlessingBlue","SlaversCollar","Toxic Egg 2","War Paint","Sundial","conspire:GlowingRock","Runic Pyramid","Bag of Marbles","FossilizedHelix","Art of War","hexamod:InflammatoryLetter","TheAbacus","Anchor","Blue Candle"],"acts_visited":["Exordium","TheCity","TheBeyond","TheEnding"],"potions_floor_usage":[11],"damage_taken":[{"damage":4,"enemies":"conspire:RoseBush","floor":2,"turns":3},{"damage":5,"enemies":"Jaw Worm","floor":3,"turns":3},{"damage":0,"enemies":"Cultist","floor":4,"turns":4},{"damage":23,"enemies":"Exordium Thugs","floor":5,"turns":6},{"damage":59,"enemies":"3 Sentries","floor":6,"turns":17},{"damage":11,"enemies":"2 Fungi Beasts","floor":10,"turns":5},{"damage":42,"enemies":"Gremlin Gang","floor":11,"turns":5},{"damage":2,"enemies":"Blue Slaver","floor":12,"turns":4},{"damage":4,"enemies":"downfall:FleeingMerchant","floor":14,"turns":4},{"damage":0,"enemies":"Large Slime","floor":15,"turns":3},{"damage":43,"enemies":"downfall:Defect","floor":16,"turns":10},{"damage":4,"enemies":"Chosen","floor":19,"turns":3},{"damage":14,"enemies":"Spheric Guardian","floor":20,"turns":5},{"damage":0,"enemies":"downfall:FleeingMerchant","floor":22,"turns":4},{"damage":60,"enemies":"Book of Stabbing","floor":23,"turns":6},{"damage":62,"enemies":"Slavers","floor":25,"turns":5},{"damage":20,"enemies":"Cultist and Chosen","floor":26,"turns":6},{"damage":14,"enemies":"downfall:FleeingMerchant","floor":27,"turns":4},{"damage":15,"enemies":"Snake Plant","floor":28,"turns":3},{"damage":19,"enemies":"downfall:FleeingMerchant","floor":29,"turns":4},{"damage":5,"enemies":"Snecko","floor":31,"turns":3},{"damage":38,"enemies":"Cultist and Chosen","floor":32,"turns":7},{"damage":48,"enemies":"downfall:Watcher","floor":33,"turns":7},{"damage":47,"enemies":"3 Darklings","floor":36,"turns":5},{"damage":5,"enemies":"downfall:FleeingMerchant","floor":37,"turns":3},{"damage":3,"enemies":"Orb Walker","floor":39,"turns":4},{"damage":65,"enemies":"Nemesis","floor":42,"turns":9},{"damage":2,"enemies":"4 Shapes","floor":43,"turns":7},{"damage":81,"enemies":"Reptomancer","floor":44,"turns":7},{"damage":17,"enemies":"Jaw Worm Horde","floor":46,"turns":4},{"damage":0,"enemies":"3 Darklings","floor":48,"turns":4},{"damage":0,"enemies":"Maw","floor":49,"turns":5},{"damage":4,"enemies":"downfall:Ironclad","floor":50,"turns":6},{"damage":6,"enemies":"downfall:CharBossMerchant","floor":52,"turns":6},{"damage":25,"enemies":"downfall:NeowBoss","floor":55,"turns":21}],"seed_played":"-6865274285877622032","potions_obtained":[{"floor":4,"key":"ColorlessPotion"},{"floor":5,"key":"Fire Potion"},{"floor":11,"key":"Explosive Potion"},{"floor":15,"key":"Weak Potion"},{"floor":26,"key":"Energy Potion"}],"is_trial":false,"path_per_floor":["R","M","M","M","M","E","T","?","?","M","M","M","R","$","M","B",null,"R","M","M","?","$","E","T","E","M","$","M","$","?","M","M","B",null,"R","M","$","?","M","R","T","E","M","E","$","M","R","M","M","B",null,"E","R","$","B",null],"character_chosen":"THE_SPIRIT","items_purchased":["Toxic Egg 2","hexamod:FastForward+1","hexamod:FastForward+1","hexamod:InflammatoryLetter","hexamod:EmpoweredFlame","TheAbacus","Blue Candle","hexamod:FastForward+1"],"campfire_rested":2,"item_purchase_floors":[22,22,29,45,45,45,54,54],"current_hp_per_floor":[69,75,80,90,77,28,38,48,58,57,25,33,116,122,132,99,260,270,276,272,282,292,242,252,200,190,186,181,172,182,187,159,121,430,440,403,408,418,425,490,500,445,453,382,392,385,395,405,415,421,600,604,614,624,609],"gold":1011,"neow_bonus":"ONE_RARE_RELIC","is_daily":false,"chose_seed":false,"campfire_upgraded":4,"win_rate":0.0,"timestamp":1608848575,"path_taken":["R","M","M","M","M","E","T","?","?","M","M","M","R","?","M","BOSS","R","M","M","?","$","E","T","E","M","?","?","$","?","M","M","BOSS","R","M","$","?","M","R","T","E","M","E","$","M","R","?","M","BOSS","E","R","$","BOSS"],"items_purchased_type":["Relic","Card","Card","Relic","Card","Relic","Relic","Card"],"build_version":"2020-12-22","purchased_purges":11,"victory":true,"max_hp_per_floor":[90,100,110,120,130,140,150,160,170,180,190,200,220,230,240,250,260,270,280,290,300,310,320,330,340,350,360,370,380,390,400,410,420,430,440,450,460,470,480,490,500,510,520,530,540,550,560,570,580,590,600,610,620,630,640],"card_choices":[{"not_picked":["hexamod:ShieldOfDarkness","hexamod:RainOfEmbers"],"picked":"hexamod:FastForward","floor":2},{"not_picked":["hexamod:PowerFromBeyond","hexamod:AdvancingGuard","hexamod:SwordOfDarkness"],"picked":"SKIP","floor":3},{"not_picked":["hexamod:ExtraCrispy","hexamod:NecessarySacrifice","hexamod:NightmareStrike"],"picked":"SKIP","floor":4},{"not_picked":["hexamod:HauntingEcho","hexamod:NightmareGuise"],"picked":"hexamod:Again","floor":5},{"not_picked":["hexamod:HeatShield","hexamod:NightmareStrike"],"picked":"hexamod:StepThrough","floor":6},{"not_picked":["hexamod:AdvancingGuard","hexamod:PhantomFireball"],"picked":"hexamod:FastForward","floor":10},{"not_picked":["hexamod:Toasty","hexamod:Firestarter","hexamod:NightmareGuise"],"picked":"SKIP","floor":11},{"not_picked":["hexamod:RetreatToShadows","hexamod:RainOfEmbers","hexamod:ShieldOfDarkness"],"picked":"SKIP","floor":12},{"not_picked":["hexamod:ShieldOfDarkness","hexamod:TimeOfNeed","hexamod:SpectersWail"],"picked":"SKIP","floor":14},{"not_picked":["hexamod:AdvancingGuard","hexamod:SkipABeat","hexamod:Firestarter"],"picked":"SKIP","floor":15},{"not_picked":["hexamod:ThirdSeal","hexamod:SpectersWail","hexamod:HeatMetal"],"picked":"SKIP","floor":19},{"not_picked":["hexamod:BacktrackSmack","hexamod:Firestarter","hexamod:GhostLash+1"],"picked":"SKIP","floor":20},{"not_picked":["hexamod:DynamicBlow","hexamod:ThermalTransfer+1","hexamod:SwordOfDarkness"],"picked":"SKIP","floor":22},{"not_picked":["hexamod:SwordOfDarkness","hexamod:FourthSeal","hexamod:ShieldOfDarkness+1"],"picked":"SKIP","floor":23},{"not_picked":["hexamod:ThermalTransfer","hexamod:Incineration+1","hexamod:NightmareGuise+1"],"picked":"SKIP","floor":25},{"not_picked":["hexamod:SecondSeal","hexamod:GhostflameBarrier+1","hexamod:GhostOfSpireFuture"],"picked":"SKIP","floor":26},{"not_picked":["hexamod:Incineration","hexamod:Rewind+1","hexamod:Firestarter"],"picked":"SKIP","floor":27},{"not_picked":["hexamod:SwordOfDarkness+1","hexamod:FourthSeal","hexamod:PhantomCloak"],"picked":"SKIP","floor":28},{"not_picked":["hexamod:StepThrough+1","hexamod:DynamicBlow","hexamod:Again+1"],"picked":"SKIP","floor":29},{"not_picked":["hexamod:SpectralSpark+1","hexamod:SkipABeat+1","hexamod:SpectralAdrenaline+1"],"picked":"SKIP","floor":31},{"not_picked":["hexamod:SkipABeat+1","hexamod:AdvancingGuard+1","hexamod:SecondSeal"],"picked":"SKIP","floor":32},{"not_picked":["hexamod:BacktrackSmack","hexamod:FlamesFromBeyond+1"],"picked":"hexamod:GhostOfSpireFuture+1","floor":36},{"not_picked":["hexamod:SpectersWail+1","hexamod:HauntingEcho+1","hexamod:RainOfEmbers+1"],"picked":"SKIP","floor":37},{"not_picked":["hexamod:HauntingEcho","hexamod:Firestarter","hexamod:HexaLevel"],"picked":"SKIP","floor":39},{"not_picked":["hexamod:HauntingEcho+1","hexamod:Hexaguard+1","hexamod:AdvancingGuard+1"],"picked":"SKIP","floor":42},{"not_picked":["hexamod:InspiringFlames+1","hexamod:SuperheatedStrike"],"picked":"hexamod:FastForward+1","floor":43},{"not_picked":["hexamod:ThermalTransfer","hexamod:InspiringFlames+1","hexamod:Firestarter"],"picked":"SKIP","floor":44},{"not_picked":["hexamod:SpectersWail+1","hexamod:DynamicBlow+1"],"picked":"hexamod:FastForward+1","floor":46},{"not_picked":["hexamod:AdvancingGuard+1","hexamod:RainOfEmbers+1"],"picked":"hexamod:EmpoweredFlame","floor":48},{"not_picked":["hexamod:TimeWarp","hexamod:PowerFromBeyond+1","hexamod:BurningTouch+1"],"picked":"SKIP","floor":49},{"not_picked":["hexamod:ChargedBarrage+1","hexamod:SpectersWail","hexamod:ThermalTransfer+1"],"picked":"SKIP","floor":52}],"player_experience":347847,"relics_obtained":[{"floor":6,"key":"Pen Nib"},{"floor":23,"key":"War Paint"},{"floor":24,"key":"Sundial"},{"floor":25,"key":"conspire:GlowingRock"},{"floor":41,"key":"Bag of Marbles"},{"floor":42,"key":"FossilizedHelix"},{"floor":44,"key":"Art of War"},{"floor":52,"key":"Anchor"}],"event_choices":[{"damage_healed":0,"gold_gain":0,"player_choice":"Leave","damage_taken":0,"max_hp_gain":0,"max_hp_loss":0,"event_name":"FaceTrader","floor":21,"gold_loss":0},{"damage_healed":0,"gold_gain":0,"player_choice":"Ignored","damage_taken":0,"max_hp_gain":0,"max_hp_loss":0,"event_name":"Accursed Blacksmith","floor":38,"gold_loss":0}],"is_beta":false,"boss_relics":[{"not_picked":["Pandora\u0027s Box","Tiny House"],"picked":"SlaversCollar"},{"not_picked":["conspire:RunicOctahedron","Runic Dome"],"picked":"Runic Pyramid"}],"items_purged_floors":[14,14,14,14,14,14,14,14,22,22,27],"is_endless":false,"potions_floor_spawned":[4,5,11,15,16,20,23,25,26,28,32,39,42,43,49,52],"ascension_level":0}}