{"host":"nzvslkw4t4b5qscz","time":1608803153,"event":{"mods":["2.2 Compatiblity","AchievementEnabler","BaseMod","Block Reminder","Colored Map","Colored Powertips","DeckTracker","Highlight Path","Key Reminder","Minty Spire (QoL Compilation)","Quick Restart","Rare Cards Sparkle","Relic Sorter","StSLib","The Awakened One except there are too many feathers","Unceasing Turn Reminder","Unknown Chances","everything is the same but u backflip on backflip"],"gold_per_floor":[119,84,84,97,97,123,143,143,143,143,177,177,190,202,202,301,301,320,332,345,363,375,410,410,115,115,115,141,56,90,100,100,196,196,210,228,228,246,265,265,283,283,310,363,383,401,433,443,443,443,443,443,5,34,34],"floor_reached":56,"playtime":10250,"items_purged":["Defend_R","Strike_R"],"score":1702,"play_id":"f32aeb7d-750b-4e43-8567-0a4dfc5fdf34","local_time":"20201224024553","is_ascension_mode":true,"campfire_choices":[{"data":"Perfected Strike","floor":8.0,"key":"SMITH"},{"floor":10.0,"key":"DIG"},{"floor":12.0,"key":"DIG"},{"floor":15.0,"key":"DIG"},{"floor":24.0,"key":"DIG"},{"floor":27.0,"key":"DIG"},{"floor":32.0,"key":"DIG"},{"floor":40,"key":"DIG"},{"floor":42,"key":"DIG"},{"floor":49,"key":"RECALL"},{"data":"1","floor":52,"key":"LIFT"}],"circlet_count":0,"master_deck":["Strike_R","Strike_R+1","Defend_R","Bash+1","Perfected Strike+1","Shockwave","Pommel Strike+1","Spot Weakness","Twin Strike","Power Through","Rage","Twin Strike","Feed","Pommel Strike+1","Anger","Perfected Strike","Wild Strike","Iron Wave","Shrug It Off","Iron Wave","Uppercut+1","Metallicize+1","Barricade","Brutality+1","Armaments+1","Flame Barrier+1","Rupture","True Grit+1","Spot Weakness","Heavy Blade","Bloodletting","Heavy Blade+1","Rupture+1","Disarm","Finesse","Rage+1"],"relics":["Burning Blood","Calipers","Sundial","Incense Burner","Art of War","Boot","NeowsBlessing","Shovel","Whetstone","Pantograph","Vajra","Potion Belt","White Beast Statue","Smiling Mask","Fusion Hammer","Matryoshka","ClockworkSouvenir","Ginger","Red Mask","Bird Faced Urn","Bag of Marbles","Astrolabe","Bag of Preparation","Girya","Oddly Smooth Stone","Thread and Needle","Gambling Chip","Bottled Lightning"],"acts_visited":["Exordium","TheCity","TheBeyond","TheEnding"],"potions_floor_usage":[41,44,46,47,50,50,54,55,55,55],"damage_taken":[{"damage":0.0,"enemies":"2 Louse","floor":1.0,"turns":1.0},{"damage":0.0,"enemies":"Small Slimes","floor":4.0,"turns":1.0},{"damage":0.0,"enemies":"Gremlin Nob","floor":6.0,"turns":1.0},{"damage":0.0,"enemies":"Cultist","floor":7.0,"turns":3.0},{"damage":18.0,"enemies":"Lagavulin","floor":11.0,"turns":5.0},{"damage":11.0,"enemies":"Looter","floor":13.0,"turns":2.0},{"damage":2.0,"enemies":"3 Louse","floor":14.0,"turns":3.0},{"damage":27.0,"enemies":"Hexaghost","floor":16.0,"turns":9.0},{"damage":1.0,"enemies":"Chosen","floor":18.0,"turns":3.0},{"damage":9.0,"enemies":"Shell Parasite","floor":19.0,"turns":3.0},{"damage":13.0,"enemies":"Shelled Parasite and Fungi","floor":20.0,"turns":3.0},{"damage":6.0,"enemies":"Sentry and Sphere","floor":21.0,"turns":3.0},{"damage":1.0,"enemies":"Snecko","floor":22.0,"turns":3.0},{"damage":0.0,"enemies":"Gremlin Leader","floor":23.0,"turns":4.0},{"damage":0.0,"enemies":"Masked Bandits","floor":28.0,"turns":3.0},{"damage":20.0,"enemies":"Slavers","floor":30.0,"turns":4.0},{"damage":0.0,"enemies":"Centurion and Healer","floor":31.0,"turns":3.0},{"damage":27.0,"enemies":"Collector","floor":33.0,"turns":7.0},{"damage":3.0,"enemies":"3 Shapes","floor":35.0,"turns":4.0},{"damage":8.0,"enemies":"Orb Walker","floor":36.0,"turns":2.0},{"damage":3.0,"enemies":"3 Darklings","floor":38.0,"turns":4.0},{"damage":32.0,"enemies":"Transient","floor":39.0,"turns":5.0},{"damage":5,"enemies":"Jaw Worm Horde","floor":41,"turns":3},{"damage":9,"enemies":"2 Orb Walkers","floor":44,"turns":4},{"damage":16,"enemies":"4 Shapes","floor":45,"turns":4},{"damage":15,"enemies":"Writhing Mass","floor":46,"turns":3},{"damage":14,"enemies":"Giant Head","floor":47,"turns":6},{"damage":6,"enemies":"Sphere and 2 Shapes","floor":48,"turns":4},{"damage":34,"enemies":"Time Eater","floor":50,"turns":9},{"damage":36,"enemies":"Shield and Spear","floor":54,"turns":6},{"damage":50,"enemies":"The Heart","floor":55,"turns":7}],"seed_played":"-1918519752900186022","potions_obtained":[{"floor":1.0,"key":"Block Potion"},{"floor":6.0,"key":"ColorlessPotion"},{"floor":13.0,"key":"SneckoOil"},{"floor":14.0,"key":"LiquidMemories"},{"floor":16.0,"key":"EntropicBrew"},{"floor":18.0,"key":"ColorlessPotion"},{"floor":19.0,"key":"PowerPotion"},{"floor":20.0,"key":"Dexterity Potion"},{"floor":21.0,"key":"Fire Potion"},{"floor":22.0,"key":"SkillPotion"},{"floor":23.0,"key":"FearPotion"},{"floor":28.0,"key":"LiquidBronze"},{"floor":30.0,"key":"LiquidMemories"},{"floor":31.0,"key":"Dexterity Potion"},{"floor":33.0,"key":"SpeedPotion"},{"floor":35.0,"key":"LiquidMemories"},{"floor":36.0,"key":"Weak Potion"},{"floor":38.0,"key":"PowerPotion"},{"floor":39.0,"key":"BloodPotion"},{"floor":41,"key":"Explosive Potion"},{"floor":44,"key":"DistilledChaos"},{"floor":46,"key":"LiquidMemories"},{"floor":47,"key":"GamblersBrew"},{"floor":48,"key":"SpeedPotion"},{"floor":54,"key":"Fruit Juice"}],"is_trial":false,"path_per_floor":["M","$","?","M","?","E","M","R","T","R","E","R","M","M","R","B",null,"M","M","M","M","M","E","R","$","T","R","?","?","E","M","R","B",null,"M","M","?","M","M","R","M","R","T","?","M","M","E","M","R","B",null,"R","$","E","B",null],"character_chosen":"IRONCLAD","items_purchased":["Shockwave","Shrug It Off","Iron Wave","ClockworkSouvenir","Finesse","Gambling Chip"],"campfire_rested":0,"item_purchase_floors":[2,25,25,25,53,53],"current_hp_per_floor":[78,78,36,42,42,48,54,54,54,54,42,42,37,41,41,45,71,79,76,72,75,80,86,86,86,86,86,89,89,78,87,87,74,90,98,96,96,101,76,76,81,81,81,103,99,94,94,102,102,85,102,102,102,88,76],"gold":34,"neow_bonus":"THREE_ENEMY_KILL","is_daily":false,"chose_seed":false,"campfire_upgraded":1,"win_rate":0.0,"timestamp":1608803153,"path_taken":["M","$","?","M","?","E","M","R","T","R","E","R","M","M","R","BOSS","M","M","M","M","M","E","R","$","T","R","?","?","E","M","R","BOSS","M","M","?","M","?","R","M","R","T","?","M","M","E","M","R","BOSS","R","$","E","BOSS"],"items_purchased_type":["Card","Card","Card","Relic","Card","Relic"],"build_version":"2020-12-22","purchased_purges":2,"victory":true,"max_hp_per_floor":[80,80,80,80,80,80,80,80,80,80,80,80,80,80,80,80,80,83,83,86,89,89,89,89,89,89,89,89,89,92,95,95,95,95,98,98,98,101,101,101,101,101,101,104,107,107,107,107,107,107,107,107,107,115,115],"card_choices":[{"not_picked":["Infernal Blade","Sentinel"],"picked":"Perfected Strike","floor":1.0},{"not_picked":["Clothesline","Body Slam"],"picked":"Pommel Strike","floor":4.0},{"not_picked":["Heavy Blade","Offering"],"picked":"Spot Weakness","floor":6.0},{"not_picked":["Clash","Havoc"],"picked":"Twin Strike","floor":7.0},{"not_picked":["Hemokinesis","Infernal Blade"],"picked":"Power Through","floor":11.0},{"not_picked":["Havoc","Headbutt"],"picked":"Rage","floor":13.0},{"not_picked":["Clash","Clothesline"],"picked":"Twin Strike","floor":14.0},{"not_picked":["Juggernaut","Bludgeon"],"picked":"Feed","floor":16.0},{"not_picked":["Wild Strike","Infernal Blade"],"picked":"Pommel Strike+1","floor":18.0},{"not_picked":["Sword Boomerang","Pommel Strike","Wild Strike"],"picked":"SKIP","floor":19.0},{"not_picked":["Flex","Body Slam+1"],"picked":"Anger","floor":20.0},{"not_picked":["Ghostly Armor","Body Slam+1"],"picked":"Perfected Strike","floor":21.0},{"not_picked":["Offering","True Grit"],"picked":"Wild Strike","floor":22.0},{"not_picked":["Searing Blow","Havoc+1"],"picked":"Iron Wave","floor":23.0},{"not_picked":["Feel No Pain+1","Headbutt"],"picked":"Uppercut+1","floor":28.0},{"not_picked":["Intimidate","Double Tap","Body Slam"],"picked":"SKIP","floor":30.0},{"not_picked":["Shrug It Off","Anger+1"],"picked":"Metallicize+1","floor":31.0},{"not_picked":["Bludgeon","Corruption"],"picked":"Barricade","floor":33.0},{"not_picked":["Sword Boomerang+1","Hemokinesis"],"picked":"Rupture","floor":35.0},{"not_picked":["Seeing Red+1","Burning Pact+1"],"picked":"True Grit+1","floor":36.0},{"not_picked":["Sword Boomerang+1","Iron Wave"],"picked":"Heavy Blade","floor":38.0},{"not_picked":["Clash+1","Havoc+1"],"picked":"Bloodletting","floor":39.0},{"not_picked":["Dropkick","Pommel Strike"],"picked":"Heavy Blade+1","floor":41},{"not_picked":["Power Through","Spot Weakness"],"picked":"Rupture+1","floor":44},{"not_picked":["Cleave+1","Reckless Charge","Thunderclap"],"picked":"SKIP","floor":45},{"not_picked":["Iron Wave+1","Carnage","Infernal Blade"],"picked":"SKIP","floor":46},{"not_picked":["Warcry","Perfected Strike","Exhume"],"picked":"SKIP","floor":47},{"not_picked":["True Grit","Rampage"],"picked":"Disarm","floor":48},{"not_picked":["Dropkick+1","Headbutt+1"],"picked":"Rage+1","floor":54}],"player_experience":861127,"relics_obtained":[{"floor":6.0,"key":"Whetstone"},{"floor":9.0,"key":"Pantograph"},{"floor":10.0,"key":"Vajra"},{"floor":11.0,"key":"Potion Belt"},{"floor":12.0,"key":"White Beast Statue"},{"floor":15.0,"key":"Smiling Mask"},{"floor":23.0,"key":"Art of War"},{"floor":24.0,"key":"Matryoshka"},{"floor":26.0,"key":"Boot"},{"floor":26.0,"key":"Incense Burner"},{"floor":27.0,"key":"Ginger"},{"floor":28.0,"key":"Red Mask"},{"floor":30.0,"key":"Bird Faced Urn"},{"floor":32.0,"key":"Bag of Marbles"},{"floor":40,"key":"Bag of Preparation"},{"floor":42,"key":"Girya"},{"floor":43,"key":"Oddly Smooth Stone"},{"floor":44,"key":"Calipers"},{"floor":47,"key":"Thread and Needle"},{"floor":54,"key":"Bottled Lightning"}],"event_choices":[{"damage_healed":0.0,"max_hp_gain":0.0,"max_hp_loss":0.0,"gold_gain":0.0,"event_name":"Scrap Ooze","player_choice":"Success","floor":3.0,"gold_loss":0.0,"damage_taken":42.0,"relics_obtained":["Shovel"]},{"damage_healed":0.0,"max_hp_gain":0.0,"max_hp_loss":0.0,"gold_gain":0.0,"event_name":"Accursed Blacksmith","player_choice":"Forge","floor":5.0,"gold_loss":0.0,"damage_taken":0.0,"cards_upgraded":["Pommel Strike"]},{"damage_healed":0.0,"max_hp_gain":0.0,"max_hp_loss":0.0,"gold_gain":0.0,"event_name":"Masked Bandits","player_choice":"Fought Bandits","floor":28.0,"gold_loss":0.0,"damage_taken":0.0},{"damage_healed":0.0,"max_hp_gain":0.0,"max_hp_loss":0.0,"gold_gain":0.0,"event_name":"Addict","player_choice":"Obtained Relic","floor":29.0,"gold_loss":85.0,"damage_taken":0.0,"relics_obtained":["Sundial"]},{"damage_healed":0.0,"max_hp_gain":0.0,"max_hp_loss":0.0,"gold_gain":0.0,"cards_transformed":["Defend_R"],"event_name":"Transmorgrifier","player_choice":"Transformed","floor":37.0,"gold_loss":0.0,"damage_taken":0.0,"cards_obtained":["Spot Weakness"]},{"damage_healed":0,"gold_gain":0,"player_choice":"Fight","damage_taken":0,"max_hp_gain":0,"max_hp_loss":0,"event_name":"Mysterious Sphere","floor":44,"gold_loss":0}],"is_beta":false,"boss_relics":[{"not_picked":["Runic Pyramid","Cursed Key"],"picked":"Fusion Hammer"},{"not_picked":["SlaversCollar","Busted Crown"],"picked":"Astrolabe"}],"items_purged_floors":[25,53],"is_endless":false,"potions_floor_spawned":[1,6,13,14,16,18,19,20,21,22,23,28,30,31,33,35,36,38,39,41,44,45,46,47,48,54],"ascension_level":7}}