{"host":"5bdt6s51dmpd4l3v","time":1608797931,"event":{"mods":["AchievementEnabler","BaseMod","Colored Map","Colored Powertips","Highlight Path","Minty Spire (QoL Compilation)","Quick Restart","Rare Cards Sparkle","StSLib"],"gold_per_floor":[116,131,154,173,30,30,47,47,47,58,58,71,81,111,111,111,111],"floor_reached":16,"playtime":294,"items_purged":[],"score":182,"play_id":"14152c36-f2a7-4315-9be2-8ef77be90921","local_time":"20201224161851","is_ascension_mode":true,"campfire_choices":[{"data":"Rampage","floor":6,"key":"SMITH"},{"data":"Rage","floor":8,"key":"SMITH"},{"data":"Pummel","floor":11,"key":"SMITH"},{"floor":15,"key":"REST"}],"circlet_count":0,"master_deck":["AscendersBane","Strike_R","Strike_R","Strike_R","Strike_R","Strike_R","Defend_R","Defend_R","Defend_R","Defend_R","Bash","Rage+1","Headbutt","Rampage+1","Pummel+1","Flex+1","Clash","Whirlwind"],"relics":["Burning Blood","NeowsBlessing","Juzu Bracelet","Red Skull","Toxic Egg 2","Ornamental Fan"],"acts_visited":["Exordium"],"potions_floor_usage":[7,7,12],"damage_taken":[{"damage":0,"enemies":"Cultist","floor":1,"turns":1},{"damage":0,"enemies":"Jaw Worm","floor":2,"turns":1},{"damage":0,"enemies":"Small Slimes","floor":4,"turns":2},{"damage":25,"enemies":"Gremlin Gang","floor":7,"turns":4},{"damage":13,"enemies":"Red Slaver","floor":10,"turns":4},{"damage":2,"enemies":"3 Louse","floor":12,"turns":2},{"damage":8,"enemies":"Blue Slaver","floor":13,"turns":2},{"damage":30,"enemies":"Lagavulin","floor":14,"turns":4},{"damage":49,"enemies":"The Guardian","floor":16,"turns":4}],"seed_played":"-920141665514191949","potions_obtained":[{"floor":1,"key":"ColorlessPotion"},{"floor":4,"key":"LiquidBronze"},{"floor":10,"key":"DistilledChaos"},{"floor":14,"key":"SmokeBomb"}],"is_trial":false,"path_per_floor":["M","M","T","M","$","R","M","R","T","M","R","M","M","E","R","B"],"character_chosen":"IRONCLAD","items_purchased":["Red Skull"],"campfire_rested":1,"item_purchase_floors":[5],"current_hp_per_floor":[74,75,75,75,75,75,56,56,56,49,49,53,51,27,49,0,0],"gold":111,"neow_bonus":"THREE_ENEMY_KILL","is_daily":false,"chose_seed":false,"campfire_upgraded":3,"win_rate":0.0,"timestamp":1608797931,"path_taken":["M","M","?","M","$","R","M","R","T","M","R","M","M","E","R","BOSS"],"items_purchased_type":["Relic"],"build_version":"2020-12-22","purchased_purges":0,"victory":false,"max_hp_per_floor":[75,75,75,75,75,75,75,75,75,75,75,75,75,75,75,75,75],"card_choices":[{"not_picked":["Rampage","Sever Soul"],"picked":"Rage","floor":1},{"not_picked":["Warcry","Heavy Blade"],"picked":"Headbutt","floor":2},{"not_picked":["Flame Barrier","Combust"],"picked":"Rampage","floor":4},{"not_picked":["Body Slam","Rupture"],"picked":"Pummel","floor":7},{"not_picked":["Body Slam","Clash"],"picked":"Flex+1","floor":10},{"not_picked":["Iron Wave","Perfected Strike","Sever Soul"],"picked":"SKIP","floor":12},{"not_picked":["Thunderclap","Pommel Strike"],"picked":"Clash","floor":13},{"not_picked":["Feel No Pain","Wild Strike"],"picked":"Whirlwind","floor":14}],"player_experience":221900,"relics_obtained":[{"floor":3,"key":"Juzu Bracelet"},{"floor":9,"key":"Toxic Egg 2"},{"floor":14,"key":"Ornamental Fan"}],"event_choices":[],"is_beta":false,"boss_relics":[],"items_purged_floors":[],"is_endless":false,"potions_floor_spawned":[1,4,10,14],"killed_by":"The Guardian","ascension_level":15}}