{"host":"Jonboy","time":1608844655,"event":{"mods":["AchievementEnabler","BaseMod","Block Reminder","Colored Powertips","Minty Spire (QoL Compilation)","Relic Stats"],"gold_per_floor":[110,126,201,10,10,10,37,57,103,115,115,128,128,156,156,259,259,279,293,62,74,74,74,74,74,99,115,135,135,162,179,179,283,283,302,54,65,165,178,178,211,211,211],"floor_reached":42,"playtime":2270,"items_purged":["Strike_G","Strike_G+1"],"score":733,"play_id":"649a5e48-c6ea-4c6c-bf16-47d14287f75c","local_time":"20201224211735","is_ascension_mode":true,"campfire_choices":[{"data":"Neutralize","floor":6.0,"key":"SMITH"},{"data":"Predator","floor":11.0,"key":"SMITH"},{"floor":13.0,"key":"REST"},{"data":"Blade Dance","floor":15.0,"key":"SMITH"},{"floor":23.0,"key":"REST"},{"floor":32.0,"key":"REST"},{"floor":40,"key":"REST"}],"circlet_count":0,"master_deck":["AscendersBane","Strike_G+1","Strike_G+1","Defend_G+1","Defend_G+1","Defend_G+1","Defend_G+1","Defend_G+1","Survivor","Neutralize+1","Slice","Caltrops","Grand Finale","Escape Plan","Dagger Throw","Predator+1","Backflip","Prepared","Blade Dance+1","Wraith Form v2","Noxious Fumes+1","PiercingWail","Calculated Gamble","Noxious Fumes","Wraith Form v2","Catalyst","RitualDagger","Backflip","PiercingWail","Bullet Time","Calculated Gamble","Crippling Poison","Footwork+1"],"relics":["Runic Pyramid","Lantern","PreservedInsect","Prayer Wheel","Fusion Hammer","DollysMirror","Centennial Puzzle","Frozen Egg 2","HoveringKite","Akabeko","Bag of Preparation"],"acts_visited":["Exordium","TheCity","TheBeyond"],"potions_floor_usage":[42],"damage_taken":[{"damage":0.0,"enemies":"2 Louse","floor":1.0,"turns":3.0},{"damage":2.0,"enemies":"Cultist","floor":2.0,"turns":4.0},{"damage":27.0,"enemies":"3 Sentries","floor":7.0,"turns":11.0},{"damage":4.0,"enemies":"Jaw Worm","floor":8.0,"turns":4.0},{"damage":8.0,"enemies":"Blue Slaver","floor":10.0,"turns":3.0},{"damage":0.0,"enemies":"Looter","floor":12.0,"turns":3.0},{"damage":12.0,"enemies":"Gremlin Nob","floor":14.0,"turns":3.0},{"damage":30.0,"enemies":"Slime Boss","floor":16.0,"turns":7.0},{"damage":4.0,"enemies":"3 Byrds","floor":18.0,"turns":6.0},{"damage":2.0,"enemies":"Chosen","floor":19.0,"turns":5.0},{"damage":2.0,"enemies":"Snecko","floor":21.0,"turns":7.0},{"damage":0.0,"enemies":"Snake Plant","floor":27.0,"turns":5.0},{"damage":6.0,"enemies":"3 Cultists","floor":28.0,"turns":5.0},{"damage":16.0,"enemies":"Slavers","floor":30.0,"turns":5.0},{"damage":6.0,"enemies":"Shelled Parasite and Fungi","floor":31.0,"turns":8.0},{"damage":23.0,"enemies":"Automaton","floor":33.0,"turns":12.0},{"damage":8.0,"enemies":"Orb Walker","floor":35.0,"turns":5.0},{"damage":14,"enemies":"3 Darklings","floor":37,"turns":6},{"damage":2,"enemies":"Jaw Worm Horde","floor":39,"turns":6},{"damage":50,"enemies":"Giant Head","floor":41,"turns":10},{"damage":16,"enemies":"Sphere and 2 Shapes","floor":42,"turns":3}],"seed_played":"-3284208169430530692","potions_obtained":[{"floor":7.0,"key":"Fire Potion"},{"floor":10.0,"key":"Dexterity Potion"},{"floor":14.0,"key":"Regen Potion"},{"floor":16.0,"key":"BlessingOfTheForge"}],"is_trial":false,"path_per_floor":["M","M","?","$","?","R","E","M","T","M","R","M","R","E","R","B",null,"M","M","$","M","?","R","?","?","T","M","M","?","E","M","R","B",null,"M","$","M","?","M","R","E","M"],"character_chosen":"THE_SILENT","items_purchased":["Grand Finale","Escape Plan","DollysMirror","Akabeko"],"campfire_rested":4,"item_purchase_floors":[4,4,20,36],"current_hp_per_floor":[63,61,50,50,50,50,23,19,19,11,11,11,32,20,20,5,54,50,48,48,46,46,67,61,61,61,61,55,55,39,33,54,31,60,52,52,38,38,36,57,7,0,0],"gold":211,"neow_bonus":"BOSS_RELIC","is_daily":false,"chose_seed":false,"campfire_upgraded":3,"win_rate":0.0,"timestamp":1608844655,"path_taken":["M","M","?","$","?","R","E","M","T","M","R","?","R","E","R","BOSS","M","M","$","M","?","R","?","?","T","?","M","?","E","M","R","BOSS","M","$","?","?","?","R","E","M"],"items_purchased_type":["Card","Card","Relic","Relic"],"build_version":"2020-12-18","purchased_purges":2,"victory":false,"max_hp_per_floor":[70,70,70,70,70,70,70,70,70,70,70,70,70,70,70,70,70,70,70,70,70,70,70,70,70,70,70,70,70,70,70,70,70,70,70,70,70,70,70,70,70,70,70],"relic_stats":{"Centennial Puzzle":[27],"counters":[21,121],"HoveringKite":[9],"Prayer Wheel":9,"PreservedInsect":195,"Bag of Preparation":[2],"obtain_stats":[{"Lantern":7,"Centennial Puzzle":26,"DollysMirror":20,"HoveringKite":34,"Prayer Wheel":14,"PreservedInsect":9,"Fusion Hammer":17,"Bag of Preparation":41,"Frozen Egg 2":30,"Akabeko":36,"Ring of the Snake":0,"Runic Pyramid":0},{"Lantern":3,"Centennial Puzzle":11,"DollysMirror":10,"HoveringKite":16,"Prayer Wheel":7,"PreservedInsect":4,"Fusion Hammer":8,"Bag of Preparation":20,"Frozen Egg 2":14,"Akabeko":17,"Ring of the Snake":0,"Runic Pyramid":0},{"Lantern":18,"Centennial Puzzle":56,"DollysMirror":49,"HoveringKite":91,"Prayer Wheel":31,"PreservedInsect":22,"Fusion Hammer":38,"Bag of Preparation":118,"Frozen Egg 2":71,"Akabeko":96,"Ring of the Snake":0,"Runic Pyramid":0}]},"card_choices":[{"not_picked":["Riddle With Holes","Dodge and Roll"],"picked":"Slice","floor":1.0},{"not_picked":["Riddle With Holes","Underhanded Strike"],"picked":"Caltrops","floor":2.0},{"not_picked":["Distraction","Venomology"],"picked":"Dagger Throw","floor":7.0},{"not_picked":["Backflip","Flying Knee"],"picked":"Predator","floor":8.0},{"not_picked":["All Out Attack","Flying Knee"],"picked":"Backflip","floor":10.0},{"not_picked":["Underhanded Strike","Distraction"],"picked":"Prepared","floor":12.0},{"not_picked":["Dodge and Roll","Underhanded Strike"],"picked":"Blade Dance","floor":14.0},{"not_picked":["Glass Knife","Tools of the Trade"],"picked":"Wraith Form v2","floor":16.0},{"not_picked":["Deflect","Slice"],"picked":"Noxious Fumes+1","floor":18.0},{"not_picked":["Deflect","Deadly Poison"],"picked":"PiercingWail","floor":18.0},{"not_picked":["Well Laid Plans","PiercingWail"],"picked":"Calculated Gamble","floor":19.0},{"not_picked":["Well Laid Plans+1","Dagger Throw"],"picked":"Noxious Fumes","floor":19.0},{"not_picked":["Underhanded Strike","PiercingWail"],"picked":"Catalyst","floor":21.0},{"not_picked":["Dagger Spray","Distraction","Cloak And Dagger"],"picked":"SKIP","floor":21.0},{"not_picked":["Dagger Throw","Terror","Noxious Fumes"],"picked":"SKIP","floor":27.0},{"not_picked":["Dash","Bane","Dodge and Roll"],"picked":"SKIP","floor":27.0},{"not_picked":["Sucker Punch","Predator+1"],"picked":"Backflip","floor":28.0},{"not_picked":["Die Die Die","Finisher","Poisoned Stab+1"],"picked":"SKIP","floor":28.0},{"not_picked":["Deadly Poison","Blade Dance"],"picked":"PiercingWail","floor":30.0},{"not_picked":["Deadly Poison","Dagger Spray","Bane"],"picked":"SKIP","floor":31.0},{"not_picked":["Dagger Spray","Outmaneuver","Calculated Gamble+1"],"picked":"SKIP","floor":31.0},{"not_picked":["A Thousand Cuts+1","Glass Knife"],"picked":"Bullet Time","floor":33.0},{"not_picked":["Deadly Poison","Sucker Punch","Slice"],"picked":"SKIP","floor":35.0},{"not_picked":["Dagger Throw","Riddle With Holes+1","Distraction+1"],"picked":"SKIP","floor":35.0},{"not_picked":["Blade Dance","Dodge and Roll"],"picked":"Calculated Gamble","floor":37},{"not_picked":["Setup","Quick Slash","Slice+1"],"picked":"SKIP","floor":37},{"not_picked":["Finisher+1","Outmaneuver+1"],"picked":"Crippling Poison","floor":39},{"not_picked":["Quick Slash+1","Blade Dance+1","Blur"],"picked":"SKIP","floor":39},{"not_picked":["Sucker Punch","After Image+1"],"picked":"Footwork+1","floor":41}],"player_experience":414848,"relics_obtained":[{"floor":7.0,"key":"Lantern"},{"floor":9.0,"key":"PreservedInsect"},{"floor":14.0,"key":"Prayer Wheel"},{"floor":26.0,"key":"Centennial Puzzle"},{"floor":30.0,"key":"Frozen Egg 2"},{"floor":41,"key":"Bag of Preparation"}],"event_choices":[{"damage_healed":0.0,"max_hp_gain":0.0,"max_hp_loss":0.0,"gold_gain":75.0,"event_name":"World of Goop","player_choice":"Gather Gold","floor":3.0,"gold_loss":0.0,"damage_taken":11.0},{"damage_healed":0.0,"max_hp_gain":0.0,"max_hp_loss":0.0,"gold_gain":0.0,"event_name":"WeMeetAgain","player_choice":"Ignored","floor":5.0,"gold_loss":0.0,"damage_taken":0.0},{"damage_healed":0.0,"max_hp_gain":0.0,"max_hp_loss":0.0,"gold_gain":0.0,"event_name":"Back to Basics","player_choice":"Simplicity","floor":22.0,"gold_loss":0.0,"damage_taken":0.0,"cards_upgraded":["Strike_G","Strike_G","Strike_G","Strike_G","Defend_G","Defend_G","Defend_G","Defend_G","Defend_G"]},{"damage_healed":0.0,"max_hp_gain":0.0,"max_hp_loss":0.0,"gold_gain":0.0,"event_name":"Nest","player_choice":"Joined the Cult","floor":24.0,"gold_loss":0.0,"damage_taken":6.0,"cards_obtained":["RitualDagger"]},{"cards_removed":["Strike_G"],"damage_healed":0.0,"max_hp_gain":0.0,"max_hp_loss":0.0,"gold_gain":0.0,"event_name":"Bonfire Elementals","player_choice":"Offered Basic","floor":25.0,"gold_loss":0.0,"damage_taken":0.0},{"damage_healed":0.0,"max_hp_gain":0.0,"max_hp_loss":0.0,"gold_gain":0.0,"event_name":"Lab","player_choice":"Got Potions","floor":29.0,"gold_loss":0.0,"damage_taken":0.0},{"damage_healed":0,"gold_gain":100,"player_choice":"Pray","damage_taken":0,"max_hp_gain":0,"max_hp_loss":0,"event_name":"Golden Shrine","floor":38,"gold_loss":0}],"is_beta":true,"boss_relics":[{"not_picked":["WristBlade","Empty Cage"],"picked":"Fusion Hammer"},{"not_picked":["Busted Crown","SacredBark"],"picked":"HoveringKite"}],"items_purged_floors":[20,36],"is_endless":false,"potions_floor_spawned":[7,10,14,16,19,28,33],"killed_by":"Sphere and 2 Shapes","ascension_level":12}}