{"host":"fv1cjvqplxezqiss","time":1608787555,"event":{"mods":["BaseMod","Colored Map","Minty Spire (QoL Compilation)","StSLib"],"gold_per_floor":[116,133,133,149,159,189,189,203,203,218,234,252,252,279,279,375,375,387,32,47,67,85,114,114,14,14,43,43,60,60,77,77,172,172,183,228,228,228,228],"floor_reached":38,"playtime":2495,"items_purged":["Defend_P","Strike_P"],"score":546,"play_id":"47e733a5-24da-4110-a8df-97b9701bcc63","local_time":"20201224002555","is_ascension_mode":true,"campfire_choices":[{"data":"Crescendo","floor":7.0,"key":"SMITH"},{"data":"Master of Strategy","floor":13.0,"key":"SMITH"},{"data":"Worship","floor":15.0,"key":"SMITH"},{"data":"Vigilance","floor":24,"key":"SMITH"},{"data":"BattleHymn","floor":28,"key":"SMITH"},{"data":"FlyingSleeves","floor":30,"key":"SMITH"},{"floor":32,"key":"REST"}],"circlet_count":0,"master_deck":["Strike_P","Strike_P","Strike_P+1","Defend_P","Defend_P","Defend_P","Eruption+1","Vigilance+1","Master of Strategy+1","FlyingSleeves+1","BowlingBash","Crescendo+1","SashWhip","BowlingBash","Worship+1","Judgement+1","Perseverance+1","Vault+1","SpiritShield+1","CurseOfTheBell","CutThroughFate+1","BattleHymn+1","Protect+1","WaveOfTheHand+1","Perseverance+1","ThirdEye+1","Prostrate+1","Alpha+1"],"relics":["PureWater","Blue Candle","Toxic Egg 2","StrikeDummy","Calling Bell","Bronze Scales","Singing Bowl","Dead Branch","Bag of Preparation","Frozen Egg 2","Bottled Lightning","Whetstone","Coffee Dripper","FossilizedHelix"],"acts_visited":["Exordium","TheCity","TheBeyond"],"potions_floor_usage":[27,36,36],"damage_taken":[{"damage":0.0,"enemies":"Jaw Worm","floor":1.0,"turns":4.0},{"damage":0.0,"enemies":"Cultist","floor":2.0,"turns":2.0},{"damage":0.0,"enemies":"Small Slimes","floor":4.0,"turns":1.0},{"damage":2.0,"enemies":"2 Fungi Beasts","floor":5.0,"turns":3.0},{"damage":0.0,"enemies":"Gremlin Nob","floor":6.0,"turns":2.0},{"damage":6.0,"enemies":"Lots of Slimes","floor":8.0,"turns":3.0},{"damage":0.0,"enemies":"3 Louse","floor":10.0,"turns":2.0},{"damage":0.0,"enemies":"Blue Slaver","floor":11.0,"turns":1.0},{"damage":3.0,"enemies":"Exordium Thugs","floor":12.0,"turns":2.0},{"damage":15.0,"enemies":"Lagavulin","floor":14.0,"turns":10.0},{"damage":38.0,"enemies":"Slime Boss","floor":16.0,"turns":10.0},{"damage":4.0,"enemies":"Shell Parasite","floor":18.0,"turns":2.0},{"damage":1,"enemies":"2 Thieves","floor":20,"turns":3},{"damage":1,"enemies":"Snake Plant","floor":21,"turns":4},{"damage":6,"enemies":"Snecko","floor":22,"turns":5},{"damage":15,"enemies":"Slavers","floor":23,"turns":3},{"damage":33,"enemies":"Gremlin Leader","floor":27,"turns":6},{"damage":0,"enemies":"Chosen and Byrds","floor":29,"turns":3},{"damage":1,"enemies":"Cultist and Chosen","floor":31,"turns":3},{"damage":62,"enemies":"Collector","floor":33,"turns":10},{"damage":0,"enemies":"3 Shapes","floor":35,"turns":4},{"damage":49,"enemies":"2 Orb Walkers","floor":36,"turns":5},{"damage":29,"enemies":"Awakened One","floor":38,"turns":6}],"seed_played":"3217754011253618957","potions_obtained":[{"floor":4.0,"key":"DuplicationPotion"},{"floor":5.0,"key":"Weak Potion"},{"floor":8.0,"key":"Dexterity Potion"},{"floor":12.0,"key":"SneckoOil"},{"floor":14.0,"key":"BlessingOfTheForge"},{"floor":16.0,"key":"FairyPotion"},{"floor":23,"key":"ColorlessPotion"},{"floor":27,"key":"SteroidPotion"},{"floor":35,"key":"Energy Potion"}],"is_trial":false,"path_per_floor":["M","M","?","M","M","E","R","M","T","M","M","M","R","E","R","B",null,"M","$","M","M","M","E","R","$","T","E","R","M","R","M","R","B",null,"M","?","?","B"],"character_chosen":"WATCHER","items_purchased":["BattleHymn","Bag of Preparation","Protect+1"],"campfire_rested":1,"item_purchase_floors":[19,19,19],"current_hp_per_floor":[65,65,65,65,63,63,63,57,57,57,57,54,54,39,39,1,65,61,61,62,61,57,42,42,42,42,11,11,11,11,10,31,20,71,73,26,26,0,0],"gold":228,"neow_bonus":"RANDOM_COLORLESS_2","is_daily":false,"chose_seed":false,"campfire_upgraded":6,"win_rate":0.0,"timestamp":1608787555,"path_taken":["M","M","?","M","M","E","R","M","T","M","M","M","R","E","R","BOSS","M","$","M","M","M","E","R","?","T","E","R","M","R","M","R","BOSS","M","?","?","BOSS"],"items_purchased_type":["Card","Relic","Card"],"build_version":"2020-12-22","purchased_purges":2,"victory":false,"max_hp_per_floor":[65,65,65,65,65,65,65,65,65,65,65,65,65,65,65,65,65,65,65,67,67,69,69,69,69,69,71,71,71,71,71,71,71,71,73,75,75,75,75],"card_choices":[{"not_picked":["Chrysalis","Sadistic Nature"],"picked":"Master of Strategy","floor":0.0},{"not_picked":["SashWhip","CrushJoints"],"picked":"FlyingSleeves","floor":1.0},{"not_picked":["CarveReality","Adaptation"],"picked":"BowlingBash","floor":2.0},{"not_picked":["ClearTheMind","CrushJoints"],"picked":"Crescendo","floor":4.0},{"not_picked":["PathToVictory","Evaluate"],"picked":"SashWhip","floor":5.0},{"not_picked":["ClearTheMind","JustLucky"],"picked":"BowlingBash","floor":6.0},{"not_picked":["Evaluate","CrushJoints"],"picked":"Worship","floor":8.0},{"not_picked":["LikeWater","WaveOfTheHand+1"],"picked":"Judgement+1","floor":10.0},{"not_picked":["BowlingBash","WaveOfTheHand+1","FollowUp"],"picked":"SKIP","floor":11.0},{"not_picked":["MentalFortress","FlyingSleeves"],"picked":"Perseverance+1","floor":12.0},{"not_picked":["ThirdEye+1","LikeWater"],"picked":"Vault+1","floor":14.0},{"not_picked":["Vault+1","Judgement+1"],"picked":"SpiritShield+1","floor":16.0},{"not_picked":["Weave","BowlingBash"],"picked":"CutThroughFate","floor":18},{"not_picked":["MentalFortress+1","Nirvana","ReachHeaven"],"picked":"Singing Bowl","floor":20},{"not_picked":["PathToVictory+1","JustLucky"],"picked":"WaveOfTheHand+1","floor":21},{"not_picked":["Consecrate","ClearTheMind+1","FlurryOfBlows"],"picked":"Singing Bowl","floor":22},{"not_picked":["ReachHeaven","CrushJoints"],"picked":"Perseverance+1","floor":23},{"not_picked":["BowlingBash","ReachHeaven","SashWhip"],"picked":"Singing Bowl","floor":27},{"not_picked":["EmptyBody+1","Protect+1"],"picked":"ThirdEye+1","floor":29},{"not_picked":["LikeWater+1","PathToVictory+1"],"picked":"Prostrate+1","floor":31},{"not_picked":["Ragnarok","Vault+1"],"picked":"Alpha+1","floor":33},{"not_picked":["Consecrate+1","TalkToTheHand","Crescendo+1"],"picked":"Singing Bowl","floor":35},{"not_picked":["EmptyFist+1","WreathOfFlame+1","BowlingBash"],"picked":"Singing Bowl","floor":36}],"player_experience":614578,"relics_obtained":[{"floor":6.0,"key":"Blue Candle"},{"floor":9.0,"key":"Toxic Egg 2"},{"floor":14.0,"key":"StrikeDummy"},{"floor":17.0,"key":"Bronze Scales"},{"floor":17.0,"key":"Singing Bowl"},{"floor":17.0,"key":"Dead Branch"},{"floor":23,"key":"Frozen Egg 2"},{"floor":26,"key":"Bottled Lightning"},{"floor":27,"key":"Whetstone"},{"floor":36,"key":"FossilizedHelix"}],"event_choices":[{"damage_healed":0.0,"max_hp_gain":0.0,"max_hp_loss":0.0,"gold_gain":0.0,"event_name":"Upgrade Shrine","player_choice":"Upgraded","floor":3.0,"gold_loss":0.0,"damage_taken":0.0,"cards_upgraded":["Eruption"]},{"damage_healed":0,"gold_gain":0,"player_choice":"Fight","damage_taken":0,"max_hp_gain":0,"max_hp_loss":0,"event_name":"Mysterious Sphere","floor":36,"gold_loss":0},{"damage_healed":0,"gold_gain":0,"player_choice":"Took Portal","damage_taken":0,"max_hp_gain":0,"max_hp_loss":0,"event_name":"SecretPortal","floor":37,"gold_loss":0}],"is_beta":false,"boss_relics":[{"not_picked":["Ectoplasm","SacredBark"],"picked":"Calling Bell"},{"not_picked":["Tiny House","Runic Dome"],"picked":"Coffee Dripper"}],"items_purged_floors":[19,25],"is_endless":false,"potions_floor_spawned":[4,5,8,12,14,16,23,27,31,35],"killed_by":"Awakened One","ascension_level":4}}