{"host":"so437kwitdq4epbi","time":1608792963,"event":{"mods":["AchievementEnabler","BaseMod","Decade(王小明)","Lobotomy","LobotomyExtend","Minty Spire (QoL Compilation)","Quick Restart","Replay The Spire","StSLib","The Bladedancer","The Necromancer","Yuyuko","[IsaacMod]以撒尖塔","vexMod"],"gold_per_floor":[115,215,228,248,259,285,285,317,340,353,353,363,392,409,409,511,511,511,528,542,542,557,557,590,608,634,634,682,717,485,498,498,604,604,642,659,669,704,738,784,784,784,784,802,494,506,506,495,495,516,516],"floor_reached":50,"playtime":7356,"items_purged":["MHz"],"score":870,"play_id":"6b3f1518-7cb5-4a50-800c-5ab957ae31e1","local_time":"20201224145603","is_ascension_mode":false,"campfire_choices":[{"floor":7.0,"key":"RECALL"},{"data":"KamenRideKuuga","floor":11.0,"key":"SMITH"},{"data":"DreamingCurrent","floor":15.0,"key":"PURGE"},{"data":"Decade_SpecialSkill","floor":23.0,"key":"SMITH"},{"floor":27.0,"key":"REST"},{"floor":32.0,"key":"REST"},{"floor":42,"key":"REST"},{"floor":49,"key":"REST"}],"circlet_count":0,"master_deck":["Decade_Attack","Decade_Attack","Decade_Attack","Decade_Attack","KamenRide","Decade_SpecialSkill+1","Decade_Defend","Decade_Defend","Decade_Defend","Decade_Defend","EpicFetus","Decade_Dash2","Kuuga_GouramAttack","OldLady","DragShield","PrometheusPower","RideBooker","BeautyBeast","AttackRide","Scorched","KamenRideKabuto","Decade_Illusion","KamenRideKuuga+1","Dragreder","Blade_Slash","Decade_Dash2","Kuuga_Rising","KamenRideBlade","DragClaw","Decade_Defend3+1","RideBooker_Skill_1","KamenRideKiva","AutoVajin","KamenRideRyuki","Decade_Defend3+1","Kabuto_ClockUp","AutoVajin+1","Decade_Illusion+1","Freischutz","KamenRideFaiz+1","UnarmedAttack5+1","AutoVajin+1","PhotonAcceleration+1","QueenOfHatred","AttackRide+1","RideBooker_Skill_1","Impatience","KamenRideHibiki+1","UnarmedAttack5+1","DragShield","KamenRideDecade","KamenRideRyuki","KamenRideKabuto","DecadeViolentEmotion"],"relics":["Decadriver","TOEIDeficitBill","HushsDoor","MoneyPower","CogitoBucket","LetterFromLob","AnarchistCookbook","Lantern","Bag of Preparation","MagicMushroom","SalivaCoin","Dream Catcher","Prayer Wheel","Strange Spoon","Replay:Grab Bag","MyShadow","BookofShadows","MealTicket","Bottled Lightning","White Beast Statue"],"acts_visited":["Exordium","TheCity","TheBeyond"],"potions_floor_usage":[],"damage_taken":[{"damage":5.0,"enemies":"Small Slimes","floor":1.0,"turns":3.0},{"damage":0.0,"enemies":"Cultist","floor":3.0,"turns":2.0},{"damage":0.0,"enemies":"2 Louse","floor":4.0,"turns":2.0},{"damage":0.0,"enemies":"Looter","floor":5.0,"turns":1.0},{"damage":0.0,"enemies":"Lagavulin","floor":6.0,"turns":3.0},{"damage":9.0,"enemies":"3 Sentries","floor":8.0,"turns":4.0},{"damage":6.0,"enemies":"3 Louse","floor":10.0,"turns":3.0},{"damage":2.0,"enemies":"Gremlin Gang","floor":12.0,"turns":1.0},{"damage":0.0,"enemies":"Gremlin Nob","floor":13.0,"turns":2.0},{"damage":0.0,"enemies":"Lots of Slimes","floor":14.0,"turns":1.0},{"damage":2.0,"enemies":"Slime Boss","floor":16.0,"turns":2.0},{"damage":8.0,"enemies":"Shell Parasite","floor":19.0,"turns":5.0},{"damage":0.0,"enemies":"2 Thieves","floor":20.0,"turns":2.0},{"damage":0.0,"enemies":"3 Cultists","floor":22.0,"turns":3.0},{"damage":0.0,"enemies":"Replay:Snechameleon","floor":24.0,"turns":2.0},{"damage":0.0,"enemies":"Sentry and Sphere","floor":25.0,"turns":3.0},{"damage":62.0,"enemies":"Snake Plant","floor":28.0,"turns":5.0},{"damage":0.0,"enemies":"Book of Stabbing","floor":29.0,"turns":4.0},{"damage":0.0,"enemies":"Shelled Parasite and Fungi","floor":31.0,"turns":3.0},{"damage":2.0,"enemies":"Pondfish","floor":33.0,"turns":4.0},{"damage":24.0,"enemies":"3 Darklings","floor":35.0,"turns":4.0},{"damage":0.0,"enemies":"Orb Walker","floor":36.0,"turns":2.0},{"damage":0,"enemies":"Sphere and 2 Shapes","floor":37,"turns":4},{"damage":24,"enemies":"Spire Growth","floor":38,"turns":5},{"damage":9,"enemies":"Transient","floor":39,"turns":5},{"damage":47,"enemies":"Reptomancer","floor":40,"turns":5},{"damage":0,"enemies":"Jaw Worm Horde","floor":44,"turns":2},{"damage":0,"enemies":"Spire Growth","floor":46,"turns":3},{"damage":4,"enemies":"Giant Head","floor":48,"turns":7},{"damage":110,"enemies":"FixerMidnight","floor":50,"turns":6}],"seed_played":"-8603952795559572211","potions_obtained":[{"floor":1.0,"key":"Dexterity Potion"},{"floor":3.0,"key":"ColorlessPotion"},{"floor":4.0,"key":"Venom Potion"},{"floor":29.0,"key":"Strength Potion"},{"floor":33.0,"key":"EntropicBrew"},{"floor":36.0,"key":"FearPotion"}],"is_trial":false,"path_per_floor":["M","?","M","M","M","E","R","E","T","M","R","M","E","M","R","B",null,"M","M","M","?","M","R","E","M","T","R","M","E","$","M","R","B",null,"M","M","M","M","M","E","?","R","T","M","$","M","?","E","R","B"],"character_chosen":"Decade","items_purchased":["Strange Spoon","MyShadow","Bottled Lightning","KamenRideDecade"],"campfire_rested":4,"item_purchase_floors":[30,34,45,45],"current_hp_per_floor":[70,70,70,70,70,70,70,66,66,60,60,58,69,70,70,70,77,77,69,75,77,77,77,77,77,77,77,22,23,23,34,57,77,65,46,52,65,48,40,43,43,68,68,80,85,85,85,84,85,0,0],"gold":516,"neow_bonus":"","is_daily":false,"chose_seed":false,"campfire_upgraded":2,"win_rate":0.0,"timestamp":1608792963,"path_taken":["M","?","M","M","M","E","R","E","T","M","R","M","E","M","R","BOSS","M","M","M","?","M","R","E","M","T","R","?","E","$","?","R","BOSS","M","M","?","M","M","E","?","R","T","M","$","M","?","E","R","BOSS"],"items_purchased_type":["Relic","Relic","Relic","Card"],"build_version":"2020-12-22","purchased_purges":1,"victory":false,"max_hp_per_floor":[70,70,70,70,70,70,70,70,70,70,70,70,70,70,70,70,77,77,77,77,77,77,77,77,77,77,77,77,77,77,77,77,77,65,65,65,65,65,65,85,85,85,85,85,85,85,85,85,85,85,85],"card_choices":[{"not_picked":[],"picked":"EpicFetus","floor":0.0},{"not_picked":["FormRidePegasus","KamenRideDecade"],"picked":"Bomb","floor":1.0},{"not_picked":["DenO_Sword","PhotonAcceleration"],"picked":"Decade_Dash2","floor":1.0},{"not_picked":["Blade_Metal","RideBooker"],"picked":"Kuuga_GouramAttack","floor":2.0},{"not_picked":["Wellcheers","FieryBird"],"picked":"OldLady","floor":3.0},{"not_picked":["KamenRideDecade","FormRideJack"],"picked":"DragShield","floor":3.0},{"not_picked":["Decade_Defend2","Blade_Beat"],"picked":"PrometheusPower","floor":3.0},{"not_picked":["Hibiki_Attack1","Blade_Kick"],"picked":"RideBooker","floor":4.0},{"not_picked":["MeatLantern","NakedNest"],"picked":"BeautyBeast","floor":5.0},{"not_picked":["UnarmedAttack7","MirrorWorld"],"picked":"AttackRide","floor":5.0},{"not_picked":["Bloodbath","MHz"],"picked":"Scorched","floor":8.0},{"not_picked":["Hibiki_Attack1","FormRideJack"],"picked":"KamenRideKabuto","floor":8.0},{"not_picked":["DenO_Sword","Dragreder"],"picked":"Decade_Illusion","floor":8.0},{"not_picked":["Kiva_Bats","Decade_Defend3"],"picked":"KamenRideKuuga","floor":10.0},{"not_picked":["RideBooker","DragShield"],"picked":"Dragreder","floor":10.0},{"not_picked":["LittlePrince","Wellcheers"],"picked":"DreamingCurrent","floor":12.0},{"not_picked":["Decade_Defend2","KamenRideKiva"],"picked":"Blade_Slash","floor":13.0},{"not_picked":["FormRideBasshaa","FormRideTitan"],"picked":"Bomb","floor":13.0},{"not_picked":["Decade_Defend2","Blade_Mach"],"picked":"Decade_Dash2","floor":14.0},{"not_picked":["Kiva_Eat","UnarmedAttack9"],"picked":"Kuuga_Rising","floor":16.0},{"not_picked":["UnarmedAttack3","DenO_Ax"],"picked":"KamenRideBlade","floor":19.0},{"not_picked":["FormRideStorm+1","Kiva_Bats"],"picked":"DragClaw","floor":22.0},{"not_picked":["DenO_Rod+1","UnarmedAttack5"],"picked":"Decade_Defend3+1","floor":24.0},{"not_picked":["Decade_Illusion+1","Decade_Invisible+1"],"picked":"RideBooker_Skill_1","floor":27.0},{"not_picked":["UnarmedAttack8","DenO_Ax"],"picked":"KamenRideKiva","floor":28.0},{"not_picked":["Alriune","VoidDream"],"picked":"MHz","floor":29.0},{"not_picked":["Hibiki_Attack1","KamenRideDecade"],"picked":"AutoVajin","floor":31.0},{"not_picked":["DenO_Climax","UnarmedAttack4+1"],"picked":"KamenRideRyuki","floor":31.0},{"not_picked":["UnarmedAttack1","FormRideStorm"],"picked":"Decade_Defend3+1","floor":32.0},{"not_picked":["Kuuga_Rising","FormRideAxel"],"picked":"Kabuto_ClockUp","floor":33.0},{"not_picked":["DenO_Sword","RideBooker_Skill_1"],"picked":"AutoVajin+1","floor":35.0},{"not_picked":["Hibiki_Attack2","Blade_Mach"],"picked":"Decade_Illusion+1","floor":35.0},{"not_picked":["SpiderBud","BlackSwan"],"picked":"Freischutz","floor":36.0},{"not_picked":["Hibiki_Attack3+1","KamenRideDenO"],"picked":"KamenRideFaiz+1","floor":36.0},{"not_picked":["Decade_Dash2","Hibiki_Attack3"],"picked":"UnarmedAttack5+1","floor":38},{"not_picked":["UnarmedAttack1+1","FormRide+1"],"picked":"AutoVajin+1","floor":38},{"not_picked":["PrometheusPower","Kuuga_Rising"],"picked":"PhotonAcceleration+1","floor":38},{"not_picked":["Alriune","NakedNest"],"picked":"QueenOfHatred","floor":40},{"not_picked":["UnarmedAttack3","UnarmedAttack9"],"picked":"AttackRide+1","floor":40},{"not_picked":["Kiva_Bats+1","DenO_Sword+1"],"picked":"RideBooker_Skill_1","floor":40},{"not_picked":["Chrysalis","Trip"],"picked":"Impatience","floor":41},{"not_picked":["UnarmedAttack7+1","UnarmedAttack4"],"picked":"KamenRideHibiki+1","floor":44},{"not_picked":["Blade_Beat","Kiva_Eat"],"picked":"UnarmedAttack5+1","floor":44},{"not_picked":["Blade_Kick+1","UnarmedAttack5+1"],"picked":"DragShield","floor":44},{"not_picked":["UnarmedAttack7","DenO_Sword"],"picked":"KamenRideRyuki","floor":46},{"not_picked":["Decade_Defend3+1","Decade_Defend2+1"],"picked":"KamenRideKabuto","floor":46},{"not_picked":["AttackRide+1","RideBooker_Skill_3+1"],"picked":"DecadeViolentEmotion","floor":48}],"player_experience":68395,"relics_obtained":[{"floor":1.0,"key":"LetterFromLob"},{"floor":6.0,"key":"AnarchistCookbook"},{"floor":8.0,"key":"Lantern"},{"floor":13.0,"key":"Bag of Preparation"},{"floor":24.0,"key":"SalivaCoin"},{"floor":26.0,"key":"Dream Catcher"},{"floor":29.0,"key":"Prayer Wheel"},{"floor":40,"key":"BookofShadows"},{"floor":43,"key":"MealTicket"},{"floor":48,"key":"White Beast Statue"}],"event_choices":[{"damage_healed":0,"gold_gain":0,"player_choice":"Memory 1","damage_taken":0,"max_hp_gain":0,"max_hp_loss":0,"event_name":"SensoryStone","floor":41,"gold_loss":0},{"damage_healed":0,"gold_gain":0,"player_choice":"Ignored","damage_taken":0,"max_hp_gain":0,"max_hp_loss":0,"event_name":"Tomb of Lord Red Mask","floor":47,"gold_loss":0}],"is_beta":false,"boss_relics":[{"not_picked":["Philosopher\u0027s Stone","Black Star"],"picked":"MagicMushroom"},{"not_picked":[]},{"not_picked":["Sozu","Kintsugi"],"picked":"Replay:Grab Bag"},{"not_picked":[]}],"items_purged_floors":[30],"is_endless":false,"potions_floor_spawned":[1,3,4,6,12,16,22,29,33,36,38,46],"killed_by":"FixerMidnight","ascension_level":0}}