{"host":"baymyijz6sxaqj5s","time":1608794107,"event":{"mods":["AchievementEnabler","BaseMod","Colored Map","Colored Powertips","DeckTracker","KOR Keyword Fix","Keyboard Shortcuts","Minty Spire (QoL Compilation)","Quick Restart","StSLib","SuperFastMode"],"gold_per_floor":[115,135,145,155,155,155,155,155,231,231,261,280,300,144,144,144,144],"floor_reached":16,"playtime":356,"items_purged":[],"score":107,"play_id":"7c2d1654-9c71-46e8-a06b-0a07c13e405a","local_time":"20201224161507","is_ascension_mode":true,"campfire_choices":[{"data":"Heavy Blade","floor":6,"key":"SMITH"},{"floor":8,"key":"REST"},{"data":"Bash","floor":10,"key":"SMITH"},{"floor":15,"key":"REST"}],"circlet_count":0,"master_deck":["Strike_R","Strike_R","Strike_R+1","Strike_R","Strike_R","Defend_R","Defend_R+1","Defend_R","Defend_R","Bash+1","Heavy Blade+1","Body Slam"],"relics":["Burning Blood","White Beast Statue","Tiny Chest"],"acts_visited":["Exordium"],"potions_floor_usage":[4,12,16,16,16,16,16],"damage_taken":[{"damage":4,"enemies":"2 Louse","floor":1,"turns":3},{"damage":0,"enemies":"Small Slimes","floor":2,"turns":3},{"damage":10,"enemies":"Jaw Worm","floor":3,"turns":4},{"damage":13,"enemies":"Gremlin Gang","floor":4,"turns":3},{"damage":43,"enemies":"Gremlin Nob","floor":11,"turns":5},{"damage":12,"enemies":"Exordium Wildlife","floor":12,"turns":6},{"damage":7,"enemies":"Looter","floor":13,"turns":3},{"damage":75,"enemies":"The Guardian","floor":16,"turns":11}],"seed_played":"3290820671472022531","potions_obtained":[{"floor":3,"key":"AttackPotion"},{"floor":11,"key":"Fruit Juice"},{"floor":12,"key":"LiquidBronze"},{"floor":13,"key":"DuplicationPotion"}],"is_trial":false,"path_per_floor":["M","M","M","M","?","R","?","R","T","R","E","M","M","$","R","B"],"character_chosen":"IRONCLAD","items_purchased":["Body Slam","EntropicBrew"],"campfire_rested":2,"item_purchase_floors":[14,14],"current_hp_per_floor":[88,88,84,77,77,77,59,85,85,85,48,47,46,46,73,0,0],"gold":144,"neow_bonus":"TEN_PERCENT_HP_BONUS","is_daily":false,"chose_seed":false,"campfire_upgraded":2,"win_rate":0.0,"timestamp":1608794107,"path_taken":["M","M","M","M","?","R","?","R","T","R","E","M","M","$","R","BOSS"],"items_purchased_type":["Card","Potion"],"build_version":"2020-12-22","purchased_purges":0,"victory":false,"max_hp_per_floor":[88,88,88,88,88,88,88,88,88,88,88,93,93,93,93,93,93],"card_choices":[{"not_picked":["True Grit","Intimidate","Twin Strike"],"picked":"SKIP","floor":1},{"not_picked":["True Grit","Wild Strike","Pummel"],"picked":"SKIP","floor":2},{"not_picked":["Exhume","Sword Boomerang"],"picked":"Heavy Blade","floor":3},{"not_picked":["Perfected Strike","Twin Strike","Second Wind"],"picked":"SKIP","floor":4},{"not_picked":["Wild Strike","Headbutt","Burning Pact"],"picked":"SKIP","floor":11},{"not_picked":["True Grit","Twin Strike","Warcry"],"picked":"SKIP","floor":12},{"not_picked":["Flex","Sever Soul","Burning Pact"],"picked":"SKIP","floor":13}],"player_experience":210305,"relics_obtained":[{"floor":9,"key":"White Beast Statue"},{"floor":11,"key":"Tiny Chest"}],"event_choices":[{"damage_healed":0,"gold_gain":0,"player_choice":"Ignored","damage_taken":0,"max_hp_gain":0,"max_hp_loss":0,"event_name":"Liars Game","floor":5,"gold_loss":0},{"damage_healed":0,"gold_gain":0,"player_choice":"Entered Light","damage_taken":18,"max_hp_gain":0,"max_hp_loss":0,"event_name":"Shining Light","floor":7,"gold_loss":0,"cards_upgraded":["Strike_R","Defend_R"]}],"is_beta":false,"boss_relics":[],"items_purged_floors":[],"is_endless":false,"potions_floor_spawned":[3,11,12,13],"killed_by":"The Guardian","ascension_level":1}}