{"host":"ds3v42j7tpaaz1mg","time":1608780814,"event":{"mods":["AchievementEnabler","Aspiration","BaseMod","Beaked The Cultist","Bestiary","Better Altar","Better Note","Better Sensory Stone","BetterRewards","Block Reminder","Colored Powertips","Conspire","Downfall","Energized Spire","Halation","Hermit","Highlight Path","Hubris","Infinite Spire","Jorbs\u0027s Wanderer Trilogy","Minty Spire (QoL Compilation)","Relic Stats","Replay The Spire","StSLib","The Death Knight","The Elementalist","The Servant 0.9.4","vexMod"],"gold_per_floor":[111,129,129,148,148,148,183,196,223,111,111,130,130,130,130,230,230,230,230],"floor_reached":18,"playtime":1216,"items_purged":["Sickly"],"score":160,"play_id":"fa809061-9b11-4123-b2fd-685f3a11ccd5","local_time":"20201223223334","is_ascension_mode":false,"campfire_choices":[{"data":"ShatteredReality","floor":6,"key":"SMITH"},{"floor":15,"key":"REST"}],"circlet_count":0,"master_deck":["Strike_S","Strike_S","Strike_S","Strike_S","Defend_S+1","Defend_S","Defend_S","Defend_S","KidneyShot","Exchange","ShatteredReality+1","FastForward","Rupture","KidneyShot","BottledTime","Rewind+1","Dilation","stsjorbsmod:Procrastination"],"relics":["Uniform","aspiration:Nostalgia","m_BurningSludge","ReplayTheSpireMod:Ring of Exchange","Ring of Searing","halation:QuantumPhysicsTextbook","hubris:SlimyHat","Omamori","Replay:Ancient Bell","PreservedInsect","conspire:DeflatedDodgeball","Du-Vu Doll"],"acts_visited":["Exordium","TheCity"],"potions_floor_usage":[7,16],"damage_taken":[{"damage":1,"enemies":"Jaw Worm","floor":1,"turns":5},{"damage":0,"enemies":"Cultist","floor":2,"turns":3},{"damage":5,"enemies":"Small Slimes","floor":4,"turns":3},{"damage":25,"enemies":"Gremlin Nob","floor":7,"turns":4},{"damage":0,"enemies":"2 Fungi Beasts","floor":8,"turns":4},{"damage":2,"enemies":"Looter","floor":12,"turns":3},{"damage":10,"enemies":"Hexaghost","floor":16,"turns":13},{"damage":16,"enemies":"3 Byrds","floor":18,"turns":4}],"seed_played":"2207892292664660230","potions_obtained":[{"floor":1,"key":"Adrenaline Potion"},{"floor":7,"key":"Elixir"},{"floor":8,"key":"SkillPotion"},{"floor":12,"key":"sneckomod:MuddlingPotion"}],"is_trial":false,"path_per_floor":["M","M","?","M","?","R","E","M","T","$","?","M","$","?","R","B",null,"M"],"character_chosen":"THE_SERVANT","items_purchased":["Rewind+1"],"campfire_rested":1,"item_purchase_floors":[10],"current_hp_per_floor":[64,64,64,59,59,59,34,34,34,34,34,32,32,25,44,34,65,49,49],"gold":230,"neow_bonus":"NOSTALGIA","is_daily":false,"chose_seed":false,"campfire_upgraded":1,"win_rate":0.0,"timestamp":1608780814,"path_taken":["M","M","?","?","?","R","E","M","T","$","?","M","$","?","R","BOSS","M"],"items_purchased_type":["Card"],"build_version":"2020-12-22","purchased_purges":1,"victory":false,"max_hp_per_floor":[65,65,65,65,65,65,65,65,65,65,65,65,65,65,65,65,65,65,65],"relic_stats":{"counters":[8,39],"PreservedInsect":0,"obtain_stats":[{"Du-Vu Doll":17,"ReplayTheSpireMod:Ring of Exchange":5,"halation:QuantumPhysicsTextbook":7,"aspiration:Nostalgia":0,"PreservedInsect":17,"Uniform":0,"hubris:SlimyHat":9,"Omamori":14,"Replay:Ancient Bell":17,"conspire:DeflatedDodgeball":17,"m_BurningSludge":0,"Ring of Searing":5},{"Du-Vu Doll":7,"ReplayTheSpireMod:Ring of Exchange":3,"halation:QuantumPhysicsTextbook":4,"aspiration:Nostalgia":0,"PreservedInsect":7,"Uniform":0,"hubris:SlimyHat":5,"Omamori":6,"Replay:Ancient Bell":7,"conspire:DeflatedDodgeball":7,"m_BurningSludge":0,"Ring of Searing":3},{"Du-Vu Doll":35,"ReplayTheSpireMod:Ring of Exchange":11,"halation:QuantumPhysicsTextbook":15,"aspiration:Nostalgia":0,"PreservedInsect":35,"Uniform":0,"hubris:SlimyHat":19,"Omamori":22,"Replay:Ancient Bell":35,"conspire:DeflatedDodgeball":35,"m_BurningSludge":0,"Ring of Searing":11}]},"card_choices":[{"not_picked":["InstantArmor","Orbit"],"picked":"ShatteredReality","floor":1},{"not_picked":["Revamp","Starlight"],"picked":"FastForward","floor":2},{"not_picked":["Alleviate","Comet","Spin"],"picked":"SKIP","floor":4},{"not_picked":["Alleviate","Comet","Spin"],"picked":"SKIP","floor":4},{"not_picked":["Pummel","Alleviate"],"picked":"BottledTime","floor":7},{"not_picked":["Unruled","Deadline","Sword Boomerang"],"picked":"SKIP","floor":8},{"not_picked":["Revamp","Pummel","Unruled"],"picked":"SKIP","floor":12},{"not_picked":["PendulumOfEternity","Hemogenesis"],"picked":"Dilation","floor":16},{"not_picked":["ReplayTheSpireMod:Restless Dread","Voices"],"picked":"stsjorbsmod:Procrastination","floor":17},{"not_picked":["hubris:Disease","Guardian:Aged"],"picked":"CurseOfTheBell","floor":17},{"not_picked":["hubris:Envy","hubris:Despair"],"picked":"stsjorbsmod:Procrastination","floor":17}],"player_experience":575743,"relics_obtained":[{"floor":5,"key":"ReplayTheSpireMod:Ring of Exchange"},{"floor":5,"key":"Ring of Searing"},{"floor":7,"key":"halation:QuantumPhysicsTextbook"},{"floor":9,"key":"hubris:SlimyHat"}],"event_choices":[{"damage_healed":0,"gold_gain":0,"player_choice":"2 cards matched","damage_taken":0,"max_hp_gain":0,"max_hp_loss":0,"event_name":"Match and Keep!","floor":3,"gold_loss":0,"cards_obtained":["Rupture","KidneyShot"]},{"damage_healed":0,"gold_gain":0,"player_choice":"Success","damage_taken":7,"relics_obtained":["Omamori"],"max_hp_gain":0,"max_hp_loss":0,"event_name":"Scrap Ooze","floor":14,"gold_loss":0}],"is_beta":false,"boss_relics":[{"not_picked":["hubris:VirtuousBlindfold","halation:MonkeysPaw"],"picked":"Replay:Ancient Bell"},{"not_picked":["ReplayTheSpireMod:TigerMarble","Strawberry"],"picked":"PreservedInsect"},{"not_picked":["Sundial","aspiration:FrozenJewel"],"picked":"conspire:DeflatedDodgeball"},{"not_picked":["Pondfish Scales","halation:OrihimeAndHikoboshiSamaAndTears"],"picked":"Du-Vu Doll"}],"items_purged_floors":[10],"is_endless":false,"potions_floor_spawned":[1,7,8,12],"killed_by":"3 Byrds","ascension_level":0}}