{"host":"4agyp7e20ejnk5oq","time":1608841900,"event":{"mods":["BaseMod","Colored Map","Friendly Minions","Infinite Spire","Minty Spire (QoL Compilation)","Relic Sorter","Replay The Spire","StSLib"],"gold_per_floor":[118,118,129,129,144,194,194,245,298,344,356,403,415,427,439,554,566,594,606,618,643,655,697,624,636,648,683,367,380,380,393,393,491,491,507,507,526,540,640,673,693,754,823,823,823,823],"floor_reached":45,"playtime":1764,"items_purged":["Pain"],"score":825,"play_id":"3cb04cd4-6814-4313-a6e7-d44f81cc243c","local_time":"20201224213140","is_ascension_mode":true,"campfire_choices":[{"floor":7,"key":"REST"},{"data":"BattleHymn","floor":11,"key":"SMITH"},{"data":"MasterReality","floor":13,"key":"SMITH"},{"floor":15,"key":"REST"},{"data":"infinitespire:Punishment","floor":25,"key":"SMITH"},{"data":"infinitespire:Punishment","floor":32,"key":"SMITH"},{"floor":44,"key":"REST"}],"circlet_count":0,"master_deck":["Eruption","Vigilance","Wish","BattleHymn+1","infinitespire:Punishment+1","JustLucky","DeceiveReality","WindmillStrike","MasterReality+1","Establishment","Vengeance","Brilliance","FlurryOfBlows","Collect","Evaluate","Conclude","Weave","Study","Wireheading","infinitespire:Punishment+1","Overencumbered","Protect+1","infinitespire:Execution+1","Vengeance+1","Evaluate+1","Replay:ManipulateFuture","TalkToTheHand","TalkToTheHand","Prostrate+1","infinitespire:FinalStrike","DeusExMachina","AbeCurse","CurseOfTheBell","Prostrate+1","FollowUp+1","FlurryOfBlows+1","Study","Parasite","InnerPeace+1","SandsOfTime+1"],"relics":["PureWater","StoneCalendar","Pen Nib","WarpedTongs","InkBottle","Juzu Bracelet","MawBank","Divine Protection","Regal Pillow","Pandora\u0027s Box","Nloth\u0027s Gift","Bronze Scales","War Paint","Replay:Towering Pillar of Hats","TungstenRod","Painkiller Herb","White Beast Statue","Replay:Grab Bag","Abe\u0027s Treasure","Runic Dome","Calling Bell","Black Star","Replay:Baseball","Pear","CaptainsWheel","Akabeko","Mango","ReplayTheSpireMod:Lightbulb","infinitespire:Eraser","Bottled Tornado"],"acts_visited":["Exordium","TheCity","TheBeyond"],"potions_floor_usage":[6,16,31,33,33,35,37,41,45],"damage_taken":[{"damage":0,"enemies":"2 Louse","floor":1,"turns":2},{"damage":2,"enemies":"Small Slimes","floor":3,"turns":2},{"damage":2,"enemies":"Cultist","floor":5,"turns":2},{"damage":16,"enemies":"Replay:BlueRogue","floor":6,"turns":4},{"damage":5,"enemies":"Lagavulin","floor":8,"turns":6},{"damage":2,"enemies":"Gremlin Nob","floor":10,"turns":3},{"damage":0,"enemies":"3 Sentries","floor":12,"turns":4},{"damage":19,"enemies":"Hexaghost","floor":16,"turns":4},{"damage":6,"enemies":"Spheric Guardian","floor":18,"turns":4},{"damage":0,"enemies":"2 Thieves","floor":21,"turns":2},{"damage":10,"enemies":"Nightmare","floor":23,"turns":5},{"damage":0,"enemies":"3 Cultists","floor":29,"turns":3},{"damage":0,"enemies":"Snake Plant","floor":31,"turns":2},{"damage":0,"enemies":"Automaton","floor":33,"turns":4},{"damage":0,"enemies":"3 Shapes","floor":35,"turns":2},{"damage":5,"enemies":"3 Darklings","floor":37,"turns":3},{"damage":5,"enemies":"4 Shapes","floor":38,"turns":3},{"damage":0,"enemies":"Giant Head","floor":40,"turns":4},{"damage":0,"enemies":"Writhing Mass","floor":41,"turns":3},{"damage":39,"enemies":"R_Hoarder","floor":42,"turns":6},{"damage":117,"enemies":"Nemesis","floor":45,"turns":4}],"seed_played":"5088144847541012031","potions_obtained":[{"floor":1,"key":"BottledMiracle"},{"floor":5,"key":"Fire Potion"},{"floor":8,"key":"SteroidPotion"},{"floor":10,"key":"CultistPotion"},{"floor":18,"key":"Block Potion"},{"floor":31,"key":"DistilledChaos"},{"floor":33,"key":"DistilledChaos"},{"floor":35,"key":"Toxic Potion"},{"floor":37,"key":"SkillPotion"},{"floor":38,"key":"Doom Potion"},{"floor":40,"key":"Milkshake"},{"floor":41,"key":"Ancient Potion"}],"is_trial":false,"path_per_floor":["M","?","M","?","M","E","R","E","T","E","R","E","R","?","R","B",null,"M","?","?","M","?","NM","?","R","T","?","$","M","AVR","?","T","B",null,"?","?","?","?","?","E","?","E","T","T","E"],"character_chosen":"WATCHER","items_purchased":["Pen Nib","Replay:ManipulateFuture","TalkToTheHand"],"campfire_rested":3,"item_purchase_floors":[28,28,28],"current_hp_per_floor":[72,55,53,53,51,35,56,51,51,49,49,49,49,37,72,53,72,66,66,66,66,66,56,56,56,56,56,56,56,56,56,56,56,82,82,82,77,72,72,86,86,47,47,90,0,0],"gold":823,"neow_bonus":"ONE_RANDOM_RARE_CARD","is_daily":false,"chose_seed":false,"campfire_upgraded":4,"win_rate":0.0,"timestamp":1608841900,"path_taken":["M","?","M","?","?","E","R","E","T","E","R","E","R","?","R","BOSS","M","?","?","M","?","NM","?","R","T","?","?","M","AVR","?","T","BOSS","?","?","?","?","?","E","?","E","T","T","E"],"items_purchased_type":["Relic","Card","Card"],"build_version":"2020-12-22","purchased_purges":1,"victory":false,"max_hp_per_floor":[72,72,72,72,72,72,72,72,72,72,72,72,72,72,72,72,72,72,72,72,72,72,72,72,72,72,72,72,72,72,72,72,72,82,82,82,82,82,82,96,96,96,96,96,96,96],"card_choices":[{"not_picked":["MentalFortress","WreathOfFlame"],"picked":"BattleHymn","floor":1},{"not_picked":["ReplayTheSpireMod:Black Plague","infinitespire:Fortify"],"picked":"infinitespire:Punishment","floor":2},{"not_picked":["Replay:AtTheReady","CarveReality"],"picked":"JustLucky","floor":3},{"not_picked":["FlurryOfBlows","EmptyBody"],"picked":"DeceiveReality","floor":5},{"not_picked":["Replay:AtTheReady","FlyingSleeves"],"picked":"WindmillStrike","floor":6},{"not_picked":["ThirdEye","Replay:Cycle"],"picked":"MasterReality","floor":8},{"not_picked":["Conclude","Perseverance","WheelKick"],"picked":"SKIP","floor":10},{"not_picked":["WheelKick","BowlingBash","Judgement"],"picked":"SKIP","floor":12},{"not_picked":["Wish","Brilliance"],"picked":"Establishment","floor":16},{"not_picked":["WreathOfFlame+1","ClearTheMind"],"picked":"Wireheading","floor":18},{"not_picked":["PathToVictory+1","WreathOfFlame+1"],"picked":"Protect","floor":21},{"not_picked":["infinitespire:SealOfDarkness+","infinitespire:Menacing"],"picked":"infinitespire:Execution","floor":23},{"not_picked":["Replay:Anticipation+1","Replay:DivineShield"],"picked":"Vengeance+1","floor":23},{"not_picked":["Tantrum","Wireheading"],"picked":"Evaluate+1","floor":27},{"not_picked":["Establishment","Halt"],"picked":"Prostrate+1","floor":29},{"not_picked":["MentalFortress","Replay:AtTheReady+1","Replay:BluntJabs"],"picked":"SKIP","floor":31},{"not_picked":["SpiritShield","Alpha"],"picked":"DeusExMachina","floor":33},{"not_picked":["FlyingSleeves+1","Replay:AtTheReady"],"picked":"Prostrate+1","floor":35},{"not_picked":["Replay:AtTheReady+1","WaveOfTheHand+1"],"picked":"FollowUp+1","floor":37},{"not_picked":["Crescendo","SashWhip+1"],"picked":"FlurryOfBlows+1","floor":38},{"not_picked":["SpiritShield","EmptyBody"],"picked":"Study","floor":40},{"not_picked":["WaveOfTheHand","Replay:BluntJabs"],"picked":"InnerPeace+1","floor":41},{"not_picked":["Judgement","Alpha"],"picked":"SandsOfTime+1","floor":42}],"player_experience":350773,"relics_obtained":[{"floor":6,"key":"InkBottle"},{"floor":8,"key":"Juzu Bracelet"},{"floor":9,"key":"MawBank"},{"floor":10,"key":"Divine Protection"},{"floor":12,"key":"Regal Pillow"},{"floor":23,"key":"Bronze Scales"},{"floor":26,"key":"Replay:Towering Pillar of Hats"},{"floor":27,"key":"TungstenRod"},{"floor":34,"key":"Replay:Baseball"},{"floor":34,"key":"Pear"},{"floor":34,"key":"CaptainsWheel"},{"floor":40,"key":"Akabeko"},{"floor":40,"key":"Mango"},{"floor":42,"key":"ReplayTheSpireMod:Lightbulb"},{"floor":42,"key":"infinitespire:Eraser"},{"floor":43,"key":"Bottled Tornado"}],"event_choices":[{"damage_healed":0,"gold_gain":0,"player_choice":"Rummage","damage_taken":0,"relics_obtained":["WarpedTongs"],"max_hp_gain":0,"max_hp_loss":0,"event_name":"Accursed Blacksmith","floor":4,"gold_loss":0,"cards_obtained":["Pain"]},{"damage_healed":0,"gold_gain":0,"player_choice":"Success","damage_taken":12,"relics_obtained":["Art of War"],"max_hp_gain":0,"max_hp_loss":0,"event_name":"Scrap Ooze","floor":14,"gold_loss":0},{"damage_healed":0,"gold_gain":0,"player_choice":"Copied","damage_taken":0,"max_hp_gain":0,"max_hp_loss":0,"event_name":"Duplicator","floor":19,"gold_loss":0,"cards_obtained":["infinitespire:Punishment"]},{"damage_healed":0,"gold_gain":0,"player_choice":"Traded Relic","damage_taken":0,"relics_obtained":["Nloth\u0027s Gift"],"max_hp_gain":0,"max_hp_loss":0,"event_name":"N\u0027loth","floor":22,"relics_lost":["Art of War"],"gold_loss":0},{"damage_healed":0,"gold_gain":0,"player_choice":"Obtained Relic","damage_taken":0,"relics_obtained":["War Paint"],"max_hp_gain":0,"max_hp_loss":0,"event_name":"Addict","floor":24,"gold_loss":85},{"damage_healed":0,"gold_gain":0,"player_choice":"Ignored","damage_taken":0,"max_hp_gain":0,"max_hp_loss":0,"event_name":"Transmorgrifier","floor":36,"gold_loss":0},{"damage_healed":0,"gold_gain":100,"player_choice":"Pray","damage_taken":0,"max_hp_gain":0,"max_hp_loss":0,"event_name":"Golden Shrine","floor":39,"gold_loss":0}],"is_beta":false,"boss_relics":[{"not_picked":["Kintsugi","Ring of Chaos"],"picked":"Pandora\u0027s Box"},{"not_picked":["Sozu","ChewingGum"],"picked":"Replay:Grab Bag"},{"not_picked":["Replay:Wanted Poster","ReplayTheSpireMod:DimensionalGlitch"],"picked":"Abe\u0027s Treasure"},{"not_picked":["Coffee Dripper","Fusion Hammer"],"picked":"Runic Dome"},{"not_picked":["Runic Pyramid","VioletLotus"],"picked":"Calling Bell"},{"not_picked":["SacredBark","Snecko Eye"],"picked":"Black Star"}],"items_purged_floors":[28],"is_endless":true,"potions_floor_spawned":[1,5,8,10,12,18,31,33,35,37,38,40,41,42],"killed_by":"Nemesis","ascension_level":1}}