{"host":"l66odvkqh04jpxx0","time":1608789164,"event":{"mods":["BaseMod","Colored Powertips","Conspire","Luminous","Minty Spire (QoL Compilation)","Replay The Spire","StSLib","The Construct","The Cursed","The Mystic","The Servant 0.9.4"],"gold_per_floor":[114,114,189,189,209,209,224,240,315,332,351,560,560,577,577,681,681,701,751,763,244,264,264,276,22,22,22,22,38,52,52,52,52,52],"floor_reached":33,"playtime":3824,"items_purged":[],"score":241,"play_id":"d1a0d449-de16-4bde-b9c9-88cc31abc9a5","local_time":"20201224135244","is_ascension_mode":false,"campfire_choices":[{"data":"Quick Slash","floor":6,"key":"SMITH"},{"floor":13,"key":"REST"},{"floor":15,"key":"REST"},{"floor":23,"key":"REST"},{"data":"Apotheosis","floor":28,"key":"SMITH"}],"circlet_count":0,"master_deck":["Strike_G","Strike_G","Strike_G","Strike_G","Strike_G","Defend_G","Defend_G","Defend_G","Defend_G","Survivor","Neutralize","Quick Slash+1","Backflip","Predator","Underhanded Strike","Crippling Poison","Blade Dance","Outmaneuver","A Thousand Cuts+1","After Image+1","PiercingWail+1","Blade Dance","Infinite Blades+1","Apotheosis+1","Noxious Fumes+1","Deadly Poison+1","Dash","Leg Sweep+1","Necronomicurse"],"relics":["Ring of the Snake","NeowsBlessing","CultistMask","Frozen Egg 2","Honey Jar","Replay:Bottled Snecko","Toxic Egg 2","Blood Vial","Necronomicon"],"acts_visited":["Exordium","TheCity"],"potions_floor_usage":[14,16,16,18,20,29],"damage_taken":[{"damage":0,"enemies":"2 Louse","floor":1,"turns":1},{"damage":0,"enemies":"Jaw Worm","floor":5,"turns":1},{"damage":0,"enemies":"Cultist","floor":7,"turns":1},{"damage":0,"enemies":"Large Slime","floor":8,"turns":4},{"damage":3,"enemies":"3 Louse","floor":10,"turns":2},{"damage":0,"enemies":"Looter","floor":11,"turns":3},{"damage":12,"enemies":"Exordium Thugs","floor":14,"turns":6},{"damage":31,"enemies":"Slime Boss","floor":16,"turns":9},{"damage":22,"enemies":"Spheric Guardian","floor":18,"turns":5},{"damage":4,"enemies":"3 Byrds","floor":20,"turns":6},{"damage":8,"enemies":"Cultist and Chosen","floor":22,"turns":6},{"damage":10,"enemies":"Centurion and Healer","floor":24,"turns":8},{"damage":10,"enemies":"Snecko","floor":29,"turns":5},{"damage":9,"enemies":"Snake Plant","floor":30,"turns":4},{"damage":37,"enemies":"Collector","floor":33,"turns":3}],"seed_played":"1761849283121084331","potions_obtained":[{"floor":1,"key":"SkillPotion"},{"floor":5,"key":"Fire Potion"},{"floor":11,"key":"Cursed Concoction"},{"floor":16,"key":"PowerPotion"},{"floor":18,"key":"DistilledChaos"},{"floor":24,"key":"FearPotion"},{"floor":29,"key":"Elixir"}],"is_trial":false,"path_per_floor":["M","?","?","?","M","R","M","M","T","M","M","?","R","M","R","B",null,"M","?","M","$","M","R","M","$","T","?","R","M","M","?","R","B"],"character_chosen":"THE_SILENT","items_purchased":["Infinite Blades+1","Replay:Bottled Snecko","Apotheosis","Toxic Egg 2"],"campfire_rested":3,"item_purchase_floors":[21,21,21,25],"current_hp_per_floor":[70,70,59,59,59,59,59,59,59,56,56,28,49,37,58,27,70,48,48,44,44,36,57,47,47,47,47,47,39,32,32,16,0,0],"gold":52,"neow_bonus":"THREE_ENEMY_KILL","is_daily":false,"chose_seed":false,"campfire_upgraded":2,"win_rate":0.0,"timestamp":1608789164,"path_taken":["M","?","?","?","M","R","M","M","T","?","M","?","R","M","R","BOSS","M","?","M","$","M","R","M","?","T","?","R","M","?","?","R","BOSS"],"items_purchased_type":["Card","Relic","Card","Relic"],"build_version":"2020-12-22","purchased_purges":0,"victory":false,"max_hp_per_floor":[70,70,70,70,70,70,70,70,70,70,70,70,70,70,70,70,70,70,70,70,70,70,70,70,70,70,70,70,70,70,70,70,70,70],"card_choices":[{"not_picked":["ReplayTheSpireMod:Exploit Weakness","Dodge and Roll"],"picked":"Quick Slash","floor":1},{"not_picked":["Acrobatics","Slice"],"picked":"Backflip","floor":5},{"not_picked":["Fluid Movement","Underhanded Strike"],"picked":"Predator","floor":7},{"not_picked":["Heel Hook","Deflect"],"picked":"Underhanded Strike","floor":8},{"not_picked":["Dodge and Roll","ReplayTheSpireMod:Shiv Toss"],"picked":"Crippling Poison","floor":10},{"not_picked":["Hidden Blade","Acrobatics"],"picked":"Blade Dance","floor":11},{"not_picked":["Slice","Endless Agony"],"picked":"Outmaneuver","floor":12},{"not_picked":["Backflip","Replay:Poison Smokescreen"],"picked":"A Thousand Cuts+1","floor":14},{"not_picked":["ReplayTheSpireMod:Necrosis","Wraith Form v2+1"],"picked":"After Image+1","floor":16},{"not_picked":["Prepared","Tactician+1","Deflect"],"picked":"PiercingWail+1","floor":18},{"not_picked":["Deflect","Outmaneuver+1","Prepared"],"picked":"Blade Dance","floor":20},{"not_picked":["Dagger Spray","Calculated Gamble","Dodge and Roll"],"picked":"Noxious Fumes+1","floor":22},{"not_picked":["Hidden Blade","Underhanded Strike","Prepared+1"],"picked":"Deadly Poison+1","floor":24},{"not_picked":["Deflect+1","ReplayTheSpireMod:The Works+1","Prepared+1"],"picked":"Dash","floor":29},{"not_picked":["Flechettes","Deflect+1","Acrobatics+1"],"picked":"Leg Sweep+1","floor":30}],"player_experience":25754,"relics_obtained":[{"floor":9,"key":"Frozen Egg 2"},{"floor":26,"key":"Blood Vial"},{"floor":32,"key":"Necronomicon"}],"event_choices":[{"damage_healed":0,"gold_gain":0,"player_choice":"Leave","damage_taken":0,"max_hp_gain":0,"max_hp_loss":0,"event_name":"The Cleric","floor":2,"gold_loss":0},{"damage_healed":0,"gold_gain":75,"player_choice":"Gather Gold","damage_taken":11,"max_hp_gain":0,"max_hp_loss":0,"event_name":"World of Goop","floor":3,"gold_loss":0},{"damage_healed":0,"gold_gain":0,"player_choice":"Trade","damage_taken":0,"relics_obtained":["CultistMask"],"max_hp_gain":0,"max_hp_loss":0,"event_name":"FaceTrader","floor":4,"gold_loss":0},{"damage_healed":0,"gold_gain":100,"player_choice":"Bet on Murderer","damage_taken":0,"max_hp_gain":0,"max_hp_loss":0,"event_name":"The Joust","floor":19,"gold_loss":50},{"cards_removed":["Defend_G"],"damage_healed":0,"gold_gain":0,"player_choice":"Purged","damage_taken":0,"max_hp_gain":0,"max_hp_loss":0,"event_name":"Purifier","floor":27,"gold_loss":0},{"damage_healed":0,"gold_gain":0,"player_choice":"Obtained Book","damage_taken":16,"max_hp_gain":0,"max_hp_loss":0,"event_name":"Cursed Tome","floor":32,"gold_loss":0}],"is_beta":false,"boss_relics":[{"not_picked":["Ring of Chaos","Busted Crown"],"picked":"Honey Jar"}],"items_purged_floors":[],"is_endless":false,"potions_floor_spawned":[1,5,11,16,18,24,29],"killed_by":"Collector","ascension_level":0}}