{"host":"wonp23fsqqcu31ie","time":1608789119,"event":{"mods":["2.2 Compatiblity","AchievementEnabler","Aspiration","BaseMod","Bestiary","Better Altar","Better Match","Better Sensory Stone","Better Skull","Better Third Choice","BetterRewards","Block Reminder","Colored Map","Colored Powertips","Conspire","DeckTracker","Displayed Cursed Tome","Downfall","Hermit","Highlight Path","Hubris","Minty Spire (QoL Compilation)","Permanent Neow","Quick Restart","Rare Cards Sparkle","Relic Stats","Replay The Spire","Shade Mod","Shop Mod","StSLib","SuperFastMode","The Animator","The Cursed","The Dragon Tamer","The Gatherer","The Necromancer","The Runesmith","The Servant 0.9.4"],"gold_per_floor":[131,131,131,150,169,169,200,200,200,229,242,268,268,301,301,421,421,435,448,129,129,53,53,28,51,51,51,69,69,69,88,88,92,92],"floor_reached":33,"playtime":889,"items_purged":[],"score":307,"play_id":"0a1f0fc8-0432-4da4-84fe-eeaa3f463ad9","local_time":"20201224165159","is_ascension_mode":false,"campfire_choices":[{"data":"animator:MumenRider","floor":6,"key":"SMITH"},{"data":"animator:Tyuule","floor":13,"key":"SMITH"},{"floor":15,"key":"REST"},{"floor":23,"key":"RECALL"},{"data":"animator:Greed","floor":27,"key":"SMITH"},{"floor":30,"key":"REST"},{"floor":32,"key":"REST"}],"circlet_count":0,"master_deck":["animator:Strike_OnePunchMan","animator:Defend_OnePunchMan","animator:Strike","animator:Strike","animator:Strike","animator:Defend","animator:Defend","animator:Defend","animator:Genos","animator:MumenRider+1","animator:Kuroyukihime+1","animator:Gluttony","animator:Caster","animator:Mitsurugi","animator:Pride","animator:Rimuru","animator:Chris","animator:Tyuule+1","animator:Greed+1","animator:Biyorigo","animator:Mitsurugi+1","animator:Darkness+1","animator:TukaLunaMarceau","animator:Shuna","animator:MisaKurobane","animator:Saber","animator:Mitsurugi","animator:ShinjiMatou","animator:Megumin+1","animator:Shichika"],"relics":["animator:LivingPicture","animator:TheMissingPiece","Replay:Rubber Ducky","Replay:Ringing Soul","Bag of Marbles","Mark of Pain","MerchantsRug","PreservedInsect","Bloody Idol"],"acts_visited":["Exordium","TheCity"],"potions_floor_usage":[10,10,16,16,16,25,28,28,33],"damage_taken":[{"damage":0,"enemies":"2 Louse","floor":1,"turns":2},{"damage":0,"enemies":"Small Slimes","floor":4,"turns":4},{"damage":0,"enemies":"Cultist","floor":5,"turns":5},{"damage":23,"enemies":"3 Sentries","floor":7,"turns":9},{"damage":4,"enemies":"Lagavulin","floor":10,"turns":5},{"damage":4,"enemies":"2 Fungi Beasts","floor":11,"turns":3},{"damage":0,"enemies":"Looter","floor":12,"turns":2},{"damage":0,"enemies":"Blue Slaver","floor":14,"turns":3},{"damage":36,"enemies":"Slime Boss","floor":16,"turns":12},{"damage":5,"enemies":"2 Thieves","floor":18,"turns":4},{"damage":0,"enemies":"3 Byrds","floor":19,"turns":4},{"damage":17,"enemies":"Centurion and Healer","floor":25,"turns":5},{"damage":17,"enemies":"Shelled Parasite and Fungi","floor":28,"turns":3},{"damage":0,"enemies":"Snake Plant","floor":31,"turns":4},{"damage":118,"enemies":"Collector","floor":33,"turns":8}],"seed_played":"-4012261116810510852","potions_obtained":[{"floor":7,"key":"Fire Potion"},{"floor":8,"key":"SneckoOil"},{"floor":8,"key":"Elixir"},{"floor":8,"key":"Slimebound:ThreeZeroPotion"},{"floor":10,"key":"Fire Potion"},{"floor":11,"key":"SpeedPotion"},{"floor":18,"key":"Energy Potion"},{"floor":25,"key":"EntropicBrew"},{"floor":28,"key":"sneckomod:MuddlingPotion"}],"is_trial":false,"path_per_floor":["M","?","?","M","M","R","E","?","T","E","M","M","R","M","R","B",null,"M","M","$","?","$","R","$","M","T","R","M","?","R","M","R","B"],"character_chosen":"THE_ANIMATOR","items_purchased":["MerchantsRug","animator:TukaLunaMarceau","animator:Shuna","animator:MisaKurobane","animator:Saber","animator:Mitsurugi"],"campfire_rested":3,"item_purchase_floors":[20,20,20,20,22,24],"current_hp_per_floor":[66,66,69,69,69,69,47,47,47,50,53,56,56,59,82,53,85,87,91,94,94,97,97,100,86,86,86,72,19,50,67,99,0,0],"gold":92,"neow_bonus":"RANDOM_COLORLESS","is_daily":false,"chose_seed":false,"campfire_upgraded":3,"win_rate":0.0,"timestamp":1608789119,"path_taken":["M","?","?","M","M","R","E","?","T","E","?","M","R","M","R","BOSS","M","M","$","?","?","R","?","?","T","R","M","?","R","M","R","BOSS"],"items_purchased_type":["Relic","Card","Card","Card","Card","Card"],"build_version":"2020-12-22","purchased_purges":0,"victory":false,"max_hp_per_floor":[66,66,69,69,69,69,70,70,70,73,76,79,79,82,82,85,85,88,91,94,94,97,97,100,103,103,103,106,106,106,109,109,109,109],"relic_stats":{"counters":[15,73],"Bloody Idol":15,"PreservedInsect":0,"obtain_stats":[{"Replay:Ringing Soul":9,"MerchantsRug":20,"animator:TheMissingPiece":0,"Bloody Idol":29,"animator:LivingPicture":0,"Mark of Pain":17,"PreservedInsect":21,"Bag of Marbles":10,"Replay:Rubber Ducky":7},{"Replay:Ringing Soul":4,"MerchantsRug":11,"animator:TheMissingPiece":0,"Bloody Idol":13,"animator:LivingPicture":0,"Mark of Pain":9,"PreservedInsect":11,"Bag of Marbles":5,"Replay:Rubber Ducky":4},{"Replay:Ringing Soul":20,"MerchantsRug":53,"animator:TheMissingPiece":0,"Bloody Idol":61,"animator:LivingPicture":0,"Mark of Pain":45,"PreservedInsect":53,"Bag of Marbles":25,"Replay:Rubber Ducky":20}]},"card_choices":[{"not_picked":["animator:Zero","animator:NononJakuzure"],"picked":"animator:Kuroyukihime","floor":0},{"not_picked":["animator:GazelDwargon","animator:Azekura"],"picked":"animator:Gluttony","floor":1},{"not_picked":["animator:Alexander","animator:Hakurou"],"picked":"animator:Caster","floor":4},{"not_picked":["animator:Nanami","animator:Rider"],"picked":"animator:Mitsurugi","floor":5},{"not_picked":["animator:Sloth","animator:Scar"],"picked":"animator:Pride","floor":7},{"not_picked":["animator:Gluttony","animator:Berserker"],"picked":"animator:Rimuru","floor":10},{"not_picked":["animator:Kuribayashi","animator:ShinjiMatou"],"picked":"animator:Chris","floor":11},{"not_picked":["animator:Millim","animator:Kuribayashi"],"picked":"animator:Tyuule","floor":12},{"not_picked":["animator:Sloth","animator:Pride"],"picked":"animator:Greed","floor":14},{"not_picked":["animator:Eris","animator:Boros"],"picked":"animator:Biyorigo","floor":16},{"not_picked":["animator:Millim","animator:Alexander"],"picked":"animator:Mitsurugi+1","floor":18},{"not_picked":["animator:Hakurou","animator:Hitei"],"picked":"animator:Darkness+1","floor":19},{"not_picked":["animator:Rider","animator:Shuna"],"picked":"animator:ShinjiMatou","floor":25},{"not_picked":["animator:YunYun","animator:Verdia"],"picked":"animator:Megumin","floor":28},{"not_picked":["animator:Geryuganshoop","animator:Mitsurugi"],"picked":"animator:Shichika","floor":31}],"player_experience":390432,"relics_obtained":[{"floor":7,"key":"Replay:Rubber Ducky"},{"floor":9,"key":"Replay:Ringing Soul"},{"floor":10,"key":"Bag of Marbles"}],"event_choices":[{"damage_healed":0,"gold_gain":0,"player_choice":"Grow","damage_taken":0,"max_hp_gain":0,"max_hp_loss":0,"event_name":"Living Wall","floor":2,"gold_loss":0,"cards_upgraded":["animator:Kuroyukihime"]},{"damage_healed":0,"gold_gain":0,"player_choice":"Got Potions","damage_taken":0,"max_hp_gain":0,"max_hp_loss":0,"event_name":"Lab","floor":8,"gold_loss":0},{"damage_healed":0,"gold_gain":0,"player_choice":" Idol ","damage_taken":53,"relics_obtained":["Bloody Idol"],"max_hp_gain":72,"max_hp_loss":19,"event_name":"betterAltar:BetterAltar","floor":29,"potions_obtained":[],"relics_lost":[],"gold_loss":0}],"is_beta":false,"boss_relics":[{"not_picked":["Painkiller Herb","Kintsugi"],"picked":"Mark of Pain"}],"items_purged_floors":[],"is_endless":false,"potions_floor_spawned":[7,10,11,18,25,28],"killed_by":"Collector","ascension_level":0}}