{"host":"sav7uxregyirlf69","time":1608780896,"event":{"mods":["AchievementEnabler","BaseMod","Colored Map","DeckTracker","Keyboard Shortcuts","Minty Spire (QoL Compilation)","READ ME - Guardian Mod","StSLib","SuperFastMode"],"gold_per_floor":[17,17,29,29,29,61,61,95,120,136,147,158,215,165,165,263,263,282,128,227,227,237,267,267,302,302,314,314,314,61,61,61,159,159,174,192,192,192,44,72,72,97,143,157,157,190,204,220,220,220,220,220,95,127,127],"floor_reached":56,"playtime":1386,"items_purged":["Strike_P","Strike_P+1","Defend_P"],"score":2009,"play_id":"4dbdfdd5-62f1-4a0f-95ae-84725bd1c400","local_time":"20201224123456","is_ascension_mode":true,"campfire_choices":[{"floor":15.0,"key":"REST"},{"floor":24.0,"key":"REST"},{"floor":32.0,"key":"REST"},{"floor":41,"key":"REST"},{"data":"Adaptation","floor":45,"key":"SMITH"},{"floor":49,"key":"RECALL"},{"data":"CarveReality","floor":52,"key":"PURGE"}],"circlet_count":0,"master_deck":["AscendersBane","Eruption+1","Vigilance","CrushJoints+1","Adaptation","FearNoEvil","Wallop","MentalFortress","EmptyMind+1","Vault","Adaptation+1","InnerPeace","Halt+1"],"relics":["HolyWater","Regal Pillow","Whetstone","Bag of Marbles","Sundial","Mercury Hourglass","Letter Opener","MutagenicStrength","Dream Catcher","Black Star","DollysMirror","Blood Vial","Prayer Wheel","White Beast Statue","InkBottle","PreservedInsect","Peace Pipe","Singing Bowl","Pocketwatch","Mango"],"acts_visited":["Exordium","TheCity","TheBeyond","TheEnding"],"potions_floor_usage":[40,44,47,55,55,55],"damage_taken":[{"damage":0.0,"enemies":"2 Louse","floor":1.0,"turns":2.0},{"damage":0.0,"enemies":"Small Slimes","floor":3.0,"turns":1.0},{"damage":15.0,"enemies":"3 Sentries","floor":6.0,"turns":4.0},{"damage":22.0,"enemies":"Lagavulin","floor":8.0,"turns":5.0},{"damage":0.0,"enemies":"Jaw Worm","floor":10.0,"turns":1.0},{"damage":0.0,"enemies":"2 Fungi Beasts","floor":11.0,"turns":1.0},{"damage":5.0,"enemies":"Blue Slaver","floor":12.0,"turns":2.0},{"damage":17.0,"enemies":"3 Sentries","floor":13.0,"turns":5.0},{"damage":0.0,"enemies":"Slime Boss","floor":16.0,"turns":5.0},{"damage":15.0,"enemies":"2 Thieves","floor":18.0,"turns":4.0},{"damage":4.0,"enemies":"Spheric Guardian","floor":22.0,"turns":4.0},{"damage":25.0,"enemies":"Slavers","floor":23.0,"turns":5.0},{"damage":13.0,"enemies":"Book of Stabbing","floor":25.0,"turns":3.0},{"damage":20.0,"enemies":"Snake Plant","floor":27.0,"turns":2.0},{"damage":28.0,"enemies":"Collector","floor":33.0,"turns":4.0},{"damage":18.0,"enemies":"3 Shapes","floor":35.0,"turns":4.0},{"damage":10.0,"enemies":"3 Darklings","floor":36.0,"turns":5.0},{"damage":30,"enemies":"Nemesis","floor":40,"turns":4},{"damage":0,"enemies":"Giant Head","floor":42,"turns":6},{"damage":8,"enemies":"Jaw Worm Horde","floor":44,"turns":3},{"damage":0,"enemies":"Reptomancer","floor":46,"turns":3},{"damage":0,"enemies":"Spire Growth","floor":47,"turns":3},{"damage":6,"enemies":"4 Shapes","floor":48,"turns":3},{"damage":8,"enemies":"Donu and Deca","floor":50,"turns":4},{"damage":0,"enemies":"Shield and Spear","floor":54,"turns":3},{"damage":4,"enemies":"The Heart","floor":55,"turns":6}],"seed_played":"-281854292275868674","potions_obtained":[{"floor":3.0,"key":"Weak Potion"},{"floor":6.0,"key":"Explosive Potion"},{"floor":11.0,"key":"LiquidMemories"},{"floor":16.0,"key":"Ancient Potion"},{"floor":22.0,"key":"PowerPotion"},{"floor":23.0,"key":"FearPotion"},{"floor":36.0,"key":"ColorlessPotion"},{"floor":42,"key":"Block Potion"},{"floor":44,"key":"PowerPotion"},{"floor":47,"key":"FearPotion"},{"floor":54,"key":"Swift Potion"}],"is_trial":false,"path_per_floor":["M","?","M","?","?","E","$","E","T","M","M","M","?","?","R","B",null,"M","$","?","?","M","E","R","E","T","M","?","?","$","?","R","B",null,"M","M","?","?","$","E","R","E","T","M","R","E","M","M","R","B",null,"R","$","E","B",null],"character_chosen":"WATCHER","items_purchased":["MentalFortress","Dream Catcher","DollysMirror"],"campfire_rested":4,"item_purchase_floors":[19,30,39],"current_hp_per_floor":[65,65,65,70,63,48,48,26,26,26,26,21,4,4,42,42,68,53,53,53,53,49,24,62,49,49,29,29,29,29,29,67,39,68,50,40,40,40,40,10,48,50,50,44,44,48,54,54,54,48,77,77,77,95,93],"gold":127,"neow_bonus":"REMOVE_TWO","is_daily":false,"chose_seed":false,"campfire_upgraded":1,"win_rate":0.0,"timestamp":1608780896,"path_taken":["M","?","M","?","?","E","$","E","T","M","?","M","?","?","R","BOSS","M","$","?","?","M","E","R","E","T","M","?","?","$","?","R","BOSS","M","M","?","?","$","E","R","E","T","M","R","E","M","M","R","BOSS","R","$","E","BOSS"],"items_purchased_type":["Card","Relic","Relic"],"build_version":"2020-12-22","purchased_purges":3,"victory":true,"max_hp_per_floor":[72,72,72,77,77,77,77,77,77,77,77,77,77,77,77,77,77,77,77,77,77,77,77,77,77,77,77,77,77,77,77,77,77,77,77,77,77,77,77,77,77,77,77,77,77,79,83,87,87,87,87,87,87,103,103],"card_choices":[{"not_picked":["Evaluate","Consecrate"],"picked":"CarveReality","floor":1.0},{"not_picked":["FollowUp","EmptyBody"],"picked":"CrushJoints","floor":3.0},{"not_picked":["FlyingSleeves","FlurryOfBlows"],"picked":"MasterReality","floor":6.0},{"not_picked":["Conclude","PathToVictory"],"picked":"Adaptation","floor":8.0},{"not_picked":["Protect","FlurryOfBlows","CutThroughFate"],"picked":"SKIP","floor":10.0},{"not_picked":["Crescendo","FlyingSleeves","Fasting2"],"picked":"SKIP","floor":11.0},{"not_picked":["FollowUp","WreathOfFlame"],"picked":"FearNoEvil","floor":12.0},{"not_picked":["BattleHymn","SashWhip"],"picked":"Wallop","floor":18.0},{"not_picked":["EmptyFist","Consecrate"],"picked":"EmptyMind+1","floor":22.0},{"not_picked":["Evaluate","Meditate","BowlingBash"],"picked":"SKIP","floor":23.0},{"not_picked":["FlyingSleeves","ThirdEye","Consecrate+1"],"picked":"SKIP","floor":25.0},{"not_picked":["EmptyFist","SashWhip+1","Swivel"],"picked":"SKIP","floor":27.0},{"not_picked":["Establishment","DeusExMachina"],"picked":"Vault","floor":33.0},{"not_picked":["ThirdEye+1","WindmillStrike","JustLucky"],"picked":"SKIP","floor":35.0},{"not_picked":["ThirdEye+1","Collect+1","Wireheading+1"],"picked":"SKIP","floor":36.0},{"not_picked":["CutThroughFate+1","CrushJoints+1"],"picked":"InnerPeace","floor":40},{"not_picked":["WheelKick+1","CrushJoints+1"],"picked":"Halt+1","floor":41},{"not_picked":["Perseverance","EmptyMind+1","Omniscience"],"picked":"SKIP","floor":42},{"not_picked":["CutThroughFate+1","CrushJoints","Meditate+1"],"picked":"SKIP","floor":44},{"not_picked":["Perseverance","FlyingSleeves+1","PathToVictory"],"picked":"SKIP","floor":44},{"not_picked":["Crescendo+1","Protect","EmptyFist+1"],"picked":"Singing Bowl","floor":46},{"not_picked":["Omniscience","Worship+1","LikeWater+1"],"picked":"Singing Bowl","floor":47},{"not_picked":["DeceiveReality","PathToVictory+1","WreathOfFlame+1"],"picked":"Singing Bowl","floor":47},{"not_picked":["Consecrate+1","InnerPeace","CutThroughFate"],"picked":"Singing Bowl","floor":48},{"not_picked":["Collect","JustLucky+1","Sanctity"],"picked":"Singing Bowl","floor":48},{"not_picked":["Evaluate+1","Wallop+1","Adaptation"],"picked":"Singing Bowl","floor":54}],"player_experience":997478,"relics_obtained":[{"floor":6.0,"key":"Regal Pillow"},{"floor":8.0,"key":"Whetstone"},{"floor":9.0,"key":"Bag of Marbles"},{"floor":13.0,"key":"Sundial"},{"floor":23.0,"key":"Mercury Hourglass"},{"floor":25.0,"key":"Letter Opener"},{"floor":40,"key":"Blood Vial"},{"floor":40,"key":"Prayer Wheel"},{"floor":42,"key":"White Beast Statue"},{"floor":42,"key":"InkBottle"},{"floor":43,"key":"PreservedInsect"},{"floor":46,"key":"Peace Pipe"},{"floor":46,"key":"Singing Bowl"},{"floor":54,"key":"Pocketwatch"},{"floor":54,"key":"Mango"}],"event_choices":[{"damage_healed":0.0,"max_hp_gain":0.0,"max_hp_loss":0.0,"gold_gain":0.0,"event_name":"Living Wall","player_choice":"Grow","floor":2.0,"gold_loss":0.0,"damage_taken":0.0,"cards_upgraded":["Eruption"]},{"damage_healed":0.0,"max_hp_gain":5.0,"max_hp_loss":0.0,"gold_gain":0.0,"event_name":"Big Fish","player_choice":"Donut","floor":4.0,"gold_loss":0.0,"damage_taken":0.0},{"cards_removed":["Strike_P"],"damage_healed":0.0,"max_hp_gain":0.0,"max_hp_loss":0.0,"gold_gain":0.0,"event_name":"Golden Wing","player_choice":"Card Removal","floor":5.0,"gold_loss":0.0,"damage_taken":7.0},{"damage_healed":0.0,"max_hp_gain":0.0,"max_hp_loss":0.0,"gold_gain":30.0,"event_name":"Dead Adventurer","player_choice":"Searched \u00273\u0027 times","floor":13.0,"gold_loss":0.0,"damage_taken":0.0},{"cards_removed":["Defend_P"],"damage_healed":0.0,"max_hp_gain":0.0,"max_hp_loss":0.0,"gold_gain":0.0,"event_name":"The Cleric","player_choice":"Card Removal","floor":14.0,"gold_loss":50.0,"damage_taken":0.0},{"damage_healed":0.0,"max_hp_gain":0.0,"max_hp_loss":0.0,"gold_gain":99.0,"event_name":"Nest","player_choice":"Stole From Cult","floor":20.0,"gold_loss":0.0,"damage_taken":0.0},{"cards_removed":["Defend_P"],"damage_healed":0.0,"max_hp_gain":0.0,"max_hp_loss":0.0,"gold_gain":0.0,"event_name":"Back to Basics","player_choice":"Elegance","floor":21.0,"gold_loss":0.0,"damage_taken":0.0},{"damage_healed":0.0,"max_hp_gain":0.0,"max_hp_loss":0.0,"gold_gain":0.0,"event_name":"The Mausoleum","player_choice":"Ignored","floor":28.0,"gold_loss":0.0,"damage_taken":0.0},{"damage_healed":0.0,"max_hp_gain":0.0,"max_hp_loss":0.0,"gold_gain":0.0,"event_name":"Drug Dealer","player_choice":"Inject Mutagens","floor":29.0,"gold_loss":0.0,"damage_taken":0.0,"relics_obtained":["MutagenicStrength"]},{"damage_healed":0.0,"max_hp_gain":0.0,"max_hp_loss":0.0,"gold_gain":0.0,"event_name":"Tomb of Lord Red Mask","player_choice":"Ignored","floor":37.0,"gold_loss":0.0,"damage_taken":0.0},{"cards_removed":["MasterReality"],"damage_healed":0.0,"max_hp_gain":0.0,"max_hp_loss":0.0,"gold_gain":0.0,"event_name":"Falling","player_choice":"Removed Power","floor":38.0,"gold_loss":0.0,"damage_taken":0.0}],"is_beta":false,"boss_relics":[{"not_picked":["SacredBark","Pandora\u0027s Box"],"picked":"HolyWater"},{"not_picked":["SlaversCollar","Coffee Dripper"],"picked":"Black Star"}],"items_purged_floors":[19,30,53],"is_endless":false,"potions_floor_spawned":[3,6,11,16,22,23,36,42,44,46,47,48,54],"ascension_level":10}}