{"host":"d50bw6kybq14xu1u","time":1608822075,"event":{"mods":["BaseMod","Colored Map","Colored Powertips","Minty Spire (QoL Compilation)","Quick Restart"],"gold_per_floor":[112,43,57,74,24,58,76,76,157,186,221,221,251,305,305,305,305],"floor_reached":16,"playtime":417,"items_purged":[],"score":124,"play_id":"a5ac6f39-76a6-4e55-8c1b-e3ef56fcf926","local_time":"20201224230115","is_ascension_mode":true,"campfire_choices":[{"data":"Dark Embrace","floor":8,"key":"SMITH"},{"floor":15,"key":"REST"}],"circlet_count":0,"master_deck":["Strike_R","Strike_R","Strike_R","Strike_R","Strike_R","Defend_R","Defend_R","Defend_R","Bash","Thunderclap","Rampage","Sever Soul","Infernal Blade","Dark Embrace+1","Wild Strike","Power Through","Perfected Strike","Regret"],"relics":["Burning Blood","NeowsBlessing","Torii","Question Card","Odd Mushroom","Oddly Smooth Stone","Strawberry","Bottled Tornado","Vajra"],"acts_visited":["Exordium"],"potions_floor_usage":[10,13],"damage_taken":[{"damage":0,"enemies":"Cultist","floor":1,"turns":1},{"damage":0,"enemies":"2 Louse","floor":3,"turns":1},{"damage":0,"enemies":"Small Slimes","floor":4,"turns":1},{"damage":36,"enemies":"Lagavulin","floor":6,"turns":5},{"damage":10,"enemies":"Looter","floor":7,"turns":2},{"damage":34,"enemies":"The Mushroom Lair","floor":10,"turns":3},{"damage":11,"enemies":"3 Sentries","floor":11,"turns":7},{"damage":19,"enemies":"Lagavulin","floor":13,"turns":5},{"damage":33,"enemies":"The Guardian","floor":16,"turns":9}],"seed_played":"2892363129049002799","potions_obtained":[{"floor":3,"key":"Explosive Potion"},{"floor":7,"key":"ElixirPotion"},{"floor":10,"key":"Swift Potion"},{"floor":11,"key":"Regen Potion"}],"is_trial":false,"path_per_floor":["M","$","M","M","?","E","M","R","T","?","E","?","E","T","R","B"],"character_chosen":"IRONCLAD","items_purchased":["Rampage"],"campfire_rested":1,"item_purchase_floors":[2],"current_hp_per_floor":[80,80,80,80,80,50,46,46,46,18,13,20,7,7,33,0,0],"gold":305,"neow_bonus":"THREE_ENEMY_KILL","is_daily":false,"chose_seed":false,"campfire_upgraded":1,"win_rate":0.0,"timestamp":1608822075,"path_taken":["M","?","M","M","?","E","M","R","T","?","E","?","E","?","R","BOSS"],"items_purchased_type":["Card"],"build_version":"2020-12-22","purchased_purges":0,"victory":false,"max_hp_per_floor":[80,80,80,80,80,80,80,80,80,80,80,87,87,87,87,87,87],"card_choices":[{"not_picked":["True Grit","Battle Trance"],"picked":"Thunderclap","floor":1},{"not_picked":["True Grit","Flex"],"picked":"Sever Soul","floor":3},{"not_picked":["Anger","Second Wind"],"picked":"Infernal Blade","floor":4},{"not_picked":["Blood for Blood","Cleave"],"picked":"Dark Embrace","floor":6},{"not_picked":["Blood for Blood","Infernal Blade"],"picked":"Wild Strike","floor":7},{"not_picked":["Anger","Thunderclap","Impervious"],"picked":"Power Through","floor":10},{"not_picked":["Whirlwind","Infernal Blade","Power Through"],"picked":"Perfected Strike","floor":11},{"not_picked":["Sword Boomerang","Whirlwind","Heavy Blade","Flame Barrier"],"picked":"SKIP","floor":13}],"player_experience":5700,"relics_obtained":[{"floor":6,"key":"Torii"},{"floor":9,"key":"Question Card"},{"floor":10,"key":"Odd Mushroom"},{"floor":11,"key":"Oddly Smooth Stone"},{"floor":13,"key":"Bottled Tornado"},{"floor":14,"key":"Vajra"}],"event_choices":[{"cards_removed":["Defend_R"],"damage_healed":0,"gold_gain":0,"player_choice":"Card Removal","damage_taken":0,"max_hp_gain":0,"max_hp_loss":0,"event_name":"The Cleric","floor":5,"gold_loss":50},{"damage_healed":0,"gold_gain":0,"player_choice":"Fought Mushrooms","damage_taken":0,"max_hp_gain":0,"max_hp_loss":0,"event_name":"Mushrooms","floor":10,"gold_loss":0},{"damage_healed":0,"gold_gain":0,"player_choice":"Box","damage_taken":0,"relics_obtained":["Strawberry"],"max_hp_gain":0,"max_hp_loss":0,"event_name":"Big Fish","floor":12,"gold_loss":0,"cards_obtained":["Regret"]}],"is_beta":false,"boss_relics":[],"items_purged_floors":[],"is_endless":false,"potions_floor_spawned":[3,7,10,11],"killed_by":"The Guardian","ascension_level":1}}