{"host":"d50bw6kybq14xu1u","time":1608821403,"event":{"mods":["BaseMod","Colored Map","Colored Powertips","Minty Spire (QoL Compilation)","Quick Restart"],"gold_per_floor":[111,211,225,225,280,307,327,356,356,356,382,402,402,238,238,337,337,352,352,139,149,149,149,149],"floor_reached":23,"playtime":679,"items_purged":[],"score":217,"play_id":"4d1939d1-d228-4112-a542-0722f31f087f","local_time":"20201224225003","is_ascension_mode":true,"campfire_choices":[{"floor":10,"key":"REST"},{"data":"1","floor":15,"key":"LIFT"}],"circlet_count":0,"master_deck":["Strike_R","Strike_R","Strike_R","Strike_R","Strike_R","Defend_R","Defend_R","Defend_R","Bash","CurseOfTheBell","Pommel Strike","Armaments+1","Reaper","Cleave","Evolve","Brutality","Fiend Fire","Metallicize+1","Rupture","RitualDagger"],"relics":["Calling Bell","Anchor","Self Forming Clay","Magic Flower","Omamori","White Beast Statue","Shuriken","Eternal Feather","Girya","Runic Cube","Toy Ornithopter"],"acts_visited":["Exordium","TheCity"],"potions_floor_usage":[8,12,23],"damage_taken":[{"damage":0,"enemies":"2 Louse","floor":1,"turns":2},{"damage":6,"enemies":"Cultist","floor":3,"turns":3},{"damage":51,"enemies":"Lagavulin","floor":6,"turns":7},{"damage":0,"enemies":"Jaw Worm","floor":7,"turns":3},{"damage":24,"enemies":"Gremlin Nob","floor":8,"turns":5},{"damage":22,"enemies":"3 Sentries","floor":11,"turns":5},{"damage":0,"enemies":"2 Fungi Beasts","floor":12,"turns":2},{"damage":51,"enemies":"Slime Boss","floor":16,"turns":8},{"damage":34,"enemies":"2 Thieves","floor":18,"turns":4},{"damage":3,"enemies":"Spheric Guardian","floor":21,"turns":3},{"damage":64,"enemies":"Slavers","floor":23,"turns":4}],"seed_played":"8733925516463299823","potions_obtained":[{"floor":7,"key":"Weak Potion"},{"floor":8,"key":"Block Potion"},{"floor":11,"key":"Explosive Potion"},{"floor":12,"key":"SpeedPotion"},{"floor":16,"key":"GamblersBrew"},{"floor":18,"key":"FearPotion"}],"is_trial":false,"path_per_floor":["M","?","M","?","T","E","M","E","T","R","E","M","?","$","R","B",null,"M","?","$","M","?","E"],"character_chosen":"IRONCLAD","items_purchased":["Brutality","Rupture","Toy Ornithopter"],"campfire_rested":1,"item_purchase_floors":[14,20,20],"current_hp_per_floor":[80,80,74,67,67,16,24,6,6,39,35,35,35,35,44,11,80,46,43,43,40,34,0,0],"gold":149,"neow_bonus":"BOSS_RELIC","is_daily":false,"chose_seed":false,"campfire_upgraded":0,"win_rate":0.0,"timestamp":1608821403,"path_taken":["M","?","?","?","?","E","M","E","T","R","E","M","?","?","R","BOSS","M","?","$","?","?","E"],"items_purchased_type":["Card","Card","Relic"],"build_version":"2020-12-22","purchased_purges":0,"victory":false,"max_hp_per_floor":[80,80,80,80,80,80,80,80,80,80,80,80,80,80,80,80,80,80,80,80,80,80,80,80],"card_choices":[{"not_picked":["Flex","Sword Boomerang"],"picked":"Pommel Strike","floor":1},{"not_picked":["Reckless Charge","Shrug It Off"],"picked":"Armaments","floor":3},{"not_picked":["Dual Wield","True Grit"],"picked":"Reaper","floor":6},{"not_picked":["Battle Trance","Heavy Blade"],"picked":"Cleave","floor":7},{"not_picked":["Flame Barrier","Intimidate"],"picked":"Evolve","floor":8},{"not_picked":["True Grit","Sword Boomerang","Clash"],"picked":"SKIP","floor":11},{"not_picked":["Burning Pact","Anger","Headbutt"],"picked":"SKIP","floor":12},{"not_picked":["Reaper","Barricade"],"picked":"Fiend Fire","floor":16},{"not_picked":["True Grit+1","Rampage"],"picked":"Metallicize+1","floor":18},{"not_picked":["Rage+1","Burning Pact","Headbutt"],"picked":"SKIP","floor":21}],"player_experience":5700,"relics_obtained":[{"floor":0,"key":"Anchor"},{"floor":0,"key":"Self Forming Clay"},{"floor":0,"key":"Magic Flower"},{"floor":5,"key":"Omamori"},{"floor":6,"key":"White Beast Statue"},{"floor":8,"key":"Shuriken"},{"floor":9,"key":"Eternal Feather"},{"floor":11,"key":"Girya"}],"event_choices":[{"damage_healed":0,"gold_gain":100,"player_choice":"Pray","damage_taken":0,"max_hp_gain":0,"max_hp_loss":0,"event_name":"Golden Shrine","floor":2,"gold_loss":0},{"cards_removed":["Defend_R"],"damage_healed":0,"gold_gain":0,"player_choice":"Card Removal","damage_taken":7,"max_hp_gain":0,"max_hp_loss":0,"event_name":"Golden Wing","floor":4,"gold_loss":0},{"damage_healed":0,"gold_gain":0,"player_choice":"Grow","damage_taken":0,"max_hp_gain":0,"max_hp_loss":0,"event_name":"Living Wall","floor":13,"gold_loss":0,"cards_upgraded":["Armaments"]},{"damage_healed":0,"gold_gain":0,"player_choice":"Punched","damage_taken":3,"max_hp_gain":0,"max_hp_loss":0,"event_name":"Designer","floor":19,"gold_loss":0},{"damage_healed":0,"gold_gain":0,"player_choice":"Joined the Cult","damage_taken":6,"max_hp_gain":0,"max_hp_loss":0,"event_name":"Nest","floor":22,"gold_loss":0,"cards_obtained":["RitualDagger"]}],"is_beta":false,"boss_relics":[{"not_picked":["Coffee Dripper","Runic Pyramid"],"picked":"Runic Cube"}],"items_purged_floors":[],"is_endless":false,"potions_floor_spawned":[7,8,11,12,16,18,21],"killed_by":"Slavers","ascension_level":1}}