{"host":"p6y17sixyu8q9v1f","time":1608814265,"event":{"mods":["BaseMod","Colored Map","Minty Spire (QoL Compilation)"],"gold_per_floor":[114,289,9,24,99,129,144,174,174,189,219,219,249,264,264,364,364,379,379,478,493,318,348,348,363,413,413,428,443,458,473,473,573,573,588,603,649,649,283,313,328,12,87,102,102,117,132,147,147,147],"floor_reached":51,"playtime":5646,"items_purged":["Doubt","Concentrate","Meditate","Dodge and Roll"],"score":958,"play_id":"199101f6-8844-4d16-b37f-8c0b0937d57a","local_time":"20201224065105","daily_mods":["Insanity","Purple Cards","DeadlyEvents"],"is_ascension_mode":false,"campfire_choices":[{"data":"Crescendo","floor":12,"key":"SMITH"},{"data":"ClearTheMind","floor":15,"key":"SMITH"},{"data":"ForeignInfluence","floor":24,"key":"SMITH"},{"data":"Finisher","floor":27,"key":"SMITH"},{"data":"Setup","floor":32,"key":"SMITH"},{"data":"1","floor":45,"key":"LIFT"},{"data":"2","floor":49,"key":"LIFT"}],"circlet_count":0,"master_deck":["Outmaneuver","Quick Slash","Slice","Halt","Finisher+1","Cloak And Dagger","MentalFortress","WheelKick","FlyingSleeves","FollowUp","Prepared","TalkToTheHand","FlurryOfBlows","Slice","Crescendo+1","PiercingWail","ThirdEye","Deadly Poison","TalkToTheHand","Well Laid Plans","FlurryOfBlows","Sucker Punch","Meditate","Outmaneuver","EmptyMind","CrushJoints","SignatureMove","Conclude","FollowUp","Riddle With Holes","FlurryOfBlows","FlyingSleeves","FlurryOfBlows","ForeignInfluence+1","Evaluate","Quick Slash","BowlingBash","Conclude","Evaluate","Dagger Throw","Evaluate","Setup+1","Blade Dance","TalkToTheHand","FlyingSleeves","Tantrum","WreathOfFlame","Noxious Fumes","FollowUp","FlurryOfBlows","Consecrate","Conclude","InnerPeace","Ragnarok","ClearTheMind+1","After Image","Flying Knee+1","EmptyFist+1","Swivel","SandsOfTime","FlurryOfBlows+1","Blade Dance","Trip","Footwork","Swift Strike","Consecrate","Distraction+1"],"relics":["Ring of the Snake","Membership Card","Vajra","MealTicket","Boot","Matryoshka","Thread and Needle","Potion Belt","Black Star","Bottled Tornado","Blood Vial","Dead Branch","Smiling Mask","PreservedInsect","Busted Crown","Peace Pipe","Nunchaku","ClockworkSouvenir","Pear","Turnip","Anchor","Strange Spoon","Girya","Regal Pillow","Question Card"],"acts_visited":["Exordium","TheCity","TheBeyond"],"potions_floor_usage":[8,13,16,18,21,31,33,37,46,50,50,50],"damage_taken":[{"damage":7,"enemies":"Small Slimes","floor":1,"turns":2},{"damage":0,"enemies":"Jaw Worm","floor":4,"turns":2},{"damage":0,"enemies":"Gremlin Nob","floor":6,"turns":2},{"damage":0,"enemies":"Cultist","floor":7,"turns":2},{"damage":26,"enemies":"Lagavulin","floor":8,"turns":5},{"damage":1,"enemies":"Lots of Slimes","floor":10,"turns":3},{"damage":0,"enemies":"3 Sentries","floor":11,"turns":2},{"damage":9,"enemies":"Lagavulin","floor":13,"turns":5},{"damage":0,"enemies":"2 Fungi Beasts","floor":14,"turns":2},{"damage":0,"enemies":"Slime Boss","floor":16,"turns":3},{"damage":0,"enemies":"Spheric Guardian","floor":18,"turns":2},{"damage":5,"enemies":"3 Byrds","floor":21,"turns":2},{"damage":19,"enemies":"Book of Stabbing","floor":23,"turns":4},{"damage":0,"enemies":"Snecko","floor":25,"turns":2},{"damage":1,"enemies":"Chosen and Byrds","floor":28,"turns":3},{"damage":0,"enemies":"Shelled Parasite and Fungi","floor":29,"turns":3},{"damage":0,"enemies":"3 Cultists","floor":30,"turns":2},{"damage":0,"enemies":"Centurion and Healer","floor":31,"turns":3},{"damage":56,"enemies":"Automaton","floor":33,"turns":8},{"damage":0,"enemies":"Orb Walker","floor":35,"turns":2},{"damage":4,"enemies":"3 Shapes","floor":36,"turns":5},{"damage":2,"enemies":"2 Orb Walkers","floor":37,"turns":3},{"damage":0,"enemies":"Nemesis","floor":40,"turns":3},{"damage":10,"enemies":"Maw","floor":41,"turns":8},{"damage":0,"enemies":"3 Darklings","floor":44,"turns":5},{"damage":3,"enemies":"Spire Growth","floor":46,"turns":5},{"damage":27,"enemies":"Writhing Mass","floor":47,"turns":3},{"damage":7,"enemies":"3 Darklings","floor":48,"turns":3},{"damage":103,"enemies":"Time Eater","floor":50,"turns":7}],"seed_played":"-4388098555046818604","potions_obtained":[{"floor":4,"key":"SkillPotion"},{"floor":8,"key":"LiquidBronze"},{"floor":11,"key":"Poison Potion"},{"floor":13,"key":"Swift Potion"},{"floor":14,"key":"Swift Potion"},{"floor":16,"key":"FearPotion"},{"floor":25,"key":"DistilledChaos"},{"floor":28,"key":"Energy Potion"},{"floor":31,"key":"Energy Potion"},{"floor":33,"key":"SpeedPotion"},{"floor":36,"key":"EssenceOfSteel"},{"floor":41,"key":"FairyPotion"},{"floor":47,"key":"FairyPotion"},{"floor":48,"key":"Explosive Potion"}],"is_trial":false,"path_per_floor":["M","?","$","M","?","E","M","E","T","M","E","R","E","M","R","B",null,"M","?","?","M","$","E","R","M","T","R","M","M","M","M","R","B",null,"M","M","?","?","$","E","M","$","T","M","R","M","M","M","R","B",null],"character_chosen":"THE_SILENT","items_purchased":["Membership Card","Noxious Fumes","Vajra","Bottled Tornado","Nunchaku","ClockworkSouvenir","Pear","Footwork","Strange Spoon","Swift Strike","Girya"],"campfire_rested":0,"item_purchase_floors":[3,3,3,22,39,39,39,39,42,42,42],"current_hp_per_floor":[63,63,63,63,52,52,52,26,26,25,25,25,16,16,16,16,70,70,70,70,65,70,51,51,53,53,53,54,56,58,60,60,6,70,70,66,66,66,80,80,70,80,80,80,80,77,52,47,47,24],"gold":147,"neow_bonus":"","is_daily":true,"chose_seed":false,"campfire_upgraded":5,"win_rate":0.0,"timestamp":1608814265,"path_taken":["M","?","$","M","?","E","?","?","T","M","E","R","?","M","R","BOSS","M","?","?","M","$","E","R","M","T","R","M","?","M","M","R","BOSS","M","M","?","?","$","E","M","$","T","?","R","M","M","M","R","BOSS"],"items_purchased_type":["Relic","Card","Relic","Relic","Relic","Relic","Relic","Card","Relic","Card","Relic"],"build_version":"2020-12-22","purchased_purges":4,"victory":true,"max_hp_per_floor":[70,70,70,70,70,70,70,70,70,70,70,70,70,70,70,70,70,70,70,70,70,70,70,70,70,70,70,70,70,70,70,70,70,70,70,70,70,70,80,80,80,80,80,80,80,80,80,80,80,80],"card_choices":[{"not_picked":["Bane","Choke"],"picked":"WreathOfFlame","floor":1},{"not_picked":["CrushJoints","Adaptation"],"picked":"FollowUp","floor":4},{"not_picked":["Well Laid Plans","Sanctity"],"picked":"FlurryOfBlows","floor":6},{"not_picked":["BowlingBash","Evaluate","Wireheading"],"picked":"SKIP","floor":7},{"not_picked":["Cloak And Dagger","Bane"],"picked":"Consecrate","floor":8},{"not_picked":["Eviscerate","EmptyFist"],"picked":"Conclude","floor":10},{"not_picked":["Cloak And Dagger","Alpha"],"picked":"InnerPeace","floor":11},{"not_picked":["CrushJoints","ThirdEye"],"picked":"Ragnarok","floor":13},{"not_picked":["Halt","Backflip"],"picked":"ClearTheMind","floor":14},{"not_picked":["Vault","Judgement"],"picked":"After Image","floor":16},{"not_picked":["Underhanded Strike","Pray+1","Prostrate"],"picked":"SKIP","floor":18},{"not_picked":["Crescendo","ThirdEye","Fasting2"],"picked":"SKIP","floor":21},{"not_picked":["All Out Attack","Prostrate"],"picked":"Flying Knee+1","floor":23},{"not_picked":["JustLucky+1","Quick Slash"],"picked":"EmptyFist+1","floor":25},{"not_picked":["LessonLearned","Dagger Throw+1"],"picked":"Swivel","floor":28},{"not_picked":["Blade Dance+1","Dagger Throw"],"picked":"SandsOfTime","floor":29},{"not_picked":["CutThroughFate+1","Prepared+1"],"picked":"FlurryOfBlows+1","floor":30},{"not_picked":["InnerPeace+1","Dagger Spray"],"picked":"Blade Dance","floor":31},{"not_picked":["Accuracy"],"picked":"SKIP","floor":35},{"not_picked":["Dagger Throw"],"picked":"SKIP","floor":36},{"not_picked":[],"picked":"Trip","floor":38},{"not_picked":["ForeignInfluence"],"picked":"SKIP","floor":40},{"not_picked":["WindmillStrike"],"picked":"SKIP","floor":41},{"not_picked":["Prostrate"],"picked":"Consecrate","floor":44},{"not_picked":["Poisoned Stab+1","BattleHymn+1"],"picked":"SKIP","floor":46},{"not_picked":["Halt+1","EmptyFist+1"],"picked":"SKIP","floor":47},{"not_picked":["ThirdEye"],"picked":"Distraction+1","floor":48}],"player_experience":784137,"relics_obtained":[{"floor":6,"key":"MealTicket"},{"floor":8,"key":"Boot"},{"floor":9,"key":"Matryoshka"},{"floor":11,"key":"Thread and Needle"},{"floor":13,"key":"Potion Belt"},{"floor":23,"key":"Blood Vial"},{"floor":23,"key":"Dead Branch"},{"floor":26,"key":"Smiling Mask"},{"floor":26,"key":"PreservedInsect"},{"floor":37,"key":"Peace Pipe"},{"floor":40,"key":"Turnip"},{"floor":40,"key":"Anchor"},{"floor":43,"key":"Regal Pillow"},{"floor":43,"key":"Question Card"}],"event_choices":[{"damage_healed":0,"gold_gain":175,"player_choice":"AGREE","damage_taken":0,"max_hp_gain":0,"max_hp_loss":0,"event_name":"Liars Game","floor":2,"gold_loss":0,"cards_obtained":["Doubt"]},{"damage_healed":0,"gold_gain":75,"player_choice":"Gather Gold","damage_taken":11,"max_hp_gain":0,"max_hp_loss":0,"event_name":"World of Goop","floor":5,"gold_loss":0},{"cards_removed":["Crescendo"],"damage_healed":0,"gold_gain":0,"player_choice":"Elegance","damage_taken":0,"max_hp_gain":0,"max_hp_loss":0,"event_name":"Back to Basics","floor":19,"gold_loss":0},{"damage_healed":0,"gold_gain":99,"player_choice":"Stole From Cult","damage_taken":0,"max_hp_gain":0,"max_hp_loss":0,"event_name":"Nest","floor":20,"gold_loss":0},{"damage_healed":0,"gold_gain":0,"player_choice":"Fight","damage_taken":0,"max_hp_gain":0,"max_hp_loss":0,"event_name":"Mysterious Sphere","floor":37,"gold_loss":0},{"damage_healed":0,"gold_gain":0,"player_choice":"Memory 1","damage_taken":0,"max_hp_gain":0,"max_hp_loss":0,"event_name":"SensoryStone","floor":38,"gold_loss":0}],"is_beta":false,"boss_relics":[{"not_picked":["Snecko Eye","Calling Bell"],"picked":"Black Star"},{"not_picked":["Philosopher\u0027s Stone","Fusion Hammer"],"picked":"Busted Crown"}],"items_purged_floors":[3,22,39,42],"is_endless":false,"potions_floor_spawned":[4,8,11,13,14,16,25,28,31,33,36,41,47,48],"ascension_level":0}}