{"host":"ih7ofq2zpufcoifs","time":1608815075,"event":{"mods":["BaseMod","Colored Map","Minty Spire (QoL Compilation)"],"gold_per_floor":[110,125,148,12,22,48,48,76,101,101,101,129,149,149,149,149,149],"floor_reached":16,"playtime":541,"items_purged":[],"score":220,"play_id":"05030ed0-78b0-4915-ae31-132431841f73","local_time":"20201224230435","is_ascension_mode":true,"campfire_choices":[{"data":"Caltrops","floor":7.0,"key":"SMITH"},{"floor":10.0,"key":"REST"},{"floor":15.0,"key":"REST"}],"circlet_count":0,"master_deck":["AscendersBane","Strike_G","Strike_G","Strike_G","Strike_G","Defend_G","Defend_G","Defend_G","Defend_G","Defend_G","Survivor","Neutralize","Dash","Blade Dance","Bane","Quick Slash","Caltrops+1","Dagger Throw","Deadly Poison","Poisoned Stab"],"relics":["Ring of the Snake","NeowsBlessing","Potion Belt","Omamori","Happy Flower","CeramicFish"],"acts_visited":["Exordium"],"potions_floor_usage":[16],"damage_taken":[{"damage":0.0,"enemies":"Cultist","floor":1.0,"turns":1.0},{"damage":0.0,"enemies":"2 Louse","floor":2.0,"turns":1.0},{"damage":0.0,"enemies":"Small Slimes","floor":5.0,"turns":1.0},{"damage":17.0,"enemies":"3 Sentries","floor":6.0,"turns":7.0},{"damage":41.0,"enemies":"Gremlin Nob","floor":8.0,"turns":5.0},{"damage":6.0,"enemies":"Looter","floor":12.0,"turns":3.0},{"damage":0.0,"enemies":"3 Louse","floor":13.0,"turns":3.0},{"damage":25,"enemies":"Hexaghost","floor":16,"turns":7}],"seed_played":"5987386565111349997","potions_obtained":[{"floor":5.0,"key":"FearPotion"},{"floor":13.0,"key":"Explosive Potion"}],"is_trial":false,"path_per_floor":["M","M","T","$","M","E","R","E","T","R","?","M","M","?","R","B"],"character_chosen":"THE_SILENT","items_purchased":["Bane","EntropicBrew"],"campfire_rested":2,"item_purchase_floors":[4,4],"current_hp_per_floor":[59,59,59,59,59,42,42,1,1,20,11,5,5,5,24,0,0],"gold":149,"neow_bonus":"THREE_ENEMY_KILL","is_daily":false,"chose_seed":false,"campfire_upgraded":1,"win_rate":0.0,"timestamp":1608815075,"path_taken":["M","M","?","$","?","E","R","E","T","R","?","?","?","?","R","BOSS"],"items_purchased_type":["Card","Potion"],"build_version":"2020-12-22","purchased_purges":0,"victory":false,"max_hp_per_floor":[66,66,66,66,66,66,66,66,66,66,66,66,66,66,66,66,66],"card_choices":[{"not_picked":["Acrobatics","Setup"],"picked":"Dash","floor":1.0},{"not_picked":["PiercingWail","Predator"],"picked":"Blade Dance","floor":2.0},{"not_picked":["Underhanded Strike","Acrobatics"],"picked":"Quick Slash","floor":5.0},{"not_picked":["Setup","Well Laid Plans"],"picked":"Caltrops","floor":6.0},{"not_picked":["Sucker Punch","Prepared"],"picked":"Dagger Throw","floor":8.0},{"not_picked":["Endless Agony","Deflect"],"picked":"Deadly Poison","floor":12.0},{"not_picked":["Masterful Stab","A Thousand Cuts"],"picked":"Poisoned Stab","floor":13.0}],"player_experience":461764,"relics_obtained":[{"floor":3.0,"key":"Potion Belt"},{"floor":6.0,"key":"Omamori"},{"floor":8.0,"key":"Happy Flower"},{"floor":9.0,"key":"CeramicFish"}],"event_choices":[{"damage_healed":0.0,"max_hp_gain":0.0,"max_hp_loss":0.0,"gold_gain":0.0,"event_name":"Wheel of Change","player_choice":"Damaged","floor":11.0,"gold_loss":0.0,"damage_taken":9.0},{"cards_removed":["Strike_G"],"damage_healed":0.0,"max_hp_gain":0.0,"max_hp_loss":0.0,"gold_gain":0.0,"event_name":"Purifier","player_choice":"Purged","floor":14.0,"gold_loss":0.0,"damage_taken":0.0}],"is_beta":false,"boss_relics":[],"items_purged_floors":[],"is_endless":false,"potions_floor_spawned":[5,13],"killed_by":"Hexaghost","ascension_level":20}}