{"host":"njruw0b0uprlitpx","time":1608792860,"event":{"mods":["2.2 Compatiblity","Astrologer","Bartender","BaseMod","Better Altar","Better Match","Better Note","Better Sensory Stone","Better Skull","Better Third Choice","BetterRewards","Block Reminder","Chen","Colored Map","Colored Powertips","Gremlin Mod","Hermit","Jedi Mod","Keyboard Shortcuts","Minty Spire (QoL Compilation)","Quick Restart","Relic Stats","Replay The Spire","SacredBarkPlus","Spicy Shops","StSLib","SuperFastMode","The Construct","The Cursed","The Marked","The Mystic","The Necromancer","The Spell Scribe"],"gold_per_floor":[111,286,286,347,372,403,403,5,5,5,20,61,84,97,97,225,225,243,243,267,290,290,290],"floor_reached":22,"playtime":975,"items_purged":["Doubt"],"score":206,"play_id":"508cee2c-0b8a-42b1-bc14-469248f964e8","local_time":"20201224005420","is_ascension_mode":true,"campfire_choices":[{"floor":7,"key":"REST"},{"data":"theMarked:Opportunist","floor":10,"key":"SMITH"},{"floor":15,"key":"REST"}],"circlet_count":0,"master_deck":["theMarked:Strike","theMarked:Strike","theMarked:Strike+1","theMarked:Strike","theMarked:Strike","theMarked:Defend","theMarked:Defend","theMarked:Defend","theMarked:Defend","theMarked:SoldierOfQuellstein","theMarked:ElectricStrings+1","theMarked:Improvise","theMarked:ThrowWeapon","theMarked:SwordAndMagic","theMarked:UnarmedFury","theMarked:Opportunist+1","theMarked:StartUp","theMarked:SuspiciousRaven","theMarked:StartUp","theMarked:TurnInvisible","theMarked:TwofoldDefense","theMarked:Parkour+1","theMarked:MagicAdept+1"],"relics":["theMarked:ArtifactOfAir","Empty Cage","Golden Idol","Smiling Mask","Pocketwatch","ReplayTheSpireMod:CursedCoin","Whetstone","jedi:fakemustache","Pondfish Scales","White_Cape","Velvet Choker"],"acts_visited":["Exordium","TheCity"],"potions_floor_usage":[12,16,16,20,21],"damage_taken":[{"damage":0,"enemies":"2 Louse","floor":1,"turns":3},{"damage":1,"enemies":"Jaw Worm","floor":5,"turns":4},{"damage":31,"enemies":"3 Sentries","floor":6,"turns":9},{"damage":1,"enemies":"Cultist","floor":11,"turns":3},{"damage":10,"enemies":"Gremlin Nob","floor":12,"turns":3},{"damage":13,"enemies":"3 Louse","floor":13,"turns":2},{"damage":1,"enemies":"2 Fungi Beasts","floor":14,"turns":2},{"damage":25,"enemies":"The Guardian","floor":16,"turns":7},{"damage":17,"enemies":"Shell Parasite","floor":18,"turns":4},{"damage":8,"enemies":"Spheric Guardian","floor":20,"turns":4},{"damage":12,"enemies":"Centurion and Healer","floor":21,"turns":4}],"seed_played":"5068550277957722162","potions_obtained":[{"floor":4,"key":"Reflective Coating"},{"floor":12,"key":"CultistPotion"},{"floor":16,"key":"AttackPotion"},{"floor":20,"key":"SneckoOil"},{"floor":21,"key":"Block Potion"}],"is_trial":false,"path_per_floor":["M","?","?","?","M","E","R","$","T","R","M","E","M","M","R","B",null,"M","?","M","M","$"],"character_chosen":"THE_DEFAULT","items_purchased":["ReplayTheSpireMod:CursedCoin","Whetstone","PowerPotion","jedi:fakemustache","theMarked:Opportunist","Regen Potion"],"campfire_rested":2,"item_purchase_floors":[8,8,8,8,8,8],"current_hp_per_floor":[70,70,53,25,24,18,39,59,59,59,58,53,40,39,60,35,70,53,53,45,33,33,33],"gold":290,"neow_bonus":"CURSED_BOSS_RELIC","is_daily":false,"chose_seed":false,"campfire_upgraded":1,"win_rate":0.0,"timestamp":1608792860,"path_taken":["M","?","?","?","?","E","R","$","T","R","M","E","M","M","R","BOSS","M","?","?","M","$"],"items_purchased_type":["Relic","Relic","Potion","Relic","Card","Potion"],"build_version":"2020-12-22","purchased_purges":1,"victory":false,"max_hp_per_floor":[70,70,70,70,70,70,70,70,70,70,70,70,70,70,70,70,70,70,70,70,70,70,70],"relic_stats":{"counters":[49,166],"Golden Idol":82,"Whetstone":["theMarked:Strike","theMarked:ElectricStrings"],"Smiling Mask":25,"obtain_stats":[{"theMarked:SpiritSword":34,"Whetstone":8,"Bottled Tornado":43,"Replay:Mystery Machine":0,"Empty Cage":0,"Smiling Mask":4,"White_Cape":12,"Replay:Rubber Ducky":24,"Chameleon Ring":7,"Matryoshka":26,"Philosopher\u0027s Stone":17,"theMarked:VonisonLock":24,"Kunai":26,"Replay:Bottled Snecko":3,"Toxic Egg 2":39,"theMarked:NailFile":41,"BargainBundle":24,"theMarked:Gun":14,"Pear":20,"Golden Idol":2,"ReplayTheSpireMod:CursedCoin":8,"Guide Book":13,"jedi:purplefairy":6,"Velvet Choker":17,"PreservedInsect":8,"Replay:WaspNest":13,"The Courier":14,"jedi:crownofsimplicity":0,"Replay:Kaleidoscope":7,"jedi:fakemustache":8,"theMarked:ArtifactOfAir":0,"Pondfish Scales":9,"Onion Ring":11,"ReplayTheSpireMod:TigerMarble":45,"Grinning Jar":9,"ReplayTheSpireMod:DimensionalGlitch":0,"StrikeDummy":6,"Abe\u0027s Treasure":17,"Pocketwatch":6},{"theMarked:SpiritSword":14,"Whetstone":41,"Bottled Tornado":17,"Replay:Mystery Machine":23,"Empty Cage":38,"Smiling Mask":39,"White_Cape":43,"Replay:Rubber Ducky":36,"Chameleon Ring":3,"Matryoshka":37,"Philosopher\u0027s Stone":31,"theMarked:VonisonLock":10,"Kunai":10,"Replay:Bottled Snecko":24,"Toxic Egg 2":16,"theMarked:NailFile":17,"BargainBundle":10,"theMarked:Gun":6,"Pear":32,"Golden Idol":1,"ReplayTheSpireMod:CursedCoin":41,"Guide Book":5,"jedi:purplefairy":27,"Velvet Choker":46,"PreservedInsect":28,"Replay:WaspNest":30,"The Courier":30,"jedi:crownofsimplicity":23,"Replay:Kaleidoscope":27,"jedi:fakemustache":41,"theMarked:ArtifactOfAir":0,"Pondfish Scales":41,"Onion Ring":4,"ReplayTheSpireMod:TigerMarble":19,"Grinning Jar":3,"ReplayTheSpireMod:DimensionalGlitch":0,"StrikeDummy":2,"Abe\u0027s Treasure":7,"Pocketwatch":41},{"theMarked:SpiritSword":43,"Whetstone":137,"Bottled Tornado":53,"Replay:Mystery Machine":75,"Empty Cage":121,"Smiling Mask":124,"White_Cape":143,"Replay:Rubber Ducky":116,"Chameleon Ring":14,"Matryoshka":119,"Philosopher\u0027s Stone":101,"theMarked:VonisonLock":30,"Kunai":30,"Replay:Bottled Snecko":77,"Toxic Egg 2":47,"theMarked:NailFile":53,"BargainBundle":30,"theMarked:Gun":19,"Pear":104,"Golden Idol":3,"ReplayTheSpireMod:CursedCoin":137,"Guide Book":17,"jedi:purplefairy":87,"Velvet Choker":154,"PreservedInsect":91,"Replay:WaspNest":95,"The Courier":95,"jedi:crownofsimplicity":75,"Replay:Kaleidoscope":87,"jedi:fakemustache":137,"theMarked:ArtifactOfAir":0,"Pondfish Scales":137,"Onion Ring":16,"ReplayTheSpireMod:TigerMarble":58,"Grinning Jar":14,"ReplayTheSpireMod:DimensionalGlitch":0,"StrikeDummy":9,"Abe\u0027s Treasure":23,"Pocketwatch":137}],"Pocketwatch":[33]},"card_choices":[{"not_picked":["theMarked:WardOff","theMarked:Static"],"picked":"theMarked:ElectricStrings","floor":1},{"not_picked":["theMarked:RepellingDischarge","theMarked:Aftermath"],"picked":"theMarked:Improvise","floor":4},{"not_picked":["theMarked:Electrocute","theMarked:HeightenedSenses"],"picked":"theMarked:ThrowWeapon","floor":4},{"not_picked":["theMarked:Frustration","theMarked:ElectricStrings"],"picked":"theMarked:SwordAndMagic","floor":5},{"not_picked":["theMarked:RepellingDischarge","theMarked:ElectricStrings"],"picked":"theMarked:UnarmedFury","floor":6},{"not_picked":["theMarked:PowerFlow","theMarked:KeepCalmAndFightOn"],"picked":"theMarked:StartUp","floor":11},{"not_picked":["theMarked:WastefulDefense","theMarked:Static"],"picked":"theMarked:SuspiciousRaven","floor":12},{"not_picked":["theMarked:Panic","theMarked:EmpowerWeapon","theMarked:Indomitable"],"picked":"SKIP","floor":13},{"not_picked":["theMarked:GodGivenPower","theMarked:WardOff"],"picked":"theMarked:StartUp","floor":14},{"not_picked":["theMarked:DispelDoubt","theMarked:Challenge"],"picked":"theMarked:TurnInvisible","floor":16},{"not_picked":["theMarked:Aftermath","theMarked:Static+1"],"picked":"theMarked:TwofoldDefense","floor":18},{"not_picked":["theMarked:MagicAdept+1","theMarked:WardOff"],"picked":"theMarked:Parkour+1","floor":20},{"not_picked":["theMarked:Electrocute+1","theMarked:ChainLightning"],"picked":"theMarked:MagicAdept+1","floor":21}],"player_experience":1785049,"relics_obtained":[{"floor":4,"key":"Smiling Mask"},{"floor":6,"key":"Pocketwatch"},{"floor":9,"key":"Pondfish Scales"},{"floor":12,"key":"White_Cape"}],"event_choices":[{"damage_healed":0,"gold_gain":175,"player_choice":"AGREE","damage_taken":111,"max_hp_gain":0,"max_hp_loss":0,"event_name":"betterThird:BetterSerpent","floor":2,"gold_loss":0},{"damage_healed":0,"gold_gain":0,"player_choice":"Take Damage","damage_taken":17,"relics_obtained":["Golden Idol"],"max_hp_gain":0,"max_hp_loss":0,"event_name":"Golden Idol","floor":3,"gold_loss":0},{"cards_removed":["Hallucinations"],"damage_healed":0,"gold_gain":0,"player_choice":"Purged","damage_taken":0,"max_hp_gain":0,"max_hp_loss":0,"event_name":"Purifier","floor":19,"gold_loss":0}],"is_beta":false,"boss_relics":[{"not_picked":["Replay:Drink Me","Replay:Ancient Bell"],"picked":"Velvet Choker"}],"items_purged_floors":[8],"is_endless":false,"potions_floor_spawned":[12,13,16,20,21],"ascension_level":1}}