{"host":"53w25izqmiakdcya","time":1608816792,"event":{"mods":["BaseMod","Colored Powertips","Downfall","Minty Spire (QoL Compilation)","Quick Restart","Rare Cards Sparkle","StSLib"],"gold_per_floor":[99,116,129,149,162,162,162,172,172,172,172,172,186,286,302,302,302,302],"floor_reached":16,"playtime":1172,"items_purged":[],"score":96,"play_id":"29ecd9f0-b513-45fd-a455-995493de1175","local_time":"20201224073312","is_ascension_mode":false,"campfire_choices":[{"data":"champ:Taunt","floor":1.0,"key":"SMITH"},{"data":"champ:StanceDance","floor":6.0,"key":"SMITH"},{"floor":11,"key":"REST"}],"circlet_count":0,"master_deck":["champ:Strike","champ:Strike","champ:Strike","champ:Defend","champ:Defend","champ:Defend","champ:Defend","champ:Execute+1","champ:Taunt+1","champ:IronFortress","champ:StanceDance+1","champ:DefensiveShout","champ:FaceSlap","champ:TornadoPunch","champ:StanceDance","champ:Improvising","champ:DeathBlow","champ:BringItOn","Doubt","champ:Taunt","Trip","champ:AdrenalArmor","champ:ArenaPreparation"],"relics":["champ:ChampionCrown","Ginger","downfall:GremlinSack"],"acts_visited":["Exordium"],"potions_floor_usage":[14,16],"damage_taken":[{"damage":12.0,"enemies":"Small Slimes","floor":2.0,"turns":4.0},{"damage":15.0,"enemies":"Cultist","floor":3.0,"turns":4.0},{"damage":5.0,"enemies":"2 Louse","floor":4.0,"turns":3.0},{"damage":33.0,"enemies":"Gremlin Gang","floor":5.0,"turns":6.0},{"damage":12.0,"enemies":"3 Louse","floor":8.0,"turns":3.0},{"damage":0.0,"enemies":"Exordium Thugs","floor":9.0,"turns":1.0},{"damage":7,"enemies":"2 Fungi Beasts","floor":13,"turns":3},{"damage":55,"enemies":"2 Fungi Beasts","floor":14,"turns":6},{"damage":11,"enemies":"Exordium Wildlife","floor":15,"turns":5},{"damage":100,"enemies":"downfall:Defect","floor":16,"turns":9}],"seed_played":"-219832755061680328","potions_obtained":[{"floor":4.0,"key":"SmokeBomb"},{"floor":8.0,"key":"Weak Potion"},{"floor":12,"key":"champ:UltimateStancePotion"},{"floor":12,"key":"FairyPotion"},{"floor":15,"key":"DistilledChaos"}],"is_trial":false,"path_per_floor":["R","M","M","M","M","R","T","M","M","?","R","?","M","?","M","B"],"character_chosen":"THE_CHAMP","items_purchased":[],"campfire_rested":1,"item_purchase_floors":[],"current_hp_per_floor":[90,88,83,83,68,68,68,56,56,56,83,83,76,26,26,0,0,0],"gold":302,"neow_bonus":"REMOVE_CARD","is_daily":false,"chose_seed":false,"campfire_upgraded":2,"win_rate":0.0,"timestamp":1608816792,"path_taken":["R","M","M","M","M","R","T","M","M","?","R","?","?","?","M","BOSS"],"items_purchased_type":[],"build_version":"2020-12-22","purchased_purges":0,"victory":false,"max_hp_per_floor":[90,90,90,90,90,90,90,90,90,90,90,90,90,90,90,90,90,90],"card_choices":[{"not_picked":["champ:BladeFlurry","champ:GladiatorsShout"],"picked":"champ:IronFortress","floor":2.0},{"not_picked":["champ:BladeFlurry","champ:FlashCut"],"picked":"champ:StanceDance","floor":3.0},{"not_picked":["champ:Circumvent","champ:TornadoPunch"],"picked":"champ:DefensiveShout","floor":4.0},{"not_picked":["champ:SkillfulDodge","champ:BerserkersShout"],"picked":"champ:FaceSlap","floor":5.0},{"not_picked":["champ:FocusedGladiator","champ:PerfectedStrike"],"picked":"champ:TornadoPunch","floor":8.0},{"not_picked":["champ:SwordThrow","champ:Encircle"],"picked":"champ:StanceDance","floor":13},{"not_picked":["champ:StanceDance","champ:PerfectedStrike"],"picked":"champ:AdrenalArmor","floor":14},{"not_picked":["champ:StanceDance","champ:FightOn"],"picked":"champ:ArenaPreparation","floor":15}],"player_experience":494074,"relics_obtained":[{"floor":7.0,"key":"Ginger"},{"floor":14,"key":"downfall:GremlinSack"}],"event_choices":[{"damage_healed":0,"gold_gain":0,"player_choice":"Grow","damage_taken":0,"max_hp_gain":0,"max_hp_loss":0,"event_name":"Living Wall","floor":10,"gold_loss":0,"cards_upgraded":["champ:Execute"]},{"damage_healed":0,"gold_gain":0,"player_choice":"Got Potions","damage_taken":0,"max_hp_gain":0,"max_hp_loss":0,"event_name":"Lab","floor":12,"gold_loss":0}],"is_beta":false,"boss_relics":[],"items_purged_floors":[],"is_endless":false,"potions_floor_spawned":[4,8,9,15],"killed_by":"downfall:Defect","ascension_level":0}}