{"host":"8e68pzgs4bln6t6e","time":1608853286,"event":{"mods":["AchievementEnabler","Act Like it!","BaseMod","Better Note","BetterRewards","Colored Powertips","Googly Eyes","Hallownest","Hubris","Infinite Spire","Jorbs\u0027s Wanderer Trilogy","Marisa????????","Minty Spire (QoL Compilation)","Quick Restart","Rare Cards Sparkle","Replay The Spire","Shop Mod","StSLib","The Animator","The Bug Knight","The Cursed","The Disciple","The Hierophant","The Servant 0.9.4"],"gold_per_floor":[111,111,111,132,132,170,215,239,262,275,314,55,55,78,178,298,298,311,334,334,353,278,278,278],"floor_reached":23,"playtime":2373,"items_purged":["Injury"],"score":276,"play_id":"9420acc5-d2da-4fd3-85ac-e4b67062d951","local_time":"20201225004126","is_ascension_mode":false,"campfire_choices":[{"data":"Transmutation","floor":13,"key":"SMITH"}],"circlet_count":0,"master_deck":["Strike_R","Strike_R","Strike_R","Strike_R","Defend_R","Defend_R","Defend_R","Defend_R","Bash","Flex","Anger","hubris:Fate","Double Tap","ReplayReversal","Replay:Many Hands","Transmutation+1","Armaments","Limit Break","Heavy Blade+1","Defy Death","Armaments+1"],"relics":["Burning Blood","NeowsBlessing","Golden Idol","Omamori","Odd Mushroom","Bag of Preparation","HollowMod:PaleOreRelic","hubris:GrandSneckoEye"],"acts_visited":["Exordium","TheCity"],"potions_floor_usage":[19,21,21,23],"damage_taken":[{"damage":0.0,"enemies":"2 Louse","floor":1.0,"turns":1.0},{"damage":0.0,"enemies":"Small Slimes","floor":4.0,"turns":1.0},{"damage":0.0,"enemies":"HollowMod:MossKnight","floor":6.0,"turns":1.0},{"damage":6.0,"enemies":"The Mushroom Lair","floor":7.0,"turns":5.0},{"damage":6.0,"enemies":"Jaw Worm","floor":8.0,"turns":3.0},{"damage":0.0,"enemies":"2 Fungi Beasts","floor":10.0,"turns":3.0},{"damage":8.0,"enemies":"Gremlin Nob","floor":11.0,"turns":3.0},{"damage":0,"enemies":"Lots of Slimes","floor":14,"turns":4},{"damage":0,"enemies":"Slime Boss","floor":16,"turns":4},{"damage":10,"enemies":"Spheric Guardian","floor":18,"turns":4},{"damage":11,"enemies":"Shell Parasite","floor":19,"turns":6},{"damage":45,"enemies":"Sentry and Sphere","floor":21,"turns":9},{"damage":78,"enemies":"Book of Stabbing","floor":23,"turns":6}],"seed_played":"7493892238171548974","potions_obtained":[{"floor":1.0,"key":"BloodPotion"},{"floor":4.0,"key":"Dexterity Potion"},{"floor":7.0,"key":"Block Potion"},{"floor":11.0,"key":"Fire Potion"},{"floor":14,"key":"SpeedPotion"},{"floor":19,"key":"Regen Potion"}],"is_trial":false,"path_per_floor":["M","$","?","M","?","E","?","M","T","M","E","$","R","M","R","B",null,"M","M","?","M","?","E"],"character_chosen":"IRONCLAD","items_purchased":["Transmutation"],"campfire_rested":0,"item_purchase_floors":[12],"current_hp_per_floor":[80,80,80,80,60,66,66,66,66,72,70,70,70,76,76,80,80,80,75,75,51,51,0,0],"gold":278,"neow_bonus":"THREE_ENEMY_KILL","is_daily":false,"chose_seed":false,"campfire_upgraded":1,"win_rate":0.0,"timestamp":1608853286,"path_taken":["M","$","?","M","?","E","?","M","T","M","E","?","R","M","R","BOSS","M","M","?","M","?","E"],"items_purchased_type":["Card"],"build_version":"2020-12-22","purchased_purges":1,"victory":false,"max_hp_per_floor":[80,80,80,80,80,80,80,80,80,80,80,80,80,80,80,80,80,80,80,80,80,80,80,80],"card_choices":[{"not_picked":["Ghostly Armor","Shockwave"],"picked":"Flex","floor":1.0},{"not_picked":["Sword Boomerang","Replay:Undeath\u0027s Touch"],"picked":"Anger","floor":4.0},{"not_picked":["Replay:Fractal Strike","hubris:InfiniteBlow"],"picked":"hubris:Fate","floor":5.0},{"not_picked":["Anger","Defy Death"],"picked":"Double Tap","floor":6.0},{"not_picked":["Clothesline","Carnage"],"picked":"ReplayReversal","floor":8.0},{"not_picked":["Cleave","Clothesline"],"picked":"Replay:Many Hands","floor":10.0},{"not_picked":["Flex","Pommel Strike","Armaments"],"picked":"SKIP","floor":11.0},{"not_picked":["Clash","Life Link"],"picked":"Armaments","floor":14},{"not_picked":["Double Tap","Impervious"],"picked":"Limit Break","floor":16},{"not_picked":["ReplayTheSpireMod:LeadingStrike","Reckless Charge"],"picked":"Heavy Blade+1","floor":18},{"not_picked":["ReplayTheSpireMod:LeadingStrike","Pommel Strike"],"picked":"Defy Death","floor":19},{"not_picked":["Power Through","Sword Boomerang"],"picked":"Armaments+1","floor":21}],"player_experience":230970,"relics_obtained":[{"floor":6.0,"key":"Omamori"},{"floor":7.0,"key":"Odd Mushroom"},{"floor":9.0,"key":"Bag of Preparation"},{"floor":11.0,"key":"HollowMod:PaleOreRelic"}],"event_choices":[{"damage_healed":0.0,"max_hp_gain":0.0,"max_hp_loss":0.0,"gold_gain":0.0,"event_name":"Golden Idol","player_choice":"Take Wound","floor":3.0,"gold_loss":0.0,"damage_taken":0.0,"relics_obtained":["Golden Idol"],"cards_obtained":["Injury"]},{"damage_healed":0.0,"max_hp_gain":0.0,"max_hp_loss":0.0,"gold_gain":0.0,"event_name":"Mushrooms","player_choice":"Fought Mushrooms","floor":7.0,"gold_loss":0.0,"damage_taken":0.0},{"damage_healed":0,"gold_gain":0,"player_choice":"Ignored","damage_taken":0,"max_hp_gain":0,"max_hp_loss":0,"event_name":"betterNote:BetterNote","floor":20,"gold_loss":0,"cards_obtained":["stsjorbsmod:Amnesia"]},{"cards_removed":["Strike_R"],"damage_healed":0,"gold_gain":0,"player_choice":"Gave Gold","damage_taken":0,"max_hp_gain":0,"max_hp_loss":0,"event_name":"Beggar","floor":22,"gold_loss":75}],"is_beta":false,"boss_relics":[{"not_picked":["Replay:Drink Me","Calling Bell"],"picked":"hubris:GrandSneckoEye"}],"items_purged_floors":[12],"is_endless":false,"potions_floor_spawned":[1,4,7,11,14,19],"killed_by":"Book of Stabbing","ascension_level":0}}