{"host":"ktoxvvst1mwxww91","time":1608793789,"event":{"mods":["BaseMod","Hermit","Minty Spire (QoL Compilation)","StSLib","The Hierophant","The Mystic","The Necromancer"],"gold_per_floor":[168,93,18,28,38,38,367,367,367,367,399,399,424,324,324,324,324],"floor_reached":16,"playtime":588,"items_purged":["Dualcast","Strike_B"],"score":200,"play_id":"3d44a699-48b1-4314-b8dd-59c0f6f0e5f5","local_time":"20201224080949","is_ascension_mode":true,"campfire_choices":[{"data":"Coolheaded","floor":6,"key":"SMITH"},{"floor":10,"key":"REST"},{"floor":15,"key":"REST"}],"circlet_count":0,"master_deck":["AscendersBane","Strike_B","Strike_B","Strike_B+1","Defend_B","Defend_B","Defend_B","Defend_B","Scrape","Coolheaded+1","FTL","Cold Snap","Leap","Melter","Leap"],"relics":["Tiny House","Old Coin","Emotion Chip","Bronze Scales","Golden Idol"],"acts_visited":["Exordium"],"potions_floor_usage":[7,13,16],"damage_taken":[{"damage":9.0,"enemies":"Small Slimes","floor":1.0,"turns":4.0},{"damage":1,"enemies":"2 Louse","floor":4,"turns":4},{"damage":0,"enemies":"Jaw Worm","floor":5,"turns":4},{"damage":18,"enemies":"Gremlin Nob","floor":7,"turns":4},{"damage":29,"enemies":"Lagavulin","floor":11,"turns":9},{"damage":6,"enemies":"Lots of Slimes","floor":13,"turns":4},{"damage":44,"enemies":"Slime Boss","floor":16,"turns":12}],"seed_played":"2943172072413343281","potions_obtained":[{"floor":0.0,"key":"GamblersBrew"},{"floor":4,"key":"CultistPotion"},{"floor":7,"key":"SneckoOil"},{"floor":11,"key":"BlessingOfTheForge"}],"is_trial":false,"path_per_floor":["M","?","$","M","M","R","E","?","T","R","E","?","M","$","R","B"],"character_chosen":"DEFECT","items_purchased":[],"campfire_rested":2,"item_purchase_floors":[],"current_hp_per_floor":[60,60,60,59,59,59,41,36,36,58,29,29,23,23,43,0,0],"gold":324,"neow_bonus":"BOSS_RELIC","is_daily":false,"chose_seed":false,"campfire_upgraded":1,"win_rate":0.0,"timestamp":1608793789,"path_taken":["M","?","$","M","M","R","E","?","T","R","E","?","M","$","R","BOSS"],"items_purchased_type":[],"build_version":"2020-12-22","purchased_purges":2,"victory":false,"max_hp_per_floor":[76,76,76,76,76,76,76,76,76,76,76,69,69,69,69,69,69],"card_choices":[{"not_picked":["Beam Cell","Turbo"],"picked":"Scrape","floor":0.0},{"not_picked":["Blizzard","Go for the Eyes"],"picked":"Coolheaded","floor":1.0},{"not_picked":["Melter","Conserve Battery"],"picked":"FTL","floor":4},{"not_picked":["Streamline","Doom and Gloom"],"picked":"Cold Snap","floor":5},{"not_picked":["Steam","Reinforced Body"],"picked":"Leap","floor":7},{"not_picked":["Double Energy","Genetic Algorithm"],"picked":"Melter","floor":11},{"not_picked":["Compile Driver","Barrage"],"picked":"Leap","floor":13}],"player_experience":924610,"relics_obtained":[{"floor":7,"key":"Old Coin"},{"floor":9,"key":"Emotion Chip"},{"floor":11,"key":"Bronze Scales"}],"event_choices":[{"cards_removed":["Zap"],"damage_healed":0.0,"max_hp_gain":0.0,"max_hp_loss":0.0,"gold_gain":0.0,"event_name":"The Cleric","player_choice":"Card Removal","floor":2.0,"gold_loss":75.0,"damage_taken":0.0},{"damage_healed":0,"gold_gain":0,"player_choice":"Fled","damage_taken":5,"max_hp_gain":0,"max_hp_loss":0,"event_name":"Scrap Ooze","floor":8,"gold_loss":0},{"damage_healed":0,"gold_gain":0,"player_choice":"Lose Max HP","damage_taken":0,"relics_obtained":["Golden Idol"],"max_hp_gain":0,"max_hp_loss":7,"event_name":"Golden Idol","floor":12,"gold_loss":0}],"is_beta":false,"boss_relics":[],"items_purged_floors":[3,14],"is_endless":false,"potions_floor_spawned":[4,7,11],"killed_by":"Slime Boss","ascension_level":17}}