{"host":"ou23awlgcm0pi7o1","time":1608820555,"event":{"mods":["BaseMod","Colored Map","Downfall","Minty Spire (QoL Compilation)","StSLib","Unceasing Turn Reminder"],"gold_per_floor":[99,115,115,135,5,5,5,38,38,71,82,7,33,47,59,59,59,59],"floor_reached":16,"playtime":1045,"items_purged":[],"score":138,"play_id":"37c516b3-dbf1-4ea8-8fb9-406b55f15ca1","local_time":"20201224143555","is_ascension_mode":true,"campfire_choices":[{"data":"champ:EnchantCrown","floor":1,"key":"SMITH"},{"data":"champ:CalledShot","floor":9,"key":"SMITH"},{"floor":12,"key":"REST"}],"circlet_count":0,"master_deck":["champ:Strike","champ:Strike","champ:Strike","champ:Strike","champ:Defend","champ:Defend+1","champ:Defend","champ:Defend","champ:Execute","champ:Taunt","champ:EnchantCrown+1","champ:AdrenalArmor","champ:ViciousMockery","champ:CrookedStrike","champ:FocusedGladiator+1","champ:CalledShot+1","champ:RageSigil","champ:RisingSlash","champ:BladeFlurry"],"relics":["champ:ChampionCrown","champ:LiftRelic","War Paint","Girya","Ancient Tea Set","downfall:HeartBlessingBlue","Odd Mushroom"],"acts_visited":["Exordium"],"potions_floor_usage":[16],"damage_taken":[{"damage":10,"enemies":"Cultist","floor":2,"turns":4},{"damage":12,"enemies":"2 Louse","floor":4,"turns":3},{"damage":13,"enemies":"downfall:FleeingMerchant","floor":5,"turns":4},{"damage":49,"enemies":"Lagavulin","floor":8,"turns":8},{"damage":45,"enemies":"3 Sentries","floor":10,"turns":11},{"damage":10,"enemies":"Jaw Worm","floor":11,"turns":8},{"damage":18,"enemies":"The Mushroom Lair","floor":13,"turns":3},{"damage":22,"enemies":"Blue Slaver","floor":14,"turns":4},{"damage":5,"enemies":"2 Fungi Beasts","floor":15,"turns":2},{"damage":37,"enemies":"downfall:Silent","floor":16,"turns":4}],"seed_played":"4144334022134860665","potions_obtained":[{"floor":4,"key":"SteroidPotion"},{"floor":10,"key":"SpeedPotion"},{"floor":13,"key":"BlessingOfTheForge"}],"is_trial":false,"path_per_floor":["R","M","?","M","$","?","T","E","R","E","M","R","?","M","M","B"],"character_chosen":"THE_CHAMP","items_purchased":["champ:FocusedGladiator","champ:CalledShot"],"campfire_rested":1,"item_purchase_floors":[5,5],"current_hp_per_floor":[90,90,90,82,78,71,71,38,38,11,10,50,44,31,31,0,0,0],"gold":59,"neow_bonus":"ONE_RANDOM_RARE_CARD","is_daily":false,"chose_seed":false,"campfire_upgraded":2,"win_rate":0.0,"timestamp":1608820555,"path_taken":["R","M","?","M","$","?","T","E","R","E","?","R","?","M","M","BOSS"],"items_purchased_type":["Card","Card"],"build_version":"2020-12-22","purchased_purges":0,"victory":false,"max_hp_per_floor":[90,90,90,90,90,90,90,90,90,90,90,100,100,100,100,100,100,100],"card_choices":[{"not_picked":["champ:BerserkersShout","champ:FanOfKnives"],"picked":"champ:AdrenalArmor","floor":2},{"not_picked":["champ:AdrenalArmor","champ:PerfectedStrike"],"picked":"champ:ViciousMockery","floor":4},{"not_picked":["champ:StanceDance","champ:Control"],"picked":"champ:CrookedStrike","floor":5},{"not_picked":["champ:ShieldSigil","champ:BringItOn"],"picked":"champ:RageSigil","floor":8},{"not_picked":["champ:Circumvent","champ:SwordThrow","champ:Aggression"],"picked":"SKIP","floor":10},{"not_picked":["champ:CrookedStrike","champ:AdrenalArmor"],"picked":"champ:RisingSlash","floor":11},{"not_picked":["champ:Haymaker","champ:BringItOn"],"picked":"champ:BladeFlurry","floor":13},{"not_picked":["champ:Backstep","champ:Haymaker","champ:StanceDance"],"picked":"SKIP","floor":14},{"not_picked":["champ:BladeFlurry","champ:PerfectedStrike","champ:Shatter"],"picked":"SKIP","floor":15}],"player_experience":346242,"relics_obtained":[{"floor":8,"key":"Girya"},{"floor":10,"key":"Ancient Tea Set"},{"floor":13,"key":"Odd Mushroom"}],"event_choices":[{"damage_healed":0,"gold_gain":0,"player_choice":"Success","damage_taken":7,"relics_obtained":["War Paint"],"max_hp_gain":0,"max_hp_loss":0,"event_name":"Scrap Ooze","floor":6,"gold_loss":0},{"damage_healed":0,"gold_gain":0,"player_choice":"Fought Mushrooms","damage_taken":0,"max_hp_gain":0,"max_hp_loss":0,"event_name":"Mushrooms","floor":13,"gold_loss":0}],"is_beta":false,"boss_relics":[],"items_purged_floors":[],"is_endless":false,"potions_floor_spawned":[4,10,13,14],"killed_by":"downfall:Silent","ascension_level":5}}