{"host":"w3q5ijqu8eoknil3","time":1608771822,"event":{"mods":["AchievementEnabler","BaseMod","Block Reminder","Colored Powertips","Minty Spire (QoL Compilation)","Quick Restart","Relic Stats","ojb\u0027s Better Paths Mod","ojb\u0027s Info Mod","slay the spire mod where everything is the same but ironclad has a cowboy hat"],"gold_per_floor":[119,119,119,135,155,155,155,155],"floor_reached":7,"playtime":393,"items_purged":[],"score":82,"play_id":"9ed5847c-6a26-4ae1-a01b-31245a867af6","local_time":"20201224010342","is_ascension_mode":true,"campfire_choices":[{"data":"Bash","floor":6,"key":"SMITH"}],"circlet_count":0,"master_deck":["AscendersBane","Strike_R","Strike_R","Strike_R","Strike_R","Strike_R","Defend_R","Defend_R","Defend_R","Defend_R","Bash+1","Ghostly Armor","Regret","Rage","Twin Strike"],"relics":["Burning Blood","NeowsBlessing","Vajra","Turnip"],"acts_visited":["Exordium"],"potions_floor_usage":[7,7],"damage_taken":[{"damage":0,"enemies":"Jaw Worm","floor":1,"turns":1},{"damage":0,"enemies":"Cultist","floor":4,"turns":1},{"damage":0,"enemies":"2 Louse","floor":5,"turns":1},{"damage":34,"enemies":"3 Sentries","floor":7,"turns":6}],"seed_played":"9102946836946516727","potions_obtained":[{"floor":1,"key":"Weak Potion"},{"floor":5,"key":"Block Potion"}],"is_trial":false,"path_per_floor":["M","?","?","M","M","R","E"],"character_chosen":"IRONCLAD","items_purchased":[],"campfire_rested":0,"item_purchase_floors":[],"current_hp_per_floor":[74,18,18,24,30,30,0,0],"gold":155,"neow_bonus":"THREE_ENEMY_KILL","is_daily":false,"chose_seed":false,"campfire_upgraded":1,"win_rate":0.0,"timestamp":1608771822,"path_taken":["M","?","?","M","M","R","E"],"items_purchased_type":[],"build_version":"2020-12-22","purchased_purges":0,"victory":false,"max_hp_per_floor":[75,75,75,75,75,75,75,75],"relic_stats":{"counters":[4,9],"Turnip":[0],"obtain_stats":[{"NeowsBlessing":0,"Vajra":2,"Turnip":3,"Burning Blood":0},{"NeowsBlessing":0,"Vajra":1,"Turnip":1,"Burning Blood":0},{"NeowsBlessing":0,"Vajra":1,"Turnip":1,"Burning Blood":0}],"Burning Blood":18},"card_choices":[{"not_picked":["Dual Wield","Wild Strike"],"picked":"Ghostly Armor","floor":1},{"not_picked":["Dropkick","Combust"],"picked":"Rage","floor":4},{"not_picked":["Perfected Strike","Anger"],"picked":"Twin Strike","floor":5}],"player_experience":940056,"relics_obtained":[],"event_choices":[{"damage_healed":0,"gold_gain":0,"player_choice":"Success","damage_taken":56,"relics_obtained":["Vajra"],"max_hp_gain":0,"max_hp_loss":0,"event_name":"Scrap Ooze","floor":2,"gold_loss":0},{"damage_healed":0,"gold_gain":0,"player_choice":"Box","damage_taken":0,"relics_obtained":["Turnip"],"max_hp_gain":0,"max_hp_loss":0,"event_name":"Big Fish","floor":3,"gold_loss":0,"cards_obtained":["Regret"]}],"is_beta":false,"boss_relics":[],"items_purged_floors":[],"is_endless":false,"potions_floor_spawned":[1,5],"killed_by":"3 Sentries","ascension_level":20}}