{"host":"z5ys1wbqpsyqmecy","time":1608833330,"event":{"mods":["BaseMod","Colored Map","Colored Powertips","Minty Spire (QoL Compilation)","Relic Stats"],"gold_per_floor":[119,136,146,166,185,185,216,228,228,228,245,265,275,293,293,391,391,402,421,436,436,436],"floor_reached":21,"playtime":1632,"items_purged":[],"score":191,"play_id":"9514fa87-631f-4d6d-be83-68e4d46c92f4","local_time":"20201224100850","is_ascension_mode":false,"campfire_choices":[{"data":"Tempest","floor":6,"key":"SMITH"},{"floor":10,"key":"REST"},{"floor":15,"key":"REST"}],"circlet_count":0,"master_deck":["Strike_B","Strike_B","Strike_B","Strike_B","Defend_B","Defend_B","Defend_B","Defend_B","Zap","Dualcast","Tempest+1","Melter","Sweeping Beam","Go for the Eyes","Storm","Beam Cell","Hologram","Stack","FTL","Double Energy","Sweeping Beam","Creative AI","Beam Cell+1","Gash","Redo"],"relics":["Cracked Core","NeowsBlessing","Question Card","InkBottle","Nuclear Battery"],"acts_visited":["TheCity"],"potions_floor_usage":[16,16,16],"damage_taken":[{"damage":0,"enemies":"Cultist","floor":1,"turns":1},{"damage":0,"enemies":"2 Louse","floor":2,"turns":1},{"damage":0,"enemies":"Jaw Worm","floor":3,"turns":1},{"damage":11,"enemies":"Blue Slaver","floor":4,"turns":4},{"damage":5,"enemies":"Lots of Slimes","floor":5,"turns":2},{"damage":27,"enemies":"Lagavulin","floor":7,"turns":7},{"damage":5,"enemies":"Exordium Wildlife","floor":8,"turns":2},{"damage":13,"enemies":"2 Fungi Beasts","floor":11,"turns":3},{"damage":5,"enemies":"Blue Slaver","floor":12,"turns":3},{"damage":15,"enemies":"Exordium Thugs","floor":13,"turns":4},{"damage":8,"enemies":"Red Slaver","floor":14,"turns":3},{"damage":27,"enemies":"Slime Boss","floor":16,"turns":9},{"damage":0,"enemies":"Spheric Guardian","floor":18,"turns":1},{"damage":30,"enemies":"Shell Parasite","floor":19,"turns":5},{"damage":31,"enemies":"Snake Plant","floor":20,"turns":4},{"damage":18,"enemies":"Snecko","floor":21,"turns":3}],"seed_played":"3578625920730712002","potions_obtained":[{"floor":2,"key":"SpeedPotion"},{"floor":3,"key":"EssenceOfSteel"},{"floor":4,"key":"PotionOfCapacity"},{"floor":13,"key":"AttackPotion"},{"floor":19,"key":"Strength Potion"}],"is_trial":false,"path_per_floor":["M","M","M","M","M","R","E","M","T","R","M","M","M","M","R","B",null,"M","M","M","M"],"character_chosen":"DEFECT","items_purchased":[],"campfire_rested":2,"item_purchase_floors":[],"current_hp_per_floor":[75,75,75,64,59,59,32,27,27,49,36,31,16,8,30,3,75,75,45,14,0,0],"gold":436,"neow_bonus":"THREE_ENEMY_KILL","is_daily":false,"chose_seed":false,"campfire_upgraded":1,"win_rate":0.0,"timestamp":1608833330,"path_taken":["M","M","M","M","M","R","E","M","T","R","M","M","M","M","R","BOSS","M","M","M","M"],"items_purchased_type":[],"build_version":"2020-12-22","purchased_purges":0,"victory":false,"max_hp_per_floor":[75,75,75,75,75,75,75,75,75,75,75,75,75,75,75,75,75,75,75,75,75,75],"relic_stats":{"counters":[16,53],"Question Card":9,"obtain_stats":[{"NeowsBlessing":0,"Cracked Core":0,"Question Card":7,"InkBottle":9,"Nuclear Battery":17},{"NeowsBlessing":0,"Cracked Core":0,"Question Card":6,"InkBottle":7,"Nuclear Battery":12},{"NeowsBlessing":0,"Cracked Core":0,"Question Card":16,"InkBottle":18,"Nuclear Battery":40}],"InkBottle":[11]},"card_choices":[{"not_picked":["Leap","Darkness"],"picked":"Tempest","floor":1},{"not_picked":["Blizzard","Rip and Tear"],"picked":"Melter","floor":2},{"not_picked":["Barrage","Stack"],"picked":"Sweeping Beam","floor":3},{"not_picked":["Hologram","Blizzard"],"picked":"Go for the Eyes","floor":4},{"not_picked":["Stack","Consume"],"picked":"Storm","floor":5},{"not_picked":["Barrage","Stack"],"picked":"Beam Cell","floor":7},{"not_picked":["Chill","Darkness","Cold Snap"],"picked":"Hologram","floor":8},{"not_picked":["Barrage","Compile Driver","All For One"],"picked":"Stack","floor":11},{"not_picked":["Cold Snap","Compile Driver","Loop"],"picked":"FTL","floor":12},{"not_picked":["Doom and Gloom","Conserve Battery","Leap"],"picked":"Double Energy","floor":13},{"not_picked":["Force Field","Storm","Compile Driver"],"picked":"Sweeping Beam","floor":14},{"not_picked":["Reboot","Fission","Biased Cognition"],"picked":"Creative AI","floor":16},{"not_picked":["Heatsinks","Consume+1","Doom and Gloom+1"],"picked":"Beam Cell+1","floor":18},{"not_picked":["Coolheaded","Leap","Cold Snap+1"],"picked":"Gash","floor":19},{"not_picked":["Loop","Streamline","Coolheaded"],"picked":"Redo","floor":20}],"player_experience":4960,"relics_obtained":[{"floor":7,"key":"Question Card"},{"floor":9,"key":"InkBottle"}],"event_choices":[],"is_beta":false,"boss_relics":[{"not_picked":["Fusion Hammer","Empty Cage"],"picked":"Nuclear Battery"}],"items_purged_floors":[],"is_endless":false,"potions_floor_spawned":[2,3,4,13,19],"killed_by":"Snecko","ascension_level":0}}