{"host":"6pgtslebjnyv5xmi","time":1608811168,"event":{"mods":["AchievementEnabler","BaseMod","Colored Map","Minty Spire (QoL Compilation)","Rare Cards Sparkle","StSLib","SuperFastMode","The Dragon Tamer","everything is the same but u backflip on backflip"],"gold_per_floor":[112,127,140,140,63,93,93,103,103,120,140,64,77,95,95,199,199,219,219,73,73,172,172,72,72,120,130,158,172,191,191,191,191,191],"floor_reached":33,"playtime":1384,"items_purged":["Strike_B","Strike_B"],"score":323,"play_id":"727fc4a0-b8ab-4f7c-8859-ea424e9f4ddd","local_time":"20201224205928","is_ascension_mode":true,"campfire_choices":[{"data":"Dualcast","floor":7,"key":"SMITH"},{"data":"Multi-Cast","floor":15,"key":"SMITH"},{"data":"Creative AI","floor":23,"key":"SMITH"},{"data":"Defragment","floor":25,"key":"SMITH"},{"floor":32,"key":"REST"}],"circlet_count":0,"master_deck":["Strike_B","Defend_B","Defend_B","Defend_B","Zap+1","Dualcast+1","Core Surge","Self Repair","Storm","Core Surge","Multi-Cast+1","Rainbow","Loop","Rebound","Creative AI+1","Turbo","Defragment+1","Force Field","Chill+1"],"relics":["FrozenCore","DataDisk","Orichalcum","Symbiotic Virus","Akabeko","Blood Vial"],"acts_visited":["Exordium","TheCity"],"potions_floor_usage":[10,16,16,16,18,30],"damage_taken":[{"damage":3,"enemies":"2 Louse","floor":1,"turns":2},{"damage":1,"enemies":"Cultist","floor":2,"turns":3},{"damage":7,"enemies":"Jaw Worm","floor":3,"turns":3},{"damage":45,"enemies":"3 Sentries","floor":6,"turns":7},{"damage":18,"enemies":"Exordium Thugs","floor":8,"turns":4},{"damage":5,"enemies":"Exordium Wildlife","floor":10,"turns":3},{"damage":7,"enemies":"Looter","floor":11,"turns":3},{"damage":0,"enemies":"Large Slime","floor":13,"turns":4},{"damage":0,"enemies":"2 Fungi Beasts","floor":14,"turns":3},{"damage":14,"enemies":"Slime Boss","floor":16,"turns":6},{"damage":27,"enemies":"2 Thieves","floor":18,"turns":4},{"damage":10,"enemies":"3 Byrds","floor":27,"turns":4},{"damage":15,"enemies":"Book of Stabbing","floor":28,"turns":5},{"damage":2,"enemies":"3 Cultists","floor":29,"turns":7},{"damage":8,"enemies":"Snake Plant","floor":30,"turns":3},{"damage":64,"enemies":"Automaton","floor":33,"turns":10}],"seed_played":"-57942859198658642","potions_obtained":[{"floor":2,"key":"Block Potion"},{"floor":6,"key":"BlessingOfTheForge"},{"floor":8,"key":"Energy Potion"},{"floor":10,"key":"Regen Potion"},{"floor":11,"key":"FocusPotion"},{"floor":16,"key":"DistilledChaos"},{"floor":18,"key":"GamblersBrew"},{"floor":28,"key":"SpeedPotion"}],"is_trial":false,"path_per_floor":["M","M","M","?","$","E","R","M","T","M","M","$","M","M","R","B",null,"M","?","$","T","?","R","$","R","T","M","E","M","M","?","R","B"],"character_chosen":"DEFECT","items_purchased":["Core Surge","Rainbow","Defragment"],"campfire_rested":1,"item_purchase_floors":[5,12,20],"current_hp_per_floor":[72,75,75,75,75,37,37,26,26,28,28,28,35,42,42,47,75,55,55,55,55,55,55,55,55,55,45,37,44,38,38,60,0,0],"gold":191,"neow_bonus":"TRANSFORM_CARD","is_daily":false,"chose_seed":false,"campfire_upgraded":4,"win_rate":0.0,"timestamp":1608811168,"path_taken":["M","M","M","?","?","E","R","M","T","M","M","$","?","M","R","BOSS","M","?","$","?","?","R","$","R","T","M","E","M","?","?","R","BOSS"],"items_purchased_type":["Card","Card","Card"],"build_version":"2020-12-22","purchased_purges":2,"victory":false,"max_hp_per_floor":[75,75,75,75,75,75,75,75,75,75,75,75,75,75,75,75,75,75,75,75,75,75,75,75,75,75,75,75,75,75,75,75,75,75],"card_choices":[{"not_picked":["Beam Cell","Barrage"],"picked":"Self Repair","floor":1},{"not_picked":["Reprogram","Compile Driver","Streamline"],"picked":"SKIP","floor":2},{"not_picked":["Redo","Self Repair"],"picked":"Storm","floor":3},{"not_picked":["White Noise","Barrage","Conserve Battery"],"picked":"SKIP","floor":6},{"not_picked":["Redo","Stack","Steam"],"picked":"SKIP","floor":8},{"not_picked":["Streamline","Barrage","Reprogram"],"picked":"SKIP","floor":10},{"not_picked":["Steam","Cold Snap"],"picked":"Multi-Cast","floor":11},{"not_picked":["Rip and Tear","Coolheaded"],"picked":"Loop","floor":13},{"not_picked":["Conserve Battery","Stack"],"picked":"Rebound","floor":14},{"not_picked":["Hyperbeam","Fission"],"picked":"Creative AI","floor":16},{"not_picked":["Streamline","Rebound"],"picked":"Turbo","floor":18},{"not_picked":["Cold Snap","Coolheaded"],"picked":"Force Field","floor":27},{"not_picked":["Beam Cell","Blizzard"],"picked":"Chill+1","floor":28},{"not_picked":["Barrage","Beam Cell","Chill"],"picked":"SKIP","floor":29},{"not_picked":["Beam Cell","Rebound","Turbo"],"picked":"SKIP","floor":30}],"player_experience":452413,"relics_obtained":[{"floor":6,"key":"DataDisk"},{"floor":9,"key":"Orichalcum"},{"floor":26,"key":"Akabeko"},{"floor":28,"key":"Blood Vial"}],"event_choices":[{"damage_healed":0,"gold_gain":0,"player_choice":"Forge","damage_taken":0,"max_hp_gain":0,"max_hp_loss":0,"event_name":"Accursed Blacksmith","floor":4,"gold_loss":0,"cards_upgraded":["Zap"]},{"damage_healed":0,"gold_gain":0,"player_choice":"Gave Potion","damage_taken":0,"relics_obtained":["Symbiotic Virus"],"max_hp_gain":0,"max_hp_loss":0,"event_name":"WeMeetAgain","floor":19,"gold_loss":0},{"damage_healed":0,"gold_gain":99,"player_choice":"Stole From Cult","damage_taken":0,"max_hp_gain":0,"max_hp_loss":0,"event_name":"Nest","floor":22,"gold_loss":0},{"cards_removed":["Defend_B"],"damage_healed":0,"gold_gain":0,"player_choice":"Elegance","damage_taken":0,"max_hp_gain":0,"max_hp_loss":0,"event_name":"Back to Basics","floor":31,"gold_loss":0}],"is_beta":false,"boss_relics":[{"not_picked":["Sozu","Coffee Dripper"],"picked":"FrozenCore"}],"items_purged_floors":[20,24],"is_endless":false,"potions_floor_spawned":[2,6,8,10,11,16,18,28],"killed_by":"Automaton","ascension_level":4}}