{"host":"xb2tau8pgi8aflss","time":1608822332,"event":{"mods":["AchievementEnabler","BaseMod","Hermit","Minty Spire (QoL Compilation)","StSLib","SuperFastMode"],"gold_per_floor":[114,125,400,415,69,98,98,108,108,124,151,162,175,195,195,195,195],"floor_reached":16,"playtime":734,"items_purged":[],"score":133,"play_id":"bd0299a8-93cd-4264-a2cf-e0562adf6d6d","local_time":"20201225000532","is_ascension_mode":true,"campfire_choices":[{"data":"Apotheosis","floor":7,"key":"SMITH"},{"data":"hermit:BigShot","floor":15,"key":"SMITH"}],"circlet_count":0,"master_deck":["hermit:Strike_Hermit","hermit:Strike_Hermit","hermit:Strike_Hermit","hermit:Strike_Hermit","hermit:Defend_Hermit","hermit:Defend_Hermit","hermit:Defend_Hermit","hermit:Defend_Hermit","hermit:Snapshot","hermit:Covet","hermit:Glare","hermit:Coalescence","Regret","hermit:Virtue","Apotheosis+1","hermit:Snipe","Bandage Up","hermit:BigShot+1","hermit:Ricochet","hermit:EyeOfTheStorm","hermit:GoldenBullet","hermit:LuckOfTheDraw","hermit:GoldenBullet","hermit:Deadeye","hermit:ItchyTrigger"],"relics":["hermit:Momento","NeowsBlessing","Orichalcum","Bronze Scales","Darkstone Periapt"],"acts_visited":["Exordium"],"potions_floor_usage":[16,16],"damage_taken":[{"damage":0,"enemies":"Cultist","floor":1,"turns":1},{"damage":0,"enemies":"Small Slimes","floor":2,"turns":1},{"damage":0,"enemies":"2 Louse","floor":4,"turns":2},{"damage":20,"enemies":"Lagavulin","floor":6,"turns":8},{"damage":7,"enemies":"Blue Slaver","floor":8,"turns":3},{"damage":0,"enemies":"Exordium Wildlife","floor":10,"turns":3},{"damage":18,"enemies":"3 Sentries","floor":11,"turns":7},{"damage":2,"enemies":"Large Slime","floor":12,"turns":5},{"damage":0,"enemies":"Blue Slaver","floor":13,"turns":2},{"damage":9,"enemies":"2 Fungi Beasts","floor":14,"turns":3},{"damage":59,"enemies":"The Guardian","floor":16,"turns":10}],"seed_played":"-5732054295178071345","potions_obtained":[{"floor":8,"key":"GamblersBrew"},{"floor":10,"key":"PowerPotion"},{"floor":11,"key":"Strength Potion"},{"floor":13,"key":"AttackPotion"}],"is_trial":false,"path_per_floor":["M","M","?","M","$","E","R","M","T","M","E","M","M","M","R","B"],"character_chosen":"HERMIT","items_purchased":["Apotheosis","hermit:Snipe","Bandage Up","hermit:BigShot"],"campfire_rested":0,"item_purchase_floors":[5,5,5,5],"current_hp_per_floor":[75,75,75,75,75,61,61,60,60,66,54,56,62,53,53,0,0],"gold":195,"neow_bonus":"THREE_ENEMY_KILL","is_daily":false,"chose_seed":false,"campfire_upgraded":2,"win_rate":0.0,"timestamp":1608822332,"path_taken":["M","?","?","M","$","E","R","M","T","?","E","M","M","M","R","BOSS"],"items_purchased_type":["Card","Card","Card","Card"],"build_version":"2020-12-22","purchased_purges":0,"victory":false,"max_hp_per_floor":[75,75,75,75,75,75,75,75,75,75,75,75,75,75,75,75,75],"card_choices":[{"not_picked":["hermit:LowProfile","hermit:Quickdraw"],"picked":"hermit:Glare","floor":1},{"not_picked":["hermit:Misfire","hermit:Glare"],"picked":"hermit:Coalescence","floor":2},{"not_picked":["hermit:CursedWeapon","hermit:Vantage"],"picked":"hermit:Virtue","floor":4},{"not_picked":["hermit:Misfire","hermit:Maintenance"],"picked":"hermit:Ricochet","floor":6},{"not_picked":["hermit:Combo","hermit:Coalescence"],"picked":"hermit:EyeOfTheStorm","floor":8},{"not_picked":["hermit:FinalCanter","hermit:Headshot"],"picked":"hermit:GoldenBullet","floor":10},{"not_picked":["hermit:Vantage","hermit:TakeCover"],"picked":"hermit:LuckOfTheDraw","floor":11},{"not_picked":["hermit:SprayPray","hermit:Vantage"],"picked":"hermit:GoldenBullet","floor":12},{"not_picked":["hermit:Manifest","hermit:EyeOfTheStorm"],"picked":"hermit:Deadeye","floor":13},{"not_picked":["hermit:LuckOfTheDraw","hermit:Roulette"],"picked":"hermit:ItchyTrigger","floor":14}],"player_experience":756402,"relics_obtained":[{"floor":6,"key":"Orichalcum"},{"floor":9,"key":"Bronze Scales"},{"floor":11,"key":"Darkstone Periapt"}],"event_choices":[{"damage_healed":0,"gold_gain":275,"player_choice":"Desecrate","damage_taken":0,"max_hp_gain":0,"max_hp_loss":0,"event_name":"Golden Shrine","floor":3,"gold_loss":0,"cards_obtained":["Regret"]}],"is_beta":false,"boss_relics":[],"items_purged_floors":[],"is_endless":false,"potions_floor_spawned":[8,10,11,13],"killed_by":"The Guardian","ascension_level":3}}