{"host":"0a7cgrrfh5edm4wz","time":1608780354,"event":{"mods":["BaseMod","Colored Map","Keyboard Shortcuts","Minty Spire (QoL Compilation)","StSLib","SuperFastMode"],"gold_per_floor":[112,126,145,165,1,1,1,1,24,24,24],"floor_reached":10,"playtime":166,"items_purged":[],"score":116,"play_id":"06ff922d-c490-46b1-828b-d7844828a11d","local_time":"20201224122554","is_ascension_mode":true,"campfire_choices":[{"data":"Footwork","floor":6,"key":"SMITH"},{"data":"Flechettes","floor":8,"key":"SMITH"}],"circlet_count":0,"master_deck":["AscendersBane","Strike_G","Strike_G","Strike_G","Strike_G","Strike_G","Defend_G","Defend_G","Defend_G","Defend_G","Survivor","Neutralize","Deflect","Deadly Poison","Footwork+1","Burst","Flechettes+1","Backstab"],"relics":["Ring of the Snake","Orrery","Golden Idol","Nunchaku"],"acts_visited":[],"potions_floor_usage":[10],"damage_taken":[{"damage":3.0,"enemies":"Cultist","floor":1.0,"turns":4.0},{"damage":19.0,"enemies":"Jaw Worm","floor":2.0,"turns":7.0},{"damage":0.0,"enemies":"2 Louse","floor":3.0,"turns":3.0},{"damage":16.0,"enemies":"Exordium Wildlife","floor":4.0,"turns":6.0},{"damage":26,"enemies":"Gremlin Nob","floor":10,"turns":3}],"seed_played":"-554104936847166378","potions_obtained":[{"floor":3.0,"key":"Strength Potion"},{"floor":4.0,"key":"Explosive Potion"}],"is_trial":false,"path_per_floor":["M","M","M","M","$","R","?","R","T","E"],"character_chosen":"THE_SILENT","items_purchased":["Orrery"],"campfire_rested":0,"item_purchase_floors":[5],"current_hp_per_floor":[56,37,37,21,21,21,21,21,21,0,0],"gold":24,"neow_bonus":"REMOVE_CARD","is_daily":false,"chose_seed":false,"campfire_upgraded":2,"win_rate":0.0,"timestamp":1608780354,"path_taken":["M","M","M","M","$","R","?","R","T","E"],"items_purchased_type":["Relic"],"build_version":"2020-12-22","purchased_purges":0,"victory":false,"max_hp_per_floor":[66,66,66,66,66,66,60,60,60,60,60],"card_choices":[{"not_picked":["Riddle With Holes","Concentrate"],"picked":"Deflect","floor":1.0},{"not_picked":["Terror","Slice"],"picked":"Deadly Poison","floor":2.0},{"not_picked":["Expertise","Deflect","Outmaneuver"],"picked":"SKIP","floor":3.0},{"not_picked":["All Out Attack","Dagger Spray"],"picked":"Footwork","floor":4.0},{"not_picked":["Terror","Flying Knee"],"picked":"Burst","floor":5},{"not_picked":["Tactician","Well Laid Plans"],"picked":"Flechettes","floor":5},{"not_picked":["Underhanded Strike","Predator"],"picked":"Backstab","floor":5}],"player_experience":882891,"relics_obtained":[{"floor":9,"key":"Nunchaku"}],"event_choices":[{"damage_healed":0,"gold_gain":0,"player_choice":"Lose Max HP","damage_taken":0,"relics_obtained":["Golden Idol"],"max_hp_gain":0,"max_hp_loss":6,"event_name":"Golden Idol","floor":7,"gold_loss":0}],"is_beta":false,"boss_relics":[],"items_purged_floors":[],"is_endless":false,"potions_floor_spawned":[3,4],"killed_by":"Gremlin Nob","ascension_level":20}}