{"host":"yi49lbnhh35mzi7n","time":1608846202,"event":{"mods":["BaseMod","Bestiary","BetterRewards","Colored Map","Conspire","Downfall","Googly Eyes","Hermit","Hubris","Infinite Spire","Minty Spire (QoL Compilation)","Quick Restart","Replay The Spire","StSLib","The Bladedancer","The Construct","The Jungle","The Necromancer","Yuri Mod"],"gold_per_floor":[111,121,136,154,166,201,211,271,271,271,305,325,275,311,311,431,481,520,570,570,570,198,267,267,259,259,403,403,415,415,469,469,583,583,583],"floor_reached":34,"playtime":2117,"items_purged":["hubris:Compulsion","hexamod:Haunted"],"score":557,"play_id":"260a20c4-f808-4a4a-b79c-1fa101b2d2a0","local_time":"20201224224322","is_ascension_mode":true,"campfire_choices":[{"floor":10,"key":"REST"},{"floor":15,"key":"REST"},{"data":"Adrenaline","floor":24,"key":"SMITH"},{"data":"Cloak And Dagger","floor":30,"key":"SMITH"},{"data":"Cloak And Dagger","floor":32,"key":"SMITH"}],"circlet_count":0,"master_deck":["Strike_G","Strike_G","Strike_G","Strike_G","Strike_G","Defend_G","Defend_G","Defend_G","Defend_G","Defend_G","Survivor","Neutralize","Leg Sweep","Cloak And Dagger+1","Backflip","Cloak And Dagger+1","Dagger Spray","Venomology","Replay:Poison Smokescreen","Caltrops","Footwork","conspire:SpireCoStock","Adrenaline+1","Blade Dance","infinitespire:Fortify","Hidden Blade","Finisher","PiercingWail","Dodge and Roll+1","Footwork","Envenom","Caltrops","A Thousand Cuts"],"relics":["Ring of the Snake","Blood Vial","conspire:TopHat","hubris:MobiusCoin","hubris:PeanutButter","infinitespire:ShieldingShard","Ginger","Replay:Ancient Bell","Replay:Baseball","Meat on the Bone","Calipers","Membership Card","Ninja Scroll","Quantum Egg","conspire:GlowingRock","SlaversCollar","Replay:Wax Seal","Snecko Scales"],"acts_visited":["Exordium","TheCity","TheBeyond"],"potions_floor_usage":[5,7,7,7,7,8,8,8,11,11,12,14,14,16,18,23,23,25,27,29,29,31],"damage_taken":[{"damage":5,"enemies":"Cultist","floor":1,"turns":5},{"damage":1,"enemies":"conspire:RoseBush","floor":2,"turns":3},{"damage":0,"enemies":"Small Slimes","floor":3,"turns":3},{"damage":2,"enemies":"Blue Slaver","floor":4,"turns":5},{"damage":21,"enemies":"Large Slime","floor":5,"turns":13},{"damage":18,"enemies":"Replay:BlueRogue","floor":6,"turns":10},{"damage":8,"enemies":"conspire:2 RoseBushes","floor":7,"turns":5},{"damage":20,"enemies":"Gremlin Nob","floor":8,"turns":6},{"damage":23,"enemies":"Gremlin Nob","floor":11,"turns":6},{"damage":0,"enemies":"3 Louse","floor":12,"turns":3},{"damage":0,"enemies":"Lagavulin","floor":14,"turns":8},{"damage":34,"enemies":"Slime Boss","floor":16,"turns":11},{"damage":6,"enemies":"conspire:FuzzyDice","floor":18,"turns":7},{"damage":0,"enemies":"Slavers","floor":23,"turns":9},{"damage":0,"enemies":"2 Thieves","floor":25,"turns":5},{"damage":0,"enemies":"Nightmare","floor":27,"turns":11},{"damage":0,"enemies":"Snake Plant","floor":29,"turns":5},{"damage":0,"enemies":"Slavers","floor":31,"turns":4},{"damage":25,"enemies":"hubris:MusketHawk","floor":33,"turns":8}],"seed_played":"-1827786393740301181","potions_obtained":[{"floor":1,"key":"LifebloodPotion"},{"floor":3,"key":"Elixir"},{"floor":4,"key":"Ancient Potion"},{"floor":6,"key":"ColorlessPotion"},{"floor":8,"key":"CunningPotion"},{"floor":14,"key":"Fire Potion"},{"floor":16,"key":"Explosive Potion"},{"floor":18,"key":"Elixir"},{"floor":29,"key":"Poison Potion"},{"floor":31,"key":"Explosive Potion"}],"is_trial":false,"path_per_floor":["M","M","M","M","M","E","M","?","T","R","E","M","?","E","R","B",null,"M","?","?","?","$","E","R","M","T","NM","AVR","M","R","E","R","B",null],"character_chosen":"THE_SILENT","items_purchased":["Membership Card","Ninja Scroll","Finisher","PiercingWail"],"campfire_rested":2,"item_purchase_floors":[22,22,22,22],"current_hp_per_floor":[65,66,68,68,49,33,27,9,9,30,9,11,11,13,34,2,70,64,46,46,46,46,48,48,50,50,52,52,64,64,66,66,43,70,70],"gold":583,"neow_bonus":"RANDOM_COMMON_RELIC","is_daily":false,"chose_seed":false,"campfire_upgraded":3,"win_rate":0.0,"timestamp":1608846202,"path_taken":["M","M","M","M","?","E","M","?","T","R","E","M","?","E","R","BOSS","M","?","?","?","$","E","R","M","T","NM","AVR","?","R","E","R","BOSS"],"items_purchased_type":["Relic","Relic","Card","Card"],"build_version":"2020-12-22","purchased_purges":2,"victory":false,"max_hp_per_floor":[70,70,70,70,70,70,70,70,70,70,70,70,70,70,70,70,70,70,70,70,70,70,70,70,70,70,70,70,70,70,70,70,70,70,70],"card_choices":[{"not_picked":["Noxious Fumes","Bane"],"picked":"Leg Sweep","floor":1},{"not_picked":["Deflect","Hidden Blade"],"picked":"Cloak And Dagger","floor":2},{"not_picked":["Sucker Punch","Flechettes"],"picked":"Backflip","floor":3},{"not_picked":["Dagger Throw","Malaise"],"picked":"Cloak And Dagger","floor":4},{"not_picked":["Poisoned Stab","Quick Slash"],"picked":"Dagger Spray","floor":5},{"not_picked":["Leg Sweep","Bullet Time"],"picked":"Venomology","floor":6},{"not_picked":["Outmaneuver","Flechettes"],"picked":"Replay:Poison Smokescreen","floor":7},{"not_picked":["Sucker Punch","Underhanded Strike"],"picked":"Caltrops","floor":11},{"not_picked":["Concentrate","Flechettes"],"picked":"Footwork","floor":12},{"not_picked":["ReplayTheSpireMod:Tripwire","Sucker Punch","Flying Knee"],"picked":"SKIP","floor":14},{"not_picked":["Malaise","ReplayTheSpireMod:Necrosis"],"picked":"Adrenaline","floor":16},{"not_picked":["conspire:NecroticWound","Delirium"],"picked":"hexamod:Haunted","floor":17},{"not_picked":["sneckomod:Bewildered","ReplayTheSpireMod:Splinters"],"picked":"hubris:Compulsion","floor":17},{"not_picked":["infinitespire:Pacifist","Looming Evil"],"picked":"hubris:Gluttony","floor":17},{"not_picked":["ReplayTheSpireMod:Shiv Toss","Distraction+1"],"picked":"Blade Dance","floor":18},{"not_picked":["infinitespire:Punishment","infinitespire:Oblivion"],"picked":"infinitespire:Fortify","floor":19},{"not_picked":["hubris:SlightOfHand","Slice","Quick Slash"],"picked":"SKIP","floor":23},{"not_picked":["Bane","Dagger Spray"],"picked":"Dodge and Roll+1","floor":25},{"not_picked":["Dagger Throw","hubris:SlightOfHand+1","Footwork"],"picked":"SKIP","floor":27},{"not_picked":["Dagger Throw","hubris:SlightOfHand+1"],"picked":"Footwork","floor":27},{"not_picked":["hubris:SlightOfHand","Dodge and Roll"],"picked":"Envenom","floor":29},{"not_picked":["Flechettes","Dagger Throw"],"picked":"Caltrops","floor":31},{"not_picked":["Glass Knife","ReplayTheSpireMod:Necrosis"],"picked":"A Thousand Cuts","floor":33}],"player_experience":534122,"relics_obtained":[{"floor":6,"key":"conspire:TopHat"},{"floor":8,"key":"hubris:MobiusCoin"},{"floor":9,"key":"hubris:PeanutButter"},{"floor":11,"key":"infinitespire:ShieldingShard"},{"floor":14,"key":"Ginger"},{"floor":26,"key":"Quantum Egg"},{"floor":27,"key":"conspire:GlowingRock"},{"floor":31,"key":"Replay:Wax Seal"}],"event_choices":[{"damage_healed":0,"gold_gain":30,"player_choice":"Searched \u00273\u0027 times","damage_taken":0,"max_hp_gain":0,"max_hp_loss":0,"event_name":"Dead Adventurer","floor":8,"gold_loss":0},{"damage_healed":0,"gold_gain":0,"player_choice":"Invest 1","damage_taken":0,"max_hp_gain":0,"max_hp_loss":0,"event_name":"conspire:Investor","floor":13,"gold_loss":0},{"damage_healed":0,"gold_gain":0,"player_choice":"Read","damage_taken":0,"max_hp_gain":0,"max_hp_loss":0,"event_name":"The Library","floor":20,"gold_loss":0,"cards_obtained":["Hidden Blade"]},{"cards_removed":["hubris:Gluttony"],"damage_healed":0,"gold_gain":0,"player_choice":"Card Removal","damage_taken":0,"max_hp_gain":0,"max_hp_loss":0,"event_name":"Wheel of Change","floor":21,"gold_loss":0}],"is_beta":false,"boss_relics":[{"not_picked":["ReplayTheSpireMod:SealedPack","Kintsugi"],"picked":"Replay:Ancient Bell"},{"not_picked":["Blue Doll","Replay:Mystery Machine"],"picked":"Replay:Baseball"},{"not_picked":["Toxic Egg 2","StrikeDummy"],"picked":"Meat on the Bone"},{"not_picked":["Vampiric Spirits","Mango"],"picked":"Calipers"},{"not_picked":["Velvet Choker","Astrolabe"],"picked":"Snecko Scales"}],"items_purged_floors":[22,28],"is_endless":true,"potions_floor_spawned":[1,3,4,6,8,14,16,18,29,31],"ascension_level":1}}