{"host":"r6ixdbpnwahtqyu3","time":1608778656,"event":{"mods":["BaseMod","CapriCore","Colored Map","Friendly Minions","Koishi","Marisa（霧雨　魔理沙）","Minty Spire (QoL Compilation)","Remilia（蕾米莉?）","StSLib","The Immortal","The Servant 0.9.4"],"gold_per_floor":[114,133,146,158,173,173,206,206,206,76,92,108,120,85,85,181,181,199,124,136,136,136],"floor_reached":21,"playtime":1036,"items_purged":[],"score":259,"play_id":"7d3b9ecc-6a85-4011-b3f0-e1f8c7b00982","local_time":"20201223215736","is_ascension_mode":true,"campfire_choices":[{"data":"Koishi:HauntingSlash","floor":6,"key":"SMITH"},{"data":"Koishi:UnconsciousUrges","floor":15,"key":"SMITH"}],"circlet_count":0,"master_deck":["Koishi:BasicStrike","Koishi:BasicDefend","Koishi:BasicDefend","Koishi:BasicDefend","Koishi:BasicDefend","Koishi:Provoke","Koishi:HauntingSlash+1","Koishi:CatchAndRose+1","Koishi:ParalyzingFear","Koishi:UnconsciousUrges+1","Koishi:StingingMind","Koishi:FidgetySnatcher","Koishi:ImGoingToCallYouNow","Koishi:TraumaticStroke"],"relics":["Koishi:ImaginaryFriend","NeowsBlessing","Toy Ornithopter","MealTicket","Empty Cage"],"acts_visited":["Exordium","TheCity"],"potions_floor_usage":[7,12,13,13,18],"damage_taken":[{"damage":0,"enemies":"Small Slimes","floor":1,"turns":2},{"damage":0,"enemies":"Cultist","floor":2,"turns":1},{"damage":0,"enemies":"2 Louse","floor":3,"turns":2},{"damage":17,"enemies":"Exordium Wildlife","floor":4,"turns":5},{"damage":10,"enemies":"3 Louse","floor":5,"turns":5},{"damage":22,"enemies":"Gremlin Nob","floor":7,"turns":4},{"damage":7,"enemies":"Looter","floor":11,"turns":4},{"damage":15,"enemies":"Lots of Slimes","floor":12,"turns":5},{"damage":8,"enemies":"Large Slime","floor":13,"turns":6},{"damage":31,"enemies":"Hexaghost","floor":16,"turns":10},{"damage":29,"enemies":"Chosen","floor":18,"turns":7},{"damage":25,"enemies":"2 Thieves","floor":20,"turns":9},{"damage":51,"enemies":"3 Cultists","floor":21,"turns":4}],"seed_played":"3157749248313196273","potions_obtained":[{"floor":4,"key":"ColorlessPotion"},{"floor":11,"key":"AttackPotion"},{"floor":12,"key":"ColorlessPotion"},{"floor":13,"key":"Explosive Potion"}],"is_trial":false,"path_per_floor":["M","M","M","M","M","R","E","?","T","$","M","M","M","$","R","B",null,"M","?","M","M"],"character_chosen":"KOISHI","items_purchased":["Koishi:UnconsciousUrges","Fire Potion","Koishi:FidgetySnatcher"],"campfire_rested":0,"item_purchase_floors":[10,10,14],"current_hp_per_floor":[54,54,54,39,31,31,13,13,13,28,25,19,23,38,38,17,49,51,51,43,0,0],"gold":136,"neow_bonus":"THREE_ENEMY_KILL","is_daily":false,"chose_seed":false,"campfire_upgraded":2,"win_rate":0.0,"timestamp":1608778656,"path_taken":["M","M","M","M","M","R","E","?","T","?","M","M","M","$","R","BOSS","M","?","M","M"],"items_purchased_type":["Card","Potion","Card"],"build_version":"2020-12-22","purchased_purges":0,"victory":false,"max_hp_per_floor":[60,60,60,60,60,60,60,60,60,60,60,60,60,60,60,60,60,60,60,60,60,60],"card_choices":[{"not_picked":["Koishi:SubterraneanRose","Koishi:UnconsciousUprising","Koishi:EmbryosDream"],"picked":"SKIP","floor":1},{"not_picked":["Koishi:HeartfeltFancy","Koishi:Whimsy"],"picked":"Koishi:CatchAndRose","floor":2},{"not_picked":["Koishi:HeartfeltFancy","Koishi:RacingHeart"],"picked":"Koishi:ParalyzingFear","floor":3},{"not_picked":["Koishi:SubconsciousSweep","Koishi:RorschachInDanmaku","Koishi:UnconsciousUprising"],"picked":"SKIP","floor":4},{"not_picked":["Koishi:StrangeCloudFist","Koishi:RacingHeart","Koishi:ParalyzingFear"],"picked":"SKIP","floor":5},{"not_picked":["Koishi:Prune","Koishi:ConfinedInnocent","Koishi:ParalyzingFear"],"picked":"SKIP","floor":7},{"not_picked":["Koishi:LastRemote","Koishi:MindNumbingTerror","Koishi:BloodcurdlingScream"],"picked":"SKIP","floor":11},{"not_picked":["Koishi:Prune","Koishi:UnansweredLove","Koishi:UnconsciousUprising"],"picked":"SKIP","floor":12},{"not_picked":["Koishi:HeartfeltFancy","Koishi:StrangeCloudFist"],"picked":"Koishi:StingingMind","floor":13},{"not_picked":["Koishi:GrowingPain","Koishi:FadingMemory"],"picked":"Koishi:ImGoingToCallYouNow","floor":16},{"not_picked":["Koishi:Bloodlust","Koishi:CatchAndRose+1"],"picked":"Koishi:TraumaticStroke","floor":18},{"not_picked":["Koishi:Vanish","Koishi:SpiritedAway","Koishi:MassHysteria"],"picked":"SKIP","floor":20}],"player_experience":375850,"relics_obtained":[{"floor":7,"key":"Toy Ornithopter"},{"floor":9,"key":"MealTicket"}],"event_choices":[{"damage_healed":0,"gold_gain":0,"player_choice":"Forge","damage_taken":0,"max_hp_gain":0,"max_hp_loss":0,"event_name":"Accursed Blacksmith","floor":8,"gold_loss":0,"cards_upgraded":["Koishi:CatchAndRose"]},{"cards_removed":["Koishi:BasicStrike"],"damage_healed":0,"gold_gain":0,"player_choice":"Gave Gold","damage_taken":0,"max_hp_gain":0,"max_hp_loss":0,"event_name":"Beggar","floor":19,"gold_loss":75}],"is_beta":false,"boss_relics":[{"not_picked":["Calling Bell","Velvet Choker"],"picked":"Empty Cage"}],"items_purged_floors":[],"is_endless":false,"potions_floor_spawned":[4,11,12,13],"killed_by":"3 Cultists","ascension_level":8}}