{"host":"709gjpjg43u3i5a8","time":1608826066,"event":{"mods":["BaseMod","Colored Map","Colored Powertips","Downfall","Hermit","Hubris","Infinite Spire","Marisa????????","Minty Spire (QoL Compilation)","Remilia??????","StSLib","Td1madao Mod","The Animator","The Bug Knight","The Cursed","The Disciple","The Hierophant","The Jungle","The Servant 0.9.4"],"gold_per_floor":[115,21,51,51,84,84,84,84,111,286,114,132,166,185,185,310,310,335,335,335,349,375,400,400,400],"floor_reached":24,"playtime":2121,"items_purged":["Doubt","animator:Strike"],"score":246,"play_id":"3fa32176-65ff-4c7c-8c9c-136fc258912c","local_time":"20201224090746","is_ascension_mode":false,"campfire_choices":[{"data":"animator:Fredrika","floor":6.0,"key":"SMITH"},{"data":"animator:IchigoKurosaki","floor":8.0,"key":"SMITH"},{"data":"animator:Shalltear","floor":15.0,"key":"SMITH"}],"circlet_count":0,"master_deck":["animator:Strike_Elsword","animator:Strike","animator:Strike","animator:Defend","animator:Defend","animator:Defend","animator:Chung","animator:Raven","animator:IchigoKurosaki+1","animator:MetalKnight","animator:Fredrika+1","animator:IchigoKurosaki","animator:MetalKnight","animator:Shalltear+1","animator:AcuraShin","infinitespire:UltimateForm","animator:FielNirvalen","animator:Ara","animator:DolaStephanie"],"relics":["animator:LivingPicture","animator:TheMissingPiece","HollowMod:LifeEnderRelic","Golden Idol","hubris:Towel","Bag of Marbles","SlaversCollar","animator:VividPicture","HollowMod:StagPassRelic"],"acts_visited":["Exordium","TheCity"],"potions_floor_usage":[],"damage_taken":[{"damage":0.0,"enemies":"Jaw Worm","floor":1.0,"turns":3.0},{"damage":0.0,"enemies":"Cultist","floor":3.0,"turns":5.0},{"damage":4.0,"enemies":"Small Slimes","floor":12.0,"turns":3.0},{"damage":16.0,"enemies":"3 Sentries","floor":13.0,"turns":10.0},{"damage":0.0,"enemies":"2 Fungi Beasts","floor":14.0,"turns":3.0},{"damage":0.0,"enemies":"Slime Boss","floor":16.0,"turns":17.0},{"damage":13.0,"enemies":"Spheric Guardian","floor":18.0,"turns":8.0},{"damage":0.0,"enemies":"Chosen","floor":21.0,"turns":6.0},{"damage":17.0,"enemies":"Centurion and Healer","floor":22.0,"turns":7.0},{"damage":12,"enemies":"Snecko","floor":23,"turns":5},{"damage":30,"enemies":"Slavers","floor":24,"turns":2}],"seed_played":"-7499175034196462838","potions_obtained":[{"floor":14.0,"key":"champ:CounterPotion"},{"floor":16.0,"key":"animator:FalseLifePotion"},{"floor":18.0,"key":"AttackPotion"}],"is_trial":false,"path_per_floor":["M","?","M","?","?","R","?","R","T","?","$","M","E","M","R","B",null,"M","AVR","?","M","M","M","E"],"character_chosen":"THE_ANIMATOR","items_purchased":["animator:IchigoKurosaki"],"campfire_rested":0,"item_purchase_floors":[11],"current_hp_per_floor":[66,66,66,50,50,50,50,50,50,50,50,46,30,30,30,31,67,54,54,54,54,37,25,0,0],"gold":400,"neow_bonus":"RANDOM_COLORLESS","is_daily":false,"chose_seed":false,"campfire_upgraded":3,"win_rate":0.0,"timestamp":1608826066,"path_taken":["M","?","?","?","?","R","?","R","T","?","?","M","E","M","R","BOSS","M","AVR","?","?","M","M","E"],"items_purchased_type":["Card"],"build_version":"2020-12-22","purchased_purges":2,"victory":false,"max_hp_per_floor":[66,66,66,66,66,66,66,66,66,66,66,66,66,66,66,67,67,67,67,67,67,67,67,67,67],"card_choices":[{"not_picked":["animator:Kuroyukihime","animator:Shimakaze"],"picked":"animator:IchigoKurosaki","floor":0.0},{"not_picked":["animator:Raven","animator:Gillette"],"picked":"animator:MetalKnight","floor":1.0},{"not_picked":["animator:Guy","animator:IzunaHatsuse"],"picked":"animator:Fredrika","floor":3.0},{"not_picked":["animator:Layla","animator:DolaSchwi"],"picked":"animator:MetalKnight","floor":12.0},{"not_picked":["animator:Lu","animator:IzunaHatsuse"],"picked":"animator:Shalltear","floor":13.0},{"not_picked":["animator:Guy","animator:DolaCouronne","animator:Gillette"],"picked":"SKIP","floor":14.0},{"not_picked":["animator:Boros","animator:Guren"],"picked":"animator:AcuraShin","floor":16.0},{"not_picked":["animator:ZankiKiguchi","animator:Geryuganshoop","animator:KrulTepes"],"picked":"SKIP","floor":18.0},{"not_picked":["animator:HiiragiShinya","animator:Mikaela"],"picked":"animator:FielNirvalen","floor":21.0},{"not_picked":["animator:MumenRider","animator:Sonic"],"picked":"animator:Ara","floor":22.0},{"not_picked":["animator:DolaRiku","animator:Emonzaemon"],"picked":"animator:DolaStephanie","floor":23}],"player_experience":385068,"relics_obtained":[{"floor":13.0,"key":"Bag of Marbles"}],"event_choices":[{"damage_healed":0.0,"max_hp_gain":0.0,"max_hp_loss":0.0,"gold_gain":0.0,"event_name":"WeMeetAgain","player_choice":"Paid Gold","floor":2.0,"gold_loss":94.0,"damage_taken":0.0,"relics_obtained":["HollowMod:LifeEnderRelic"]},{"damage_healed":0.0,"max_hp_gain":0.0,"max_hp_loss":0.0,"gold_gain":0.0,"event_name":"Golden Idol","player_choice":"Take Damage","floor":4.0,"gold_loss":0.0,"damage_taken":16.0,"relics_obtained":["Golden Idol"]},{"damage_healed":0.0,"max_hp_gain":0.0,"max_hp_loss":0.0,"gold_gain":175.0,"event_name":"Liars Game","player_choice":"AGREE","floor":10.0,"gold_loss":0.0,"damage_taken":0.0,"cards_obtained":["Doubt"]},{"damage_healed":0.0,"max_hp_gain":0.0,"max_hp_loss":0.0,"gold_gain":0.0,"event_name":"NoteForYourself","player_choice":"Ignored","floor":20.0,"gold_loss":0.0,"damage_taken":0.0}],"is_beta":false,"boss_relics":[{"not_picked":["Pandora\u0027s Box","hubris:BlackHole"],"picked":"SlaversCollar"}],"items_purged_floors":[11,19],"is_endless":false,"potions_floor_spawned":[14,16,18],"killed_by":"Slavers","ascension_level":0}}