{"host":"6pgtslebjnyv5xmi","time":1608806018,"event":{"mods":["AchievementEnabler","BaseMod","Colored Map","Minty Spire (QoL Compilation)","Rare Cards Sparkle","StSLib","SuperFastMode","The Dragon Tamer","everything is the same but u backflip on backflip"],"gold_per_floor":[119,138,138,157,14,14,47,47,47,47,72,92,11,11,11,11,11],"floor_reached":16,"playtime":6194,"items_purged":[],"score":146,"play_id":"967823d7-944f-4e94-95dc-71b574422116","local_time":"20201224193338","is_ascension_mode":true,"campfire_choices":[{"data":"Carnage","floor":6.0,"key":"SMITH"},{"data":"Evolve","floor":8,"key":"SMITH"},{"data":"Shockwave","floor":15,"key":"SMITH"}],"circlet_count":0,"master_deck":["Strike_R","Strike_R","Strike_R","Defend_R","Defend_R","Defend_R","Defend_R","Bash","Shockwave+1","Shrug It Off","Carnage+1","Evolve+1","Feed","Immolate","Battle Trance","Feel No Pain"],"relics":["Burning Blood","NeowsBlessing","Bag of Marbles","Pear","Kunai","Lantern","Nunchaku"],"acts_visited":["Exordium"],"potions_floor_usage":[11,16],"damage_taken":[{"damage":0.0,"enemies":"Small Slimes","floor":1.0,"turns":1.0},{"damage":0.0,"enemies":"Cultist","floor":2.0,"turns":1.0},{"damage":0.0,"enemies":"Jaw Worm","floor":4.0,"turns":1.0},{"damage":12,"enemies":"3 Sentries","floor":7,"turns":7},{"damage":52,"enemies":"Gremlin Nob","floor":11,"turns":5},{"damage":10,"enemies":"2 Fungi Beasts","floor":12,"turns":3},{"damage":47,"enemies":"The Guardian","floor":16,"turns":11}],"seed_played":"-191934604242668171","potions_obtained":[{"floor":1.0,"key":"Regen Potion"},{"floor":11,"key":"Strength Potion"}],"is_trial":false,"path_per_floor":["M","M","?","M","$","R","E","R","T","?","E","M","$","?","R","B"],"character_chosen":"IRONCLAD","items_purchased":["Bag of Marbles","Feel No Pain"],"campfire_rested":0,"item_purchase_floors":[5,13],"current_hp_per_floor":[78,80,80,80,80,80,84,84,84,84,49,45,45,42,42,0,0],"gold":11,"neow_bonus":"THREE_ENEMY_KILL","is_daily":false,"chose_seed":false,"campfire_upgraded":3,"win_rate":0.0,"timestamp":1608806018,"path_taken":["M","M","?","?","$","R","E","R","T","?","E","?","?","?","R","BOSS"],"items_purchased_type":["Relic","Card"],"build_version":"2020-12-22","purchased_purges":0,"victory":false,"max_hp_per_floor":[80,80,80,80,80,80,90,90,90,90,90,90,90,90,90,90,90],"card_choices":[{"not_picked":["Clothesline","Pommel Strike"],"picked":"Shockwave","floor":1.0},{"not_picked":["Clash","Headbutt"],"picked":"Shrug It Off","floor":2.0},{"not_picked":["Body Slam","Cleave"],"picked":"Carnage","floor":4.0},{"not_picked":["Disarm","Whirlwind"],"picked":"Evolve","floor":7},{"not_picked":["Dark Embrace","Headbutt"],"picked":"Immolate","floor":11},{"not_picked":["Searing Blow","Dark Embrace"],"picked":"Battle Trance","floor":12}],"player_experience":442520,"relics_obtained":[{"floor":7,"key":"Pear"},{"floor":9,"key":"Kunai"},{"floor":11,"key":"Lantern"}],"event_choices":[{"cards_removed":["Strike_R"],"damage_healed":0.0,"max_hp_gain":0.0,"max_hp_loss":0.0,"gold_gain":0.0,"event_name":"Purifier","player_choice":"Purged","floor":3.0,"gold_loss":0.0,"damage_taken":0.0},{"damage_healed":0,"gold_gain":0,"cards_transformed":["Strike_R"],"player_choice":"Transformed","damage_taken":0,"max_hp_gain":0,"max_hp_loss":0,"event_name":"Transmorgrifier","floor":10,"gold_loss":0,"cards_obtained":["Feed"]},{"damage_healed":0,"gold_gain":0,"player_choice":"Success","damage_taken":3,"relics_obtained":["Nunchaku"],"max_hp_gain":0,"max_hp_loss":0,"event_name":"Scrap Ooze","floor":14,"gold_loss":0}],"is_beta":false,"boss_relics":[],"items_purged_floors":[],"is_endless":false,"potions_floor_spawned":[1,11],"killed_by":"The Guardian","ascension_level":7}}