{"host":"nieu49hsh1dm9v6n","time":1608838239,"event":{"mods":["Aspiration","BaseMod","Better Third Choice","Hubris","Minty Spire (QoL Compilation)","StSLib","vexMod"],"gold_per_floor":[110,128,128,128,148,178,178,191,191,191,203,237,255,55,55,158,158,177,152,152,166,91,91,126,126,126,126,242,242,242],"floor_reached":29,"playtime":1426,"items_purged":["Strike_P"],"score":320,"play_id":"03ce8e69-121f-4d44-8fac-e155c914a582","local_time":"20201224203039","is_ascension_mode":true,"campfire_choices":[{"data":"Wallop","floor":7,"key":"SMITH"},{"data":"Evaluate","floor":10,"key":"SMITH"},{"data":"Wallop","floor":15,"key":"SMITH"},{"data":"Skewer","floor":23,"key":"SMITH"},{"data":"Escape Plan","floor":25,"key":"SMITH"},{"data":"Core Surge","floor":27,"key":"SMITH"}],"circlet_count":0,"master_deck":["Defend_P","Defend_P","Defend_P","Eruption","Vigilance+1","Prostrate","Prostrate","Heel Hook","Skewer+1","Escape Plan+1","Wallop+1","Evaluate+1","Wallop+1","ReachHeaven","Core Surge+1","Leap+1","Wild Strike+1"],"relics":["PureWater","aspiration:Nostalgia","Ring of the Snake","hubris:BottledRain","Smiling Mask","vexMod:MemoryStick","PrismaticShard","hubris:Backtick","Shuriken","hubris:Icosahedron","hubris:SphereOfDissonance","The Courier"],"acts_visited":["Exordium","TheCity"],"potions_floor_usage":[6,6,6,12,12,18,21,21],"damage_taken":[{"damage":0,"enemies":"2 Louse","floor":1,"turns":3},{"damage":18,"enemies":"Jaw Worm","floor":2,"turns":7},{"damage":3,"enemies":"Small Slimes","floor":5,"turns":3},{"damage":11,"enemies":"3 Sentries","floor":6,"turns":12},{"damage":1,"enemies":"Exordium Wildlife","floor":8,"turns":5},{"damage":1,"enemies":"Large Slime","floor":11,"turns":6},{"damage":0,"enemies":"Gremlin Nob","floor":12,"turns":3},{"damage":0,"enemies":"Looter","floor":13,"turns":2},{"damage":9,"enemies":"Slime Boss","floor":16,"turns":10},{"damage":0,"enemies":"Spheric Guardian","floor":18,"turns":4},{"damage":19,"enemies":"Shell Parasite","floor":21,"turns":9},{"damage":12,"enemies":"Gremlin Leader","floor":24,"turns":9},{"damage":0,"enemies":"Snake Plant","floor":28,"turns":3},{"damage":27,"enemies":"Slavers","floor":29,"turns":5}],"seed_played":"-5038297226300284438","potions_obtained":[{"floor":2,"key":"EntropicBrew"},{"floor":6,"key":"BottledMiracle"},{"floor":8,"key":"ColorlessPotion"},{"floor":16,"key":"Energy Potion"},{"floor":18,"key":"SkillPotion"},{"floor":24,"key":"FearPotion"}],"is_trial":false,"path_per_floor":["M","M","?","?","M","E","R","M","T","R","M","E","M","$","R","B",null,"M","?","?","M","?","R","E","R","T","R","M","E"],"character_chosen":"WATCHER","items_purchased":["PrismaticShard"],"campfire_rested":0,"item_purchase_floors":[14],"current_hp_per_floor":[72,54,54,54,51,40,40,39,39,39,38,38,38,38,38,29,72,72,72,72,53,53,53,41,41,41,41,41,14,14],"gold":242,"neow_bonus":"NOSTALGIA","is_daily":false,"chose_seed":false,"campfire_upgraded":6,"win_rate":0.0,"timestamp":1608838239,"path_taken":["M","M","?","?","M","E","R","M","T","R","M","E","M","$","R","BOSS","M","?","?","M","?","R","E","R","T","R","M","E"],"items_purchased_type":["Relic"],"build_version":"2020-12-22","purchased_purges":1,"victory":false,"max_hp_per_floor":[72,72,72,72,72,72,72,72,72,72,72,72,72,72,72,72,72,72,72,72,72,72,72,72,72,72,72,72,72,72],"card_choices":[{"not_picked":["EmptyBody","ClearTheMind"],"picked":"Prostrate","floor":1},{"not_picked":["Crescendo","CutThroughFate"],"picked":"Prostrate","floor":2},{"not_picked":["MasterReality","WindmillStrike"],"picked":"Wallop","floor":5},{"not_picked":["Omniscience","Worship"],"picked":"Evaluate","floor":6},{"not_picked":["ClearTheMind","Consecrate","FlyingSleeves"],"picked":"SKIP","floor":8},{"not_picked":["Adaptation","Consecrate","Collect"],"picked":"SKIP","floor":11},{"not_picked":["Worship","Scrawl"],"picked":"Wallop","floor":12},{"not_picked":["EmptyFist","FlurryOfBlows"],"picked":"ReachHeaven","floor":13},{"not_picked":["Amplify","Chrysalis"],"picked":"Core Surge","floor":16},{"not_picked":["Setup","Wireheading","Rebound+1"],"picked":"SKIP","floor":18},{"not_picked":["Perseverance","SignatureMove"],"picked":"Leap+1","floor":21},{"not_picked":["Headbutt","BattleHymn","Feel No Pain"],"picked":"SKIP","floor":24},{"not_picked":["WaveOfTheHand+1","Bane"],"picked":"Wild Strike+1","floor":28}],"player_experience":218504,"relics_obtained":[{"floor":6,"key":"hubris:BottledRain"},{"floor":9,"key":"Smiling Mask"},{"floor":12,"key":"vexMod:MemoryStick"},{"floor":24,"key":"hubris:SphereOfDissonance"},{"floor":26,"key":"The Courier"}],"event_choices":[{"cards_removed":["Strike_P"],"damage_healed":0,"gold_gain":0,"player_choice":"Gave Gold","damage_taken":0,"max_hp_gain":0,"max_hp_loss":0,"event_name":"Beggar","floor":22,"gold_loss":75}],"is_beta":false,"boss_relics":[{"not_picked":["Cursed Key","hubris:TerracottaHorce"],"picked":"hubris:Backtick"}],"items_purged_floors":[14],"is_endless":false,"potions_floor_spawned":[2,6,8,16,18,24],"killed_by":"Slavers","ascension_level":3}}