{"host":"kiauivt48syq9iz6","time":1608829650,"event":{"mods":["BaseMod","Conspire","Downfall","Hermit","Minty Spire (QoL Compilation)","Replay The Spire","SIMod","StSLib","The Animator","The Construct","The Cursed","The Runesmith","The Servant 0.9.4"],"gold_per_floor":[218,228,66,81,81,81,95,120,120,44,62,62,62,91,91,297,297,332,332,350,373,25,25,25,25],"floor_reached":24,"playtime":1074,"items_purged":[],"score":188,"play_id":"54f67a5e-5584-4cb7-8fe1-b1c14752b574","local_time":"20201224100730","is_ascension_mode":false,"campfire_choices":[{"data":"hermit:Snapshot","floor":6,"key":"SMITH"},{"data":"hermit:DeadOrAlive","floor":12,"key":"SMITH"},{"data":"hermit:TakeAim","floor":15,"key":"SMITH"},{"floor":23,"key":"REST"}],"circlet_count":0,"master_deck":["hermit:Strike_Hermit","hermit:Strike_Hermit","hermit:Strike_Hermit","hermit:Strike_Hermit","hermit:Defend_Hermit","hermit:Defend_Hermit","hermit:Defend_Hermit","hermit:Defend_Hermit","hermit:Snapshot+1","hermit:Covet","hermit:Manifest","hermit:Enervate","hermit:Combo","hermit:Vantage","hermit:Vantage","hermit:TrackingShot","hermit:Gestalt","Injury","hermit:WideOpen","hermit:TakeAim+1","hermit:DeadOrAlive+1","ReplayTheSpireMod:Splinters","hermit:Roulette","hermit:Reprieve","hermit:PistolWhip+1","Pain","hermit:Malice+1","hermit:DeadMansHand","hermit:Quickdraw"],"relics":["hermit:Momento","Golden Idol","Kunai","FossilizedHelix","conspire:RunicOctahedron","WarpedTongs","HandDrill","Regal Pillow"],"acts_visited":["Exordium","TheCity"],"potions_floor_usage":[21,21],"damage_taken":[{"damage":0,"enemies":"Small Slimes","floor":1,"turns":3},{"damage":0,"enemies":"2 Louse","floor":2,"turns":2},{"damage":0,"enemies":"Cultist","floor":4,"turns":4},{"damage":5,"enemies":"Red Slaver","floor":7,"turns":5},{"damage":1,"enemies":"Blue Slaver","floor":8,"turns":5},{"damage":1,"enemies":"Exordium Wildlife","floor":11,"turns":4},{"damage":62,"enemies":"Slime Boss","floor":16,"turns":13},{"damage":23,"enemies":"2 Thieves","floor":18,"turns":5},{"damage":9,"enemies":"Chosen","floor":20,"turns":8},{"damage":23,"enemies":"Snake Plant","floor":21,"turns":4},{"damage":80,"enemies":"Book of Stabbing","floor":24,"turns":7}],"seed_played":"5729538728494244693","potions_obtained":[{"floor":7,"key":"FearPotion"},{"floor":8,"key":"LiquidBronze"},{"floor":16,"key":"sneckomod:MuddlingPotion"}],"is_trial":false,"path_per_floor":["M","M","$","M","?","R","M","M","T","$","M","R","?","?","R","B",null,"M","?","M","M","$","R","E"],"character_chosen":"HERMIT","items_purchased":["hermit:Combo","hermit:Vantage","hermit:TrackingShot","hermit:TakeAim","HandDrill","hermit:Quickdraw","Regal Pillow"],"campfire_rested":1,"item_purchase_floors":[3,3,3,10,22,22,22],"current_hp_per_floor":[75,75,75,75,75,75,70,69,69,69,68,68,73,73,73,11,80,57,57,64,57,57,80,0,0],"gold":25,"neow_bonus":"HUNDRED_GOLD","is_daily":false,"chose_seed":false,"campfire_upgraded":3,"win_rate":0.0,"timestamp":1608829650,"path_taken":["M","M","$","M","?","R","M","M","T","$","M","R","?","?","R","BOSS","M","?","M","M","$","R","E"],"items_purchased_type":["Card","Card","Card","Card","Relic","Card","Relic"],"build_version":"2020-12-22","purchased_purges":0,"victory":false,"max_hp_per_floor":[75,75,75,75,75,75,75,75,75,75,75,75,80,80,80,80,80,80,80,80,80,80,80,80,80],"card_choices":[{"not_picked":["hermit:SprayPray","hermit:FullyLoaded"],"picked":"hermit:Manifest","floor":1},{"not_picked":["hermit:Coalescence","hermit:Midnight"],"picked":"hermit:Enervate","floor":2},{"not_picked":["hermit:Snipe","hermit:Roulette"],"picked":"hermit:Gestalt","floor":4},{"not_picked":["hermit:GoldenBullet","hermit:HighCaliber"],"picked":"hermit:WideOpen","floor":7},{"not_picked":["hermit:Horror","hermit:Headshot","hermit:HighCaliber"],"picked":"SKIP","floor":8},{"not_picked":["hermit:Ricochet","hermit:Grudge"],"picked":"hermit:DeadOrAlive","floor":11},{"not_picked":["hermit:LowProfile","hermit:ItchyTrigger"],"picked":"hermit:Roulette","floor":14},{"not_picked":["hermit:HeroicBravado","hermit:Adapt"],"picked":"hermit:Reprieve","floor":16},{"not_picked":["hermit:Malice","hermit:Vantage+1"],"picked":"hermit:PistolWhip+1","floor":18},{"not_picked":["hermit:SprayPray","hermit:ItchyTrigger"],"picked":"hermit:Malice+1","floor":20},{"not_picked":["hermit:Misfire","hermit:Snipe"],"picked":"hermit:DeadMansHand","floor":21}],"player_experience":48210,"relics_obtained":[{"floor":9,"key":"Kunai"},{"floor":14,"key":"FossilizedHelix"}],"event_choices":[{"damage_healed":0,"gold_gain":0,"player_choice":"Take Wound","damage_taken":0,"relics_obtained":["Golden Idol"],"max_hp_gain":0,"max_hp_loss":0,"event_name":"Golden Idol","floor":5,"gold_loss":0,"cards_obtained":["Injury"]},{"damage_healed":0,"gold_gain":0,"player_choice":"Donut","damage_taken":0,"max_hp_gain":5,"max_hp_loss":0,"event_name":"Big Fish","floor":13,"gold_loss":0},{"damage_healed":0,"gold_gain":0,"player_choice":"Rummage","damage_taken":0,"relics_obtained":["WarpedTongs"],"max_hp_gain":0,"max_hp_loss":0,"event_name":"Accursed Blacksmith","floor":19,"gold_loss":0,"cards_obtained":["Pain"]}],"is_beta":false,"boss_relics":[{"not_picked":["Calling Bell","Cursed Key"],"picked":"conspire:RunicOctahedron"}],"items_purged_floors":[],"is_endless":false,"potions_floor_spawned":[7,8,16,18,20],"killed_by":"Book of Stabbing","ascension_level":0}}