{"host":"l66odvkqh04jpxx0","time":1608791479,"event":{"mods":["BaseMod","Colored Powertips","Conspire","Luminous","Minty Spire (QoL Compilation)","Replay The Spire","StSLib","The Construct","The Cursed","The Mystic","The Servant 0.9.4"],"gold_per_floor":[114,114,37,37,37,37,312,331,331,349,362,374,386,401,401,401,401],"floor_reached":16,"playtime":1013,"items_purged":[],"score":144,"play_id":"27353e65-9b2c-4f98-982a-7928ff913125","local_time":"20201224143119","is_ascension_mode":false,"campfire_choices":[{"data":"Flame Barrier","floor":6,"key":"SMITH"},{"floor":15,"key":"REST"}],"circlet_count":0,"master_deck":["conspire:GhostlyStrike","conspire:GhostlyStrike","conspire:GhostlyStrike","conspire:GhostlyStrike","conspire:GhostlyStrike","conspire:GhostlyDefend","conspire:GhostlyDefend","conspire:GhostlyDefend","conspire:GhostlyDefend","Bash","CommonCold","Cleave","Bash","Headbutt","Flame Barrier+1","Regret","Infernal Blade","Blood for Blood","Whirlwind","Ghostly Armor","Life Link","Massacre"],"relics":["Burning Blood","WingedGreaves","Nunchaku"],"acts_visited":["Exordium"],"potions_floor_usage":[14],"damage_taken":[{"damage":5,"enemies":"Small Slimes","floor":1,"turns":4},{"damage":7,"enemies":"Cultist","floor":8,"turns":5},{"damage":0,"enemies":"2 Louse","floor":10,"turns":2},{"damage":19,"enemies":"Blue Slaver","floor":11,"turns":3},{"damage":14,"enemies":"2 Fungi Beasts","floor":12,"turns":3},{"damage":9,"enemies":"Gremlin Gang","floor":13,"turns":5},{"damage":19,"enemies":"Exordium Wildlife","floor":14,"turns":4},{"damage":70,"enemies":"The Guardian","floor":16,"turns":5}],"seed_played":"122672818674627049","potions_obtained":[{"floor":1,"key":"SneckoOil"},{"floor":8,"key":"construct:ShiftPotion"},{"floor":10,"key":"LiquidMemories"},{"floor":13,"key":"Strength Potion"}],"is_trial":false,"path_per_floor":["M","?","$","?","$","R","?","M","T","M","M","M","M","M","R","B"],"character_chosen":"IRONCLAD","items_purchased":["Flame Barrier"],"campfire_rested":1,"item_purchase_floors":[3],"current_hp_per_floor":[80,80,80,80,80,80,80,79,79,80,67,59,56,43,67,0,0],"gold":401,"neow_bonus":"ONE_RARE_RELIC","is_daily":false,"chose_seed":false,"campfire_upgraded":1,"win_rate":0.0,"timestamp":1608791479,"path_taken":["M","?","?","?","?","R","?","M","T","M","M","?","M","M","R","BOSS"],"items_purchased_type":["Card"],"build_version":"2020-12-22","purchased_purges":0,"victory":false,"max_hp_per_floor":[80,80,80,80,80,80,80,80,80,80,80,80,80,80,80,80,80],"card_choices":[{"not_picked":["Replay:Undeath\u0027s Touch","Clash"],"picked":"Cleave","floor":1},{"not_picked":["Anger","Headbutt"],"picked":"Infernal Blade","floor":8},{"not_picked":["Entrench","Clash"],"picked":"Blood for Blood","floor":10},{"not_picked":["Intimidate","Anger"],"picked":"Whirlwind","floor":11},{"not_picked":["Cleave","Warcry"],"picked":"Ghostly Armor","floor":12},{"not_picked":["Reckless Charge","Iron Wave"],"picked":"Life Link","floor":13},{"not_picked":["Dropkick","ReplayTheSpireMod:Strike From Hell"],"picked":"Massacre","floor":14}],"player_experience":30808,"relics_obtained":[{"floor":9,"key":"Nunchaku"}],"event_choices":[{"damage_healed":0,"gold_gain":0,"player_choice":"2 cards matched","damage_taken":0,"max_hp_gain":0,"max_hp_loss":0,"event_name":"Match and Keep!","floor":2,"gold_loss":0,"cards_obtained":["Bash","Headbutt"]},{"damage_healed":0,"gold_gain":0,"player_choice":"Agree","damage_taken":0,"max_hp_gain":0,"max_hp_loss":0,"event_name":"conspire:LoneGhost","floor":4,"gold_loss":0},{"damage_healed":0,"gold_gain":275,"player_choice":"Desecrate","damage_taken":0,"max_hp_gain":0,"max_hp_loss":0,"event_name":"Golden Shrine","floor":7,"gold_loss":0,"cards_obtained":["Regret"]}],"is_beta":false,"boss_relics":[],"items_purged_floors":[],"is_endless":false,"potions_floor_spawned":[1,8,10,13],"killed_by":"The Guardian","ascension_level":0}}