{"host":"d8hh7rr4yzitjeuj","time":1608790800,"event":{"mods":["2.2 Compatiblity","AchievementEnabler","BaseMod","CapriCore","Colored Map","Colored Powertips","Highlight Path","Keyboard Shortcuts","Minty Spire (QoL Compilation)","Permanent Neow","Quick Restart","StSLib","SuperFastMode"],"gold_per_floor":[361,379,393,72,86,86,116,183,238,252,252,252,277,75,75,152,152,163,174,74,74,124,124,141,141,141,141,56,87,111,124,124,200,200,213,14,14,14,25,25,54,54,105,105,138,138,138,150,150,150,150,150,150,0,29,29],"floor_reached":57,"playtime":2624,"items_purged":["Strike_B","Strike_B","Strike_B+1","Lockon"],"score":2772,"play_id":"1ebb1ca6-8ca6-4bf4-b081-932a1b45c96a","local_time":"20201224152000","is_ascension_mode":true,"campfire_choices":[{"data":"Sunder","floor":6.0,"key":"SMITH"},{"data":"Zap","floor":11.0,"key":"SMITH"},{"data":"Recycle","floor":15.0,"key":"SMITH"},{"data":"Coolheaded","floor":23.0,"key":"SMITH"},{"data":"Meteor Strike","floor":25.0,"key":"SMITH"},{"floor":32.0,"key":"REST"},{"data":"Skim","floor":40.0,"key":"SMITH"},{"floor":42.0,"key":"RECALL"},{"floor":44.0,"key":"REST"},{"floor":47.0,"key":"REST"},{"floor":49.0,"key":"REST"},{"data":"Skim","floor":53.0,"key":"SMITH"}],"circlet_count":0,"master_deck":["AscendersBane","Defend_B","Defend_B","Defend_B","Defend_B","Zap+1","Dualcast","Sunder+1","Sweeping Beam","Cold Snap+1","Sweeping Beam","Loop+1","Core Surge","Meteor Strike+1","Defragment+1","Recycle+1","Defragment+1","Echo Form+1","Coolheaded+1","Skim+1","Coolheaded","CurseOfTheBell","Seek","Skim+1","Madness","Madness","Hologram+1","Coolheaded+1"],"relics":["Cracked Core","Frozen Egg 2","Letter Opener","Whetstone","Anchor","Snecko Eye","Question Card","Centennial Puzzle","Pear","Pen Nib","Calling Bell","Omamori","Molten Egg 2","CaptainsWheel","Mango","Juzu Bracelet","Mummified Hand","Gremlin Horn"],"acts_visited":["Exordium","TheCity","TheBeyond","TheEnding"],"potions_floor_usage":[56,56],"damage_taken":[{"damage":1.0,"enemies":"Cultist","floor":1.0,"turns":3.0},{"damage":4.0,"enemies":"2 Louse","floor":2.0,"turns":2.0},{"damage":4.0,"enemies":"Jaw Worm","floor":3.0,"turns":3.0},{"damage":10.0,"enemies":"2 Fungi Beasts","floor":5.0,"turns":3.0},{"damage":9.0,"enemies":"Gremlin Nob","floor":7.0,"turns":3.0},{"damage":0.0,"enemies":"Gremlin Gang","floor":10.0,"turns":3.0},{"damage":20.0,"enemies":"Lagavulin","floor":13.0,"turns":5.0},{"damage":8.0,"enemies":"Hexaghost","floor":16.0,"turns":9.0},{"damage":2.0,"enemies":"Chosen","floor":18.0,"turns":3.0},{"damage":13.0,"enemies":"Shell Parasite","floor":19.0,"turns":3.0},{"damage":0.0,"enemies":"Centurion and Healer","floor":24.0,"turns":4.0},{"damage":26.0,"enemies":"Book of Stabbing","floor":29.0,"turns":5.0},{"damage":2.0,"enemies":"Cultist and Chosen","floor":31.0,"turns":4.0},{"damage":0.0,"enemies":"Champ","floor":33.0,"turns":8.0},{"damage":0.0,"enemies":"3 Darklings","floor":35.0,"turns":4.0},{"damage":6.0,"enemies":"3 Shapes","floor":39.0,"turns":4.0},{"damage":39.0,"enemies":"Nemesis","floor":41.0,"turns":3.0},{"damage":32.0,"enemies":"Giant Head","floor":45.0,"turns":6.0},{"damage":0.0,"enemies":"Maw","floor":46.0,"turns":2.0},{"damage":1.0,"enemies":"4 Shapes","floor":48.0,"turns":3.0},{"damage":42.0,"enemies":"Time Eater","floor":50.0,"turns":11.0},{"damage":9.0,"enemies":"Donu and Deca","floor":51.0,"turns":5.0},{"damage":39.0,"enemies":"Shield and Spear","floor":55.0,"turns":3.0},{"damage":16,"enemies":"The Heart","floor":56,"turns":8}],"seed_played":"-4182781086047095030","potions_obtained":[{"floor":2.0,"key":"Dexterity Potion"},{"floor":3.0,"key":"DistilledChaos"},{"floor":7.0,"key":"PowerPotion"},{"floor":16.0,"key":"Block Potion"},{"floor":19.0,"key":"LiquidMemories"},{"floor":33.0,"key":"Strength Potion"},{"floor":45.0,"key":"SmokeBomb"},{"floor":48.0,"key":"Dexterity Potion"}],"is_trial":false,"path_per_floor":["M","M","M","$","M","R","E","?","T","M","R","?","E","$","R","B",null,"M","M","$","?","?","R","M","R","T","?","?","E","T","M","R","B",null,"M","$","?","T","M","R","E","R","T","R","E","M","R","M","R","B","B",null,"R","$","E","B",null],"character_chosen":"DEFECT","items_purchased":["Frozen Egg 2","Cold Snap","Recycle","Defragment+1","Skim"],"campfire_rested":4,"item_purchase_floors":[4,4,14,14,36],"current_hp_per_floor":[63,59,55,55,45,45,36,36,36,36,36,36,16,16,16,8,50,48,35,35,48,42,42,42,42,42,42,42,26,26,24,46,46,67,67,67,54,54,48,48,23,23,23,49,17,17,43,42,68,26,17,70,70,70,31,15],"gold":29,"neow_bonus":"TWO_FIFTY_GOLD","is_daily":false,"chose_seed":false,"campfire_upgraded":7,"win_rate":0.0,"timestamp":1608790800,"path_taken":["M","?","M","$","M","R","E","?","T","M","R","?","E","$","R","BOSS","M","M","$","?","?","R","?","R","T","?","?","E","?","?","R","BOSS","M","$","?","?","M","R","E","R","T","R","E","M","R","M","R","BOSS","BOSS","R","$","E","BOSS"],"items_purchased_type":["Relic","Card","Card","Card","Card"],"build_version":"2020-12-22","purchased_purges":4,"victory":true,"max_hp_per_floor":[64,64,64,64,64,64,64,64,64,64,64,64,64,64,64,64,64,64,64,64,64,64,64,64,64,64,64,64,74,74,74,74,74,74,74,74,74,74,74,74,88,88,88,88,88,88,88,88,88,88,88,88,88,88,88,88],"card_choices":[{"not_picked":["Turbo","Hello World"],"picked":"Sunder","floor":1.0},{"not_picked":["Gash","Steam"],"picked":"Sweeping Beam","floor":2.0},{"not_picked":["Streamline","Coolheaded"],"picked":"Lockon","floor":3.0},{"not_picked":["Gash","Recycle"],"picked":"Sweeping Beam","floor":5.0},{"not_picked":["Conserve Battery","Genetic Algorithm"],"picked":"Loop+1","floor":7.0},{"not_picked":["FTL","Stack"],"picked":"Core Surge","floor":10.0},{"not_picked":["Genetic Algorithm","Melter"],"picked":"Defragment+1","floor":13.0},{"not_picked":["Core Surge","Amplify"],"picked":"Echo Form+1","floor":16.0},{"not_picked":["Steam","Static Discharge+1","BootSequence"],"picked":"SKIP","floor":18.0},{"not_picked":["Go for the Eyes","Steam"],"picked":"Coolheaded","floor":19.0},{"not_picked":["White Noise","Cold Snap","Scrape"],"picked":"SKIP","floor":24.0},{"not_picked":["Blizzard","Aggregate","Lockon+1"],"picked":"Skim","floor":29.0},{"not_picked":["Sweeping Beam","Conserve Battery","Skim"],"picked":"Coolheaded","floor":31.0},{"not_picked":["Hologram","Beam Cell+1","Ball Lightning+1"],"picked":"Seek","floor":35.0},{"not_picked":["Conserve Battery","Go for the Eyes+1","Sweeping Beam+1","Beam Cell+1"],"picked":"SKIP","floor":39.0},{"not_picked":["Hello World+1","Self Repair+1","Coolheaded","Seek"],"picked":"SKIP","floor":41.0},{"not_picked":["Steam+1","Redo","Gash+1","All For One+1"],"picked":"SKIP","floor":45.0},{"not_picked":["Steam Power","Reprogram","Streamline+1"],"picked":"Hologram+1","floor":48.0},{"not_picked":["Sweeping Beam+1","Rip and Tear+1","Doom and Gloom+1"],"picked":"Coolheaded+1","floor":55.0}],"player_experience":1379465,"relics_obtained":[{"floor":7.0,"key":"Letter Opener"},{"floor":9.0,"key":"Whetstone"},{"floor":13.0,"key":"Anchor"},{"floor":26.0,"key":"Question Card"},{"floor":29.0,"key":"Pear"},{"floor":30.0,"key":"Pen Nib"},{"floor":34.0,"key":"Omamori"},{"floor":34.0,"key":"Molten Egg 2"},{"floor":34.0,"key":"CaptainsWheel"},{"floor":41.0,"key":"Mango"},{"floor":43.0,"key":"Juzu Bracelet"},{"floor":45.0,"key":"Mummified Hand"},{"floor":55.0,"key":"Gremlin Horn"}],"event_choices":[{"damage_healed":0.0,"max_hp_gain":0.0,"max_hp_loss":0.0,"gold_gain":67.0,"event_name":"Golden Wing","player_choice":"Gained Gold","floor":8.0,"gold_loss":0.0,"damage_taken":0.0},{"damage_healed":0.0,"max_hp_gain":0.0,"max_hp_loss":0.0,"gold_gain":0.0,"cards_transformed":["Strike_B"],"event_name":"Living Wall","player_choice":"Change","floor":12.0,"gold_loss":0.0,"damage_taken":0.0,"cards_obtained":["Meteor Strike"]},{"damage_healed":13.0,"max_hp_gain":0.0,"max_hp_loss":0.0,"gold_gain":0.0,"event_name":"The Library","player_choice":"Heal","floor":21.0,"gold_loss":0.0,"damage_taken":0.0},{"damage_healed":0.0,"max_hp_gain":0.0,"max_hp_loss":0.0,"gold_gain":50.0,"event_name":"FaceTrader","player_choice":"Touch","floor":22.0,"gold_loss":0.0,"damage_taken":6.0},{"damage_healed":0.0,"max_hp_gain":0.0,"max_hp_loss":0.0,"gold_gain":0.0,"event_name":"Cursed Tome","player_choice":"Ignored","floor":27.0,"gold_loss":0.0,"damage_taken":0.0},{"damage_healed":0.0,"max_hp_gain":0.0,"max_hp_loss":0.0,"gold_gain":0.0,"event_name":"Addict","player_choice":"Obtained Relic","floor":28.0,"gold_loss":85.0,"damage_taken":0.0,"relics_obtained":["Centennial Puzzle"]},{"damage_healed":0.0,"max_hp_gain":0.0,"max_hp_loss":0.0,"gold_gain":0.0,"event_name":"Winding Halls","player_choice":"Embrace Madness","floor":37.0,"gold_loss":0.0,"damage_taken":13.0,"cards_obtained":["Madness","Madness"]}],"is_beta":false,"boss_relics":[{"not_picked":["Velvet Choker","Runic Dome"],"picked":"Snecko Eye"},{"not_picked":["Busted Crown","Coffee Dripper"],"picked":"Calling Bell"}],"items_purged_floors":[14,20,36,54],"is_endless":false,"potions_floor_spawned":[2,3,7,16,19,33,35,45,48],"ascension_level":20}}