{"host":"q9718omregw4er46","time":1608823196,"event":{"mods":["BaseMod","Colored Powertips","Minty Spire (QoL Compilation)","Quick Restart","Relic Stats"],"gold_per_floor":[116,116,136,146,160,195,214,214,239,289,85,113,113,144,144,220,220,239,189,2,15,15,15,43,43,43,71,71,71,71,84,84,158,158,172,172,0,0,10,42,42,73,99,109,109,109,109,134,134,134,134],"floor_reached":50,"playtime":2125,"items_purged":["Strike_B","Strike_B"],"score":1214,"play_id":"344707a1-c624-4203-a6d0-211b072dba74","local_time":"20201224201956","is_ascension_mode":true,"campfire_choices":[{"floor":8.0,"key":"REST"},{"floor":13.0,"key":"REST"},{"floor":15.0,"key":"REST"},{"data":"White Noise","floor":23.0,"key":"SMITH"},{"data":"Electrodynamics","floor":25.0,"key":"SMITH"},{"data":"Ghostly","floor":32,"key":"SMITH"},{"floor":41,"key":"REST"},{"data":"Seek","floor":45,"key":"SMITH"},{"data":"Ghostly","floor":47,"key":"SMITH"},{"floor":49,"key":"RECALL"}],"circlet_count":0,"master_deck":["AscendersBane","Defend_B","Defend_B","Defend_B","Zap","Dualcast","Ball Lightning","Reboot","Electrodynamics+1","Doom and Gloom","Echo Form","Meteor Strike","Double Energy+1","White Noise+1","Self Repair+1","Echo Form","Chill","Glacier","Ghostly+1","Ghostly+1","Ghostly","Sweeping Beam+1","Fusion+1","Redo+1","FTL+1","Madness","Madness","Hologram+1","Seek+1","Turbo"],"relics":["Runic Pyramid","Singing Bowl","Bronze Scales","Juzu Bracelet","Vajra","Philosopher\u0027s Stone","Dream Catcher","PreservedInsect","Pantograph","Astrolabe","Red Mask","Girya","Orichalcum","Smiling Mask","Ancient Tea Set"],"acts_visited":["Exordium","TheCity","TheBeyond"],"potions_floor_usage":[27,27,40,50],"damage_taken":[{"damage":4.0,"enemies":"Small Slimes","floor":1.0,"turns":4.0},{"damage":1.0,"enemies":"Cultist","floor":3.0,"turns":3.0},{"damage":1.0,"enemies":"2 Louse","floor":4.0,"turns":3.0},{"damage":27.0,"enemies":"Exordium Thugs","floor":5.0,"turns":5.0},{"damage":25.0,"enemies":"3 Sentries","floor":6.0,"turns":6.0},{"damage":4.0,"enemies":"3 Louse","floor":7.0,"turns":3.0},{"damage":15.0,"enemies":"Lagavulin","floor":12.0,"turns":6.0},{"damage":20.0,"enemies":"3 Sentries","floor":14.0,"turns":4.0},{"damage":17.0,"enemies":"Hexaghost","floor":16.0,"turns":9.0},{"damage":22.0,"enemies":"2 Thieves","floor":18.0,"turns":3.0},{"damage":0.0,"enemies":"Spheric Guardian","floor":21.0,"turns":3.0},{"damage":31.0,"enemies":"Gremlin Leader","floor":24.0,"turns":4.0},{"damage":17,"enemies":"Slavers","floor":27,"turns":3},{"damage":1,"enemies":"Snake Plant","floor":31,"turns":4},{"damage":5,"enemies":"Champ","floor":33,"turns":12},{"damage":1,"enemies":"3 Darklings","floor":35,"turns":3},{"damage":9,"enemies":"Orb Walker","floor":39,"turns":4},{"damage":39,"enemies":"Nemesis","floor":40,"turns":7},{"damage":2,"enemies":"Reptomancer","floor":42,"turns":4},{"damage":20,"enemies":"Sphere and 2 Shapes","floor":44,"turns":5},{"damage":0,"enemies":"Giant Head","floor":48,"turns":6},{"damage":65,"enemies":"Awakened One","floor":50,"turns":11}],"seed_played":"1895225137480596550","potions_obtained":[{"floor":5.0,"key":"FocusPotion"},{"floor":6.0,"key":"Block Potion"},{"floor":14.0,"key":"FocusPotion"},{"floor":16.0,"key":"Weak Potion"},{"floor":18.0,"key":"Fruit Juice"},{"floor":21.0,"key":"SteroidPotion"},{"floor":33,"key":"DuplicationPotion"},{"floor":35,"key":"Ancient Potion"},{"floor":39,"key":"DistilledChaos"},{"floor":40,"key":"FocusPotion"}],"is_trial":false,"path_per_floor":["M","?","M","M","M","E","M","R","T","?","$","E","R","E","R","B",null,"M","?","$","M","?","R","E","R","T","E","T","?","?","M","R","B",null,"M","?","?","?","M","E","R","E","T","M","R","?","R","E","R","B"],"character_chosen":"DEFECT","items_purchased":["Doom and Gloom","LiquidMemories","White Noise"],"campfire_rested":4,"item_purchase_floors":[11,11,20],"current_hp_per_floor":[60,60,59,58,31,6,4,25,25,18,18,3,24,6,28,11,59,37,37,37,42,42,42,31,31,31,34,34,34,34,42,42,44,44,44,44,44,36,46,17,32,48,48,38,38,38,38,50,50,0,0],"gold":134,"neow_bonus":"BOSS_RELIC","is_daily":false,"chose_seed":false,"campfire_upgraded":5,"win_rate":0.0,"timestamp":1608823196,"path_taken":["M","?","M","?","M","E","M","R","T","?","?","E","R","E","R","BOSS","M","?","$","M","?","R","E","R","T","E","?","?","?","M","R","BOSS","M","?","?","?","M","E","R","E","T","M","R","?","R","E","R","BOSS"],"items_purchased_type":["Card","Potion","Card"],"build_version":"2020-12-22","purchased_purges":2,"victory":false,"max_hp_per_floor":[71,71,71,71,71,71,73,73,73,73,73,73,73,75,75,75,75,75,75,75,80,80,80,80,80,80,80,80,80,40,42,42,44,44,44,44,44,44,46,46,48,48,48,48,48,48,48,50,50,50,50],"relic_stats":{"Dream Catcher":1,"Singing Bowl":14,"counters":[22,112],"Bronze Scales":[256],"Pantograph":0,"Astrolabe":["Sweeping Beam","Fusion","Redo"],"PreservedInsect":242,"Juzu Bracelet":2,"Orichalcum":[24],"Smiling Mask":0,"obtain_stats":[{"Girya":40,"Singing Bowl":6,"Astrolabe":34,"Vajra":14,"PreservedInsect":27,"Juzu Bracelet":12,"Orichalcum":42,"Smiling Mask":43,"Ancient Tea Set":48,"Dream Catcher":24,"Bronze Scales":9,"Pantograph":28,"Philosopher\u0027s Stone":17,"Red Mask":37,"Cracked Core":0,"Runic Pyramid":0},{"Girya":18,"Singing Bowl":5,"Astrolabe":15,"Vajra":8,"PreservedInsect":13,"Juzu Bracelet":7,"Orichalcum":19,"Smiling Mask":19,"Ancient Tea Set":21,"Dream Catcher":12,"Bronze Scales":6,"Pantograph":13,"Philosopher\u0027s Stone":9,"Red Mask":16,"Cracked Core":0,"Runic Pyramid":0},{"Girya":86,"Singing Bowl":21,"Astrolabe":72,"Vajra":34,"PreservedInsect":56,"Juzu Bracelet":30,"Orichalcum":90,"Smiling Mask":90,"Ancient Tea Set":101,"Dream Catcher":53,"Bronze Scales":24,"Pantograph":56,"Philosopher\u0027s Stone":43,"Red Mask":75,"Cracked Core":0,"Runic Pyramid":0}]},"card_choices":[{"not_picked":["Hologram","Stack"],"picked":"Ball Lightning","floor":1.0},{"not_picked":["Conserve Battery","Compile Driver"],"picked":"Sweeping Beam","floor":3.0},{"not_picked":["Reinforced Body","Reprogram","Stack"],"picked":"SKIP","floor":4.0},{"not_picked":["Go for the Eyes","Conserve Battery"],"picked":"Reboot","floor":5.0},{"not_picked":["Loop","Tempest"],"picked":"Electrodynamics","floor":6.0},{"not_picked":["Blizzard","Steam Power","Hologram"],"picked":"Singing Bowl","floor":7.0},{"not_picked":["Storm","Hologram"],"picked":"Echo Form","floor":12.0},{"not_picked":["Sunder","Barrage","Reinforced Body"],"picked":"Singing Bowl","floor":14.0},{"not_picked":["Hyperbeam","Rainbow"],"picked":"Meteor Strike","floor":16.0},{"not_picked":["Hologram","Tempest"],"picked":"Double Energy","floor":18.0},{"not_picked":["Cold Snap","Coolheaded"],"picked":"Self Repair+1","floor":21.0},{"not_picked":["Cold Snap","Gash+1"],"picked":"Chill","floor":24.0},{"not_picked":["Storm","Reprogram"],"picked":"Glacier","floor":27},{"not_picked":["Sunder","Streamline","Leap"],"picked":"Singing Bowl","floor":31},{"not_picked":["Fission","Reboot","Multi-Cast"],"picked":"Singing Bowl","floor":33},{"not_picked":["Gash","Ball Lightning"],"picked":"FTL+1","floor":35},{"not_picked":["Darkness+1","Static Discharge","Barrage"],"picked":"Singing Bowl","floor":39},{"not_picked":["Self Repair","Rebound"],"picked":"Hologram+1","floor":40},{"not_picked":["Rebound","Stack","Sweeping Beam"],"picked":"Singing Bowl","floor":41},{"not_picked":["Barrage","Force Field+1"],"picked":"Seek","floor":42},{"not_picked":["Reprogram","Steam"],"picked":"Turbo","floor":44},{"not_picked":["Go for the Eyes","Stack+1","Hello World"],"picked":"Singing Bowl","floor":48}],"player_experience":1099538,"relics_obtained":[{"floor":6.0,"key":"Singing Bowl"},{"floor":9.0,"key":"Bronze Scales"},{"floor":12.0,"key":"Juzu Bracelet"},{"floor":14.0,"key":"Vajra"},{"floor":24.0,"key":"Dream Catcher"},{"floor":27,"key":"PreservedInsect"},{"floor":28,"key":"Pantograph"},{"floor":40,"key":"Girya"},{"floor":42,"key":"Orichalcum"},{"floor":43,"key":"Smiling Mask"},{"floor":48,"key":"Ancient Tea Set"}],"event_choices":[{"damage_healed":0.0,"max_hp_gain":0.0,"max_hp_loss":0.0,"gold_gain":0.0,"event_name":"Match and Keep!","player_choice":"0 cards matched","floor":2.0,"gold_loss":0.0,"damage_taken":0.0,"cards_obtained":[]},{"damage_healed":0.0,"max_hp_gain":0.0,"max_hp_loss":0.0,"gold_gain":50.0,"event_name":"FaceTrader","player_choice":"Touch","floor":10.0,"gold_loss":0.0,"damage_taken":7.0},{"damage_healed":0.0,"max_hp_gain":0.0,"max_hp_loss":0.0,"gold_gain":0.0,"event_name":"Designer","player_choice":"Upgrade","floor":19.0,"gold_loss":50.0,"damage_taken":0.0,"cards_upgraded":["Double Energy"]},{"damage_healed":0.0,"max_hp_gain":0.0,"max_hp_loss":0.0,"gold_gain":0.0,"event_name":"Duplicator","player_choice":"Copied","floor":22.0,"gold_loss":0.0,"damage_taken":0.0,"cards_obtained":["Echo Form"]},{"damage_healed":0,"gold_gain":0,"player_choice":"Ignored","damage_taken":0,"max_hp_gain":0,"max_hp_loss":0,"event_name":"The Mausoleum","floor":29,"gold_loss":0},{"damage_healed":0,"gold_gain":0,"player_choice":"Became a Ghost","damage_taken":0,"max_hp_gain":0,"max_hp_loss":40,"event_name":"Ghosts","floor":30,"gold_loss":0,"cards_obtained":["Ghostly","Ghostly","Ghostly"]},{"cards_removed":["Sweeping Beam"],"damage_healed":0,"gold_gain":0,"player_choice":"Card Removal","damage_taken":0,"max_hp_gain":0,"max_hp_loss":0,"event_name":"Wheel of Change","floor":36,"gold_loss":0},{"damage_healed":0,"gold_gain":0,"player_choice":"Paid","damage_taken":0,"relics_obtained":["Red Mask"],"max_hp_gain":0,"max_hp_loss":0,"event_name":"Tomb of Lord Red Mask","floor":37,"gold_loss":172},{"damage_healed":0,"gold_gain":0,"player_choice":"Embrace Madness","damage_taken":8,"max_hp_gain":0,"max_hp_loss":0,"event_name":"Winding Halls","floor":38,"gold_loss":0,"cards_obtained":["Madness","Madness"]},{"damage_healed":0,"gold_gain":0,"player_choice":"0 cards matched","damage_taken":0,"max_hp_gain":0,"max_hp_loss":0,"event_name":"Match and Keep!","floor":46,"gold_loss":0,"cards_obtained":[]}],"is_beta":false,"boss_relics":[{"not_picked":["Fusion Hammer","Coffee Dripper"],"picked":"Philosopher\u0027s Stone"},{"not_picked":["Black Star","Tiny House"],"picked":"Astrolabe"}],"items_purged_floors":[11,20],"is_endless":false,"potions_floor_spawned":[5,6,14,16,18,21,33,35,39,40,48],"killed_by":"Awakened One","ascension_level":20}}