{"host":"ufl0k2so27eic2iy","time":1608807633,"event":{"mods":["BaseMod","Minty Spire (QoL Compilation)","StSLib","The Animator"],"gold_per_floor":[130,130,150,174,194,194,40,86,86,86,98,98,114,124,124,201,201,184,184,194,194,221,221,221],"floor_reached":23,"playtime":1228,"items_purged":[],"score":363,"play_id":"81e0df7f-0224-4afd-a6a2-9d6ede87c0c6","local_time":"20201224110033","is_ascension_mode":true,"campfire_choices":[{"data":"animator:ShidoItsuka","floor":6,"key":"SMITH"},{"data":"animator:SuzuneAmano","floor":10,"key":"SMITH"},{"data":"animator:OrigamiTobiichi","floor":12,"key":"SMITH"},{"data":"animator:MeguKakizaki","floor":15,"key":"SMITH"}],"circlet_count":0,"master_deck":["AscendersBane","animator:Defend_DateALive","animator:Defend","animator:Defend","animator:Defend","animator:ShidoItsuka+1","animator:YamaiSisters","animator:SuzuneAmano+1","animator:KyokoSakura","animator:Spearman","animator:TohkaYatogami","animator:YamaiSisters","animator:Chung","animator:OrigamiTobiichi+1","animator:MeguKakizaki+1","animator:OrigamiTobiichi","animator:Rimuru","animator:Shuna+1","Bite","Bite","Bite","Bite","Bite","animator:JunSakurada+3","animator:YamaiSisters"],"relics":["animator:LivingPicture","animator:TheMissingPiece","ClockworkSouvenir","Dead Branch","Pocketwatch","Sozu","Red Mask"],"acts_visited":["Exordium","TheCity"],"potions_floor_usage":[8,14],"damage_taken":[{"damage":3,"enemies":"Jaw Worm","floor":1,"turns":4},{"damage":0,"enemies":"Cultist","floor":3,"turns":3},{"damage":3,"enemies":"2 Louse","floor":4,"turns":2},{"damage":7,"enemies":"Large Slime","floor":5,"turns":5},{"damage":8,"enemies":"Gremlin Nob","floor":8,"turns":3},{"damage":0,"enemies":"Red Slaver","floor":11,"turns":3},{"damage":1,"enemies":"Blue Slaver","floor":13,"turns":3},{"damage":0,"enemies":"Exordium Wildlife","floor":14,"turns":3},{"damage":37,"enemies":"Slime Boss","floor":16,"turns":10},{"damage":21,"enemies":"2 Thieves","floor":18,"turns":4},{"damage":0,"enemies":"3 Byrds","floor":20,"turns":5},{"damage":45,"enemies":"Masked Bandits","floor":22,"turns":6},{"damage":17,"enemies":"animator:HornedBat","floor":23,"turns":7}],"seed_played":"-1867386507156764776","potions_obtained":[{"floor":2,"key":"animator:GrowthPotion"},{"floor":2,"key":"SteroidPotion"},{"floor":3,"key":"SkillPotion"},{"floor":8,"key":"Fire Potion"},{"floor":14,"key":"BlessingOfTheForge"}],"is_trial":false,"path_per_floor":["M","?","M","M","M","R","$","E","T","R","M","R","M","M","R","B",null,"M","?","M","?","?","E"],"character_chosen":"THE_ANIMATOR","items_purchased":["ClockworkSouvenir"],"campfire_rested":0,"item_purchase_floors":[7],"current_hp_per_floor":[52,52,52,49,42,42,42,34,34,34,35,35,34,40,40,3,47,32,32,43,43,8,7,7],"gold":221,"neow_bonus":"THREE_CARDS","is_daily":false,"chose_seed":true,"campfire_upgraded":4,"win_rate":0.0,"timestamp":1608807633,"path_taken":["M","?","M","M","M","R","$","E","T","R","M","R","M","M","R","BOSS","M","?","M","?","?","E"],"items_purchased_type":["Relic"],"build_version":"2020-12-22","purchased_purges":0,"victory":false,"max_hp_per_floor":[61,61,61,61,61,61,61,61,61,61,62,62,62,62,62,62,62,62,43,43,43,43,43,43],"card_choices":[{"not_picked":["animator:Shuna","animator:Souseiseki"],"picked":"animator:SuzuneAmano","floor":0},{"not_picked":["animator:Hakurou","animator:Elsword"],"picked":"animator:KyokoSakura","floor":1},{"not_picked":["animator:Hakurou","animator:Lu"],"picked":"animator:Spearman","floor":3},{"not_picked":["animator:Mitsuba","animator:DwarfShaman"],"picked":"animator:TohkaYatogami","floor":4},{"not_picked":["animator:MikuIzayoi","animator:Natsumi"],"picked":"animator:YamaiSisters","floor":5},{"not_picked":["animator:Rena","animator:Priestess"],"picked":"animator:Chung","floor":8},{"not_picked":["animator:TomoeKashiwaba","animator:GazelDwargon"],"picked":"animator:OrigamiTobiichi","floor":11},{"not_picked":["animator:MadokaKaname","animator:Vesta"],"picked":"animator:MeguKakizaki","floor":13},{"not_picked":["animator:KotoriItsuka","animator:NiaHonjou"],"picked":"animator:OrigamiTobiichi","floor":14},{"not_picked":["animator:Shizu","animator:KurumiTokisaki"],"picked":"animator:Rimuru","floor":16},{"not_picked":["animator:Natsumi","animator:NagisaMomoe"],"picked":"animator:Shuna+1","floor":18},{"not_picked":["animator:Lu","animator:TomoeKashiwaba"],"picked":"animator:JunSakurada","floor":20},{"not_picked":["animator:TomoeKashiwaba","animator:IrohaTamaki"],"picked":"animator:YamaiSisters","floor":22}],"player_experience":2359699,"relics_obtained":[{"floor":8,"key":"Dead Branch"},{"floor":9,"key":"Pocketwatch"},{"floor":22,"key":"Red Mask"}],"event_choices":[{"damage_healed":0,"gold_gain":0,"player_choice":"Got Potions","damage_taken":0,"max_hp_gain":0,"max_hp_loss":0,"event_name":"Lab","floor":2,"gold_loss":0},{"damage_healed":0,"gold_gain":0,"player_choice":"Became a vampire","damage_taken":0,"max_hp_gain":0,"max_hp_loss":19,"event_name":"Vampires","floor":19,"gold_loss":0,"cards_obtained":["Bite","Bite","Bite","Bite","Bite"]},{"damage_healed":0,"gold_gain":0,"player_choice":"Read","damage_taken":0,"max_hp_gain":0,"max_hp_loss":0,"event_name":"The Library","floor":21,"gold_loss":0,"cards_obtained":["animator:JunSakurada"]},{"damage_healed":0,"gold_gain":0,"player_choice":"Fought Bandits","damage_taken":0,"max_hp_gain":0,"max_hp_loss":0,"event_name":"Masked Bandits","floor":22,"gold_loss":0}],"is_beta":false,"boss_relics":[{"not_picked":["SacredBark","Ectoplasm"],"picked":"Sozu"}],"items_purged_floors":[],"is_endless":false,"potions_floor_spawned":[3,5,8,11,14,20,22],"killed_by":"animator:HornedBat","ascension_level":15}}