{"host":"wkq136ike0ligh15","time":1608772882,"event":{"mods":["Bard","BaseMod","Clockwork Mod","Minty Spire (QoL Compilation)","StSLib"],"gold_per_floor":[110,127,147,163,183,183,213,71,98,110,125,141,156,156,156,257,257,275,46,46,46,64,64,64,64,64,90,101,101,101,101,101],"floor_reached":31,"playtime":904,"items_purged":[],"score":259,"play_id":"1a65ba62-cc5c-4ad7-81b0-f72da59a4c4b","local_time":"20201223202122","is_ascension_mode":false,"campfire_choices":[{"floor":6,"key":"REST"},{"floor":15,"key":"REST"},{"floor":23,"key":"REST"},{"data":"Zap","floor":25,"key":"SMITH"},{"floor":29,"key":"REST"}],"circlet_count":0,"master_deck":["Strike_B+1","Strike_B","Strike_B","Strike_B","Defend_B","Defend_B","Defend_B","Defend_B","Zap+1","Dualcast","Biased Cognition+1","Cold Snap","Loop","Ball Lightning","Gash","Steam","Doom and Gloom","Blizzard+1","Rebound","Conserve Battery","All For One","Leap+1","Genetic Algorithm","Stack","Shame","BootSequence","Steam+1","Storm"],"relics":["Cracked Core","MawBank","Sling","Anchor","Busted Crown","Whetstone","Centennial Puzzle","Matryoshka","Juzu Bracelet"],"acts_visited":["Exordium","TheCity"],"potions_floor_usage":[5,16,16,16,18,28],"damage_taken":[{"damage":0,"enemies":"2 Louse","floor":1,"turns":3},{"damage":5,"enemies":"Jaw Worm","floor":2,"turns":2},{"damage":6,"enemies":"Small Slimes","floor":3,"turns":3},{"damage":21,"enemies":"Exordium Wildlife","floor":4,"turns":3},{"damage":13,"enemies":"Lots of Slimes","floor":5,"turns":3},{"damage":6,"enemies":"3 Sentries","floor":7,"turns":6},{"damage":2,"enemies":"2 Fungi Beasts","floor":10,"turns":2},{"damage":0,"enemies":"3 Louse","floor":11,"turns":2},{"damage":0,"enemies":"Large Slime","floor":12,"turns":4},{"damage":0,"enemies":"Looter","floor":13,"turns":2},{"damage":16,"enemies":"Slime Boss","floor":16,"turns":8},{"damage":0,"enemies":"Chosen","floor":18,"turns":3},{"damage":21,"enemies":"Spheric Guardian","floor":22,"turns":4},{"damage":56,"enemies":"Gremlin Leader","floor":27,"turns":7},{"damage":14,"enemies":"Centurion and Healer","floor":28,"turns":5},{"damage":33,"enemies":"Slavers","floor":31,"turns":4}],"seed_played":"-1132958854923974708","potions_obtained":[{"floor":2,"key":"Regen Potion"},{"floor":10,"key":"Fire Potion"},{"floor":11,"key":"SteroidPotion"},{"floor":12,"key":"PowerPotion"},{"floor":16,"key":"Ancient Potion"},{"floor":27,"key":"FearPotion"}],"is_trial":false,"path_per_floor":["M","M","M","M","M","R","E","$","T","M","M","M","M","?","R","B",null,"M","$","?","?","M","R","?","R","T","E","M","R","?","E"],"character_chosen":"DEFECT","items_purchased":["Sling","Genetic Algorithm","Whetstone"],"campfire_rested":4,"item_purchase_floors":[8,19,19],"current_hp_per_floor":[75,70,64,43,35,57,51,51,51,49,49,49,49,34,56,40,75,75,75,75,75,54,75,75,75,75,19,5,27,27,0,0],"gold":101,"neow_bonus":"ONE_RANDOM_RARE_CARD","is_daily":false,"chose_seed":false,"campfire_upgraded":1,"win_rate":0.0,"timestamp":1608772882,"path_taken":["M","M","M","M","M","R","E","$","T","M","M","M","M","?","R","BOSS","M","$","?","?","M","R","?","R","T","E","M","R","?","E"],"items_purchased_type":["Relic","Card","Relic"],"build_version":"2020-12-22","purchased_purges":0,"victory":false,"max_hp_per_floor":[75,75,75,75,75,75,75,75,75,75,75,75,75,75,75,75,75,75,75,75,75,75,75,75,75,75,75,75,75,75,75,75],"card_choices":[{"not_picked":["Leap","Barrage"],"picked":"Cold Snap","floor":1},{"not_picked":["Barrage","Static Discharge"],"picked":"Loop","floor":2},{"not_picked":["Compile Driver","Stack"],"picked":"Ball Lightning","floor":3},{"not_picked":["Hologram","Defragment"],"picked":"Gash","floor":4},{"not_picked":["Hologram","BootSequence"],"picked":"Steam","floor":5},{"not_picked":["Reinforced Body","Multi-Cast"],"picked":"Doom and Gloom","floor":7},{"not_picked":["Stack","Compile Driver"],"picked":"Blizzard","floor":10},{"not_picked":["Defragment","Heatsinks"],"picked":"Scrape","floor":11},{"not_picked":["Tempest","Redo"],"picked":"Rebound","floor":12},{"not_picked":["Gash","Defragment"],"picked":"Conserve Battery","floor":13},{"not_picked":["Creative AI","Biased Cognition"],"picked":"All For One","floor":16},{"not_picked":[],"picked":"Leap+1","floor":18},{"not_picked":[],"picked":"Stack","floor":22},{"not_picked":[],"picked":"BootSequence","floor":27},{"not_picked":[],"picked":"Steam+1","floor":28}],"player_experience":227296,"relics_obtained":[{"floor":7,"key":"MawBank"},{"floor":9,"key":"Anchor"},{"floor":26,"key":"Matryoshka"},{"floor":27,"key":"Juzu Bracelet"}],"event_choices":[{"damage_healed":0,"gold_gain":0,"player_choice":"Entered Light","damage_taken":15,"max_hp_gain":0,"max_hp_loss":0,"event_name":"Shining Light","floor":14,"gold_loss":0,"cards_upgraded":["Biased Cognition","Scrape"]},{"damage_healed":0,"gold_gain":0,"player_choice":"Ignored","damage_taken":0,"max_hp_gain":0,"max_hp_loss":0,"event_name":"Ghosts","floor":20,"gold_loss":0},{"damage_healed":0,"gold_gain":0,"player_choice":"Stole Relic","damage_taken":0,"relics_obtained":["Centennial Puzzle"],"max_hp_gain":0,"max_hp_loss":0,"event_name":"Addict","floor":24,"gold_loss":0,"cards_obtained":["Shame"]},{"damage_healed":0,"gold_gain":0,"cards_transformed":["Scrape"],"player_choice":"Transformed","damage_taken":0,"max_hp_gain":0,"max_hp_loss":0,"event_name":"Transmorgrifier","floor":30,"gold_loss":0,"cards_obtained":["Storm"]}],"is_beta":false,"boss_relics":[{"not_picked":["Sozu","Coffee Dripper"],"picked":"Busted Crown"}],"items_purged_floors":[],"is_endless":false,"potions_floor_spawned":[2,10,11,12,16,27],"killed_by":"Slavers","ascension_level":0}}