{"host":"3y2rtlgteqp2nuo3","time":1608800296,"event":{"mods":["2.2 Compatiblity","AchievementEnabler","BaseMod","Colored Map","DeckTracker","Highlight Path","Keyboard Shortcuts","Minty Spire (QoL Compilation)","Permanent Neow","Quick Restart","StSLib","SuperFastMode","everything is the same but u backflip on backflip"],"gold_per_floor":[118,118,131,91,111,111,143,68,95,95,111,126,126,144,144,249,249,264,282,301,319,5,5,34,34,106,106,120,139,166,182,182,280,280,294,15,65,42,42,42,71,71,71,71,71,85,85,110,110,110],"floor_reached":51,"playtime":1584,"items_purged":["Strike_B","Strike_B"],"score":995,"play_id":"8978d18a-5cb2-4b8b-a47e-0ed8264ab6e0","local_time":"20201224175816","is_ascension_mode":true,"campfire_choices":[{"data":"Zap","floor":6.0,"key":"SMITH"},{"floor":10.0,"key":"REST"},{"data":"Fission","floor":13.0,"key":"SMITH"},{"data":"Dualcast","floor":15.0,"key":"SMITH"},{"data":"Coolheaded","floor":23.0,"key":"SMITH"},{"data":"Biased Cognition","floor":27.0,"key":"SMITH"},{"data":"Barrage","floor":32.0,"key":"SMITH"},{"floor":40,"key":"REST"},{"data":"Turbo","floor":42,"key":"SMITH"},{"data":"Reinforced Body","floor":44,"key":"SMITH"},{"floor":49,"key":"REST"}],"circlet_count":0,"master_deck":["Defend_B","Defend_B","Defend_B","Defend_B","Zap+1","Dualcast+1","Fission+1","Sweeping Beam","Rebound","Coolheaded+1","Electrodynamics","Barrage+1","Compile Driver","Biased Cognition+1","Ball Lightning+1","Coolheaded+1","Lockon+1","Core Surge","Leap","Conserve Battery+1","Doom and Gloom+1","Tempest+1","Core Surge","Auto Shields+1","Reinforced Body+1","Turbo+1","BootSequence+1"],"relics":["Cracked Core","Toy Ornithopter","Bird Faced Urn","Bag of Preparation","Empty Cage","OrangePellets","Red Mask","Kunai","Anchor","SlaversCollar","Regal Pillow","Thread and Needle","Pen Nib","PreservedInsect","Lizard Tail"],"acts_visited":["Exordium","TheCity","TheBeyond"],"potions_floor_usage":[50,50],"damage_taken":[{"damage":0.0,"enemies":"Small Slimes","floor":1.0,"turns":3.0},{"damage":1.0,"enemies":"Cultist","floor":3.0,"turns":3.0},{"damage":5.0,"enemies":"Jaw Worm","floor":5.0,"turns":4.0},{"damage":40.0,"enemies":"Lagavulin","floor":7.0,"turns":8.0},{"damage":0.0,"enemies":"Large Slime","floor":11.0,"turns":3.0},{"damage":3.0,"enemies":"Lots of Slimes","floor":12.0,"turns":2.0},{"damage":0.0,"enemies":"2 Fungi Beasts","floor":14.0,"turns":2.0},{"damage":48.0,"enemies":"The Guardian","floor":16.0,"turns":12.0},{"damage":0.0,"enemies":"3 Byrds","floor":18.0,"turns":1.0},{"damage":0.0,"enemies":"Spheric Guardian","floor":19.0,"turns":2.0},{"damage":0.0,"enemies":"3 Cultists","floor":20.0,"turns":1.0},{"damage":0.0,"enemies":"Centurion and Healer","floor":21.0,"turns":3.0},{"damage":0.0,"enemies":"Masked Bandits","floor":24.0,"turns":2.0},{"damage":0.0,"enemies":"Cultist and Chosen","floor":28.0,"turns":4.0},{"damage":9.0,"enemies":"Sentry and Sphere","floor":29.0,"turns":5.0},{"damage":0.0,"enemies":"Gremlin Leader","floor":30.0,"turns":4.0},{"damage":0.0,"enemies":"Snecko","floor":31.0,"turns":3.0},{"damage":36.0,"enemies":"Champ","floor":33.0,"turns":11.0},{"damage":37.0,"enemies":"3 Darklings","floor":35.0,"turns":4.0},{"damage":2,"enemies":"Mind Bloom Boss Battle","floor":37,"turns":4},{"damage":37,"enemies":"Nemesis","floor":41,"turns":5},{"damage":0,"enemies":"Orb Walker","floor":46,"turns":3},{"damage":25,"enemies":"Reptomancer","floor":48,"turns":4},{"damage":10,"enemies":"Time Eater","floor":50,"turns":12}],"seed_played":"-9096786655206798960","potions_obtained":[{"floor":4.0,"key":"Weak Potion"},{"floor":4.0,"key":"Dexterity Potion"},{"floor":5.0,"key":"Ancient Potion"},{"floor":20.0,"key":"SteroidPotion"},{"floor":21.0,"key":"Block Potion"},{"floor":24.0,"key":"Weak Potion"},{"floor":25.0,"key":"FocusPotion"}],"is_trial":false,"path_per_floor":["M","?","M","?","M","R","E","$","T","R","M","M","R","M","R","B",null,"M","M","M","M","$","R","?","?","T","R","M","M","E","M","R","B",null,"M","$","?","$","$","R","E","R","T","R","$","M","?","E","R","B",null],"character_chosen":"DEFECT","items_purchased":["OrangePellets","Core Surge","Reinforced Body","Regal Pillow","Turbo"],"campfire_rested":3,"item_purchase_floors":[22,22,36,36,38],"current_hp_per_floor":[75,68,67,67,62,62,22,22,22,44,46,45,45,47,47,6,75,75,75,75,75,75,75,75,75,75,75,75,68,72,74,74,39,75,38,38,40,40,40,75,40,40,40,40,40,44,44,23,60,64],"gold":110,"neow_bonus":"ONE_RANDOM_RARE_CARD","is_daily":false,"chose_seed":false,"campfire_upgraded":8,"win_rate":0.0,"timestamp":1608800296,"path_taken":["M","?","M","?","M","R","E","$","T","R","?","M","R","M","R","BOSS","M","M","M","M","$","R","?","?","T","R","M","M","E","M","R","BOSS","M","?","?","?","$","R","E","R","T","R","$","M","?","E","R","BOSS"],"items_purchased_type":["Relic","Card","Card","Relic","Card"],"build_version":"2020-12-22","purchased_purges":2,"victory":true,"max_hp_per_floor":[75,75,75,75,75,75,75,75,75,75,75,75,75,75,75,75,75,75,75,75,75,75,75,75,75,75,75,75,75,75,75,75,75,75,75,75,75,75,75,75,75,75,75,75,75,75,75,75,75,75],"card_choices":[{"not_picked":["Beam Cell","Fusion"],"picked":"Sweeping Beam","floor":1.0},{"not_picked":["Stack","Beam Cell"],"picked":"Rebound","floor":3.0},{"not_picked":["Chill","Hello World"],"picked":"Coolheaded","floor":5.0},{"not_picked":["Meteor Strike","Darkness"],"picked":"Electrodynamics","floor":7.0},{"not_picked":["Darkness","Chill"],"picked":"Barrage","floor":11.0},{"not_picked":["Melter","Steam Power","Redo"],"picked":"SKIP","floor":12.0},{"not_picked":["Steam","Hologram"],"picked":"Compile Driver","floor":14.0},{"not_picked":["Thunder Strike","Reboot"],"picked":"Biased Cognition","floor":16.0},{"not_picked":["Double Energy+1","Hologram+1"],"picked":"Ball Lightning+1","floor":18.0},{"not_picked":["Beam Cell+1","Go for the Eyes"],"picked":"Coolheaded+1","floor":19.0},{"not_picked":["Sweeping Beam","Rip and Tear","Beam Cell"],"picked":"SKIP","floor":20.0},{"not_picked":["Undo","Go for the Eyes"],"picked":"Lockon+1","floor":21.0},{"not_picked":["Gash","Beam Cell"],"picked":"Leap","floor":28.0},{"not_picked":["Conserve Battery+1","Fusion","Streamline"],"picked":"SKIP","floor":29.0},{"not_picked":["Fusion","Streamline"],"picked":"Conserve Battery+1","floor":29.0},{"not_picked":["Double Energy+1","Loop"],"picked":"Doom and Gloom+1","floor":30.0},{"not_picked":["All For One","Consume"],"picked":"Tempest+1","floor":31.0},{"not_picked":["Meteor Strike","All For One"],"picked":"Core Surge","floor":33.0},{"not_picked":["Rebound+1","Compile Driver"],"picked":"Auto Shields+1","floor":35.0},{"not_picked":["Sunder+1","Gash"],"picked":"BootSequence+1","floor":41},{"not_picked":["Streamline+1","Redo+1","Reinforced Body"],"picked":"SKIP","floor":46},{"not_picked":["Double Energy+1","Redo+1","Reprogram+1"],"picked":"SKIP","floor":48}],"player_experience":638985,"relics_obtained":[{"floor":7.0,"key":"Bird Faced Urn"},{"floor":9.0,"key":"Bag of Preparation"},{"floor":24.0,"key":"Red Mask"},{"floor":26.0,"key":"Kunai"},{"floor":30.0,"key":"Anchor"},{"floor":37,"key":"Thread and Needle"},{"floor":41,"key":"Pen Nib"},{"floor":43,"key":"PreservedInsect"},{"floor":48,"key":"Lizard Tail"}],"event_choices":[{"damage_healed":0.0,"max_hp_gain":0.0,"max_hp_loss":0.0,"gold_gain":0.0,"event_name":"Scrap Ooze","player_choice":"Success","floor":2.0,"gold_loss":0.0,"damage_taken":7.0,"relics_obtained":["Toy Ornithopter"]},{"damage_healed":0.0,"max_hp_gain":0.0,"max_hp_loss":0.0,"gold_gain":0.0,"event_name":"The Woman in Blue","player_choice":"Bought 3 Potions","floor":4.0,"gold_loss":0.0,"damage_taken":0.0},{"damage_healed":0.0,"max_hp_gain":0.0,"max_hp_loss":0.0,"gold_gain":0.0,"event_name":"Masked Bandits","player_choice":"Fought Bandits","floor":24.0,"gold_loss":0.0,"damage_taken":0.0},{"damage_healed":0.0,"max_hp_gain":0.0,"max_hp_loss":0.0,"gold_gain":0.0,"event_name":"Lab","player_choice":"Got Potions","floor":25.0,"gold_loss":0.0,"damage_taken":0.0},{"damage_healed":0,"gold_gain":0,"player_choice":"Fight","damage_taken":0,"max_hp_gain":0,"max_hp_loss":0,"event_name":"MindBloom","floor":37,"gold_loss":0},{"damage_healed":0,"gold_gain":0,"player_choice":"0 cards matched","damage_taken":0,"max_hp_gain":0,"max_hp_loss":0,"event_name":"Match and Keep!","floor":47,"gold_loss":0,"cards_obtained":[]}],"is_beta":false,"boss_relics":[{"not_picked":["Sozu","Astrolabe"],"picked":"Empty Cage"},{"not_picked":["FrozenCore","Tiny House"],"picked":"SlaversCollar"}],"items_purged_floors":[8,36],"is_endless":false,"potions_floor_spawned":[5,7,11,12,20,21,24,33,41,46,48],"ascension_level":1}}