{"host":"5bdt6s51dmpd4l3v","time":1608781998,"event":{"mods":["AchievementEnabler","BaseMod","Colored Map","Colored Powertips","Highlight Path","Minty Spire (QoL Compilation)","Quick Restart","Rare Cards Sparkle","StSLib"],"gold_per_floor":[117,267,26,26,26,26,44,73,73,73,86,86,109,127,127,202,202,215,230,280,31,48,48,82,82],"floor_reached":24,"playtime":496,"items_purged":["Doubt","Defend_R"],"score":418,"play_id":"f5ac98e5-627f-41d5-b43b-eb42d478dd3c","local_time":"20201224115318","is_ascension_mode":true,"campfire_choices":[{"data":"Spot Weakness","floor":6,"key":"SMITH"},{"data":"Burning Pact","floor":12,"key":"SMITH"},{"data":"Twin Strike","floor":15,"key":"SMITH"},{"floor":23,"key":"REST"}],"circlet_count":0,"master_deck":["AscendersBane","Strike_R","Strike_R+1","Strike_R","Strike_R","Strike_R","Defend_R","Defend_R","Defend_R+1","Bash","Spot Weakness+1","Battle Trance","Enlightenment+1","Twin Strike+1","Burning Pact+1","Clash","Limit Break","Shrug It Off+1","Flex","Headbutt+1"],"relics":["Burning Blood","NeowsBlessing","Nunchaku","Ancient Tea Set","Smiling Mask","Cursed Key","Anchor","Pen Nib"],"acts_visited":["Exordium","TheCity"],"potions_floor_usage":[11,14,19,24],"damage_taken":[{"damage":0,"enemies":"Cultist","floor":1,"turns":1},{"damage":0,"enemies":"2 Louse","floor":7,"turns":1},{"damage":0,"enemies":"Gremlin Nob","floor":8,"turns":1},{"damage":0,"enemies":"Jaw Worm","floor":11,"turns":1},{"damage":16,"enemies":"Exordium Thugs","floor":14,"turns":3},{"damage":43,"enemies":"The Guardian","floor":16,"turns":7},{"damage":25,"enemies":"Spheric Guardian","floor":18,"turns":4},{"damage":12,"enemies":"Shell Parasite","floor":19,"turns":2},{"damage":0,"enemies":"Cultist and Chosen","floor":22,"turns":3},{"damage":45,"enemies":"Slavers","floor":24,"turns":5}],"seed_played":"-5477810648810068182","potions_obtained":[{"floor":1,"key":"SteroidPotion"},{"floor":8,"key":"LiquidBronze"},{"floor":16,"key":"BlessingOfTheForge"},{"floor":18,"key":"Swift Potion"},{"floor":24,"key":"AttackPotion"}],"is_trial":false,"path_per_floor":["M","?","$","?","?","R","M","E","T","$","M","R","T","M","R","B",null,"M","M","?","$","M","R","E"],"character_chosen":"IRONCLAD","items_purchased":["Battle Trance","Enlightenment","Flex","Anchor"],"campfire_rested":1,"item_purchase_floors":[3,3,21,21],"current_hp_per_floor":[74,74,74,51,51,51,57,63,63,63,69,69,69,59,59,22,62,43,37,37,37,43,65,26,26],"gold":82,"neow_bonus":"THREE_ENEMY_KILL","is_daily":false,"chose_seed":false,"campfire_upgraded":3,"win_rate":0.0,"timestamp":1608781998,"path_taken":["M","?","$","?","?","R","?","E","T","$","M","R","?","M","R","BOSS","M","M","?","$","M","R","E"],"items_purchased_type":["Card","Card","Card","Relic"],"build_version":"2020-12-22","purchased_purges":2,"victory":false,"max_hp_per_floor":[75,75,75,75,75,75,75,75,75,75,75,75,75,75,75,75,75,75,75,75,75,75,75,75,75],"card_choices":[{"not_picked":["Intimidate","Heavy Blade"],"picked":"Spot Weakness","floor":1},{"not_picked":["Wild Strike","Havoc"],"picked":"Twin Strike","floor":7},{"not_picked":["Berserk","Rage"],"picked":"Burning Pact","floor":8},{"not_picked":["Burning Pact","Anger","Reckless Charge"],"picked":"SKIP","floor":11},{"not_picked":["Burning Pact","Anger","Reckless Charge"],"picked":"SKIP","floor":11},{"not_picked":["Thunderclap","Infernal Blade"],"picked":"Clash","floor":14},{"not_picked":["Double Tap","Feed"],"picked":"Limit Break","floor":16},{"not_picked":["Blood for Blood","Thunderclap"],"picked":"Shrug It Off+1","floor":18},{"not_picked":["Iron Wave","True Grit+1","Twin Strike"],"picked":"SKIP","floor":19},{"not_picked":["Clash","Pommel Strike"],"picked":"Headbutt+1","floor":22}],"player_experience":210866,"relics_obtained":[{"floor":8,"key":"Nunchaku"},{"floor":9,"key":"Ancient Tea Set"},{"floor":13,"key":"Smiling Mask"},{"floor":24,"key":"Pen Nib"}],"event_choices":[{"damage_healed":0,"gold_gain":150,"player_choice":"AGREE","damage_taken":0,"max_hp_gain":0,"max_hp_loss":0,"event_name":"Liars Game","floor":2,"gold_loss":0,"cards_obtained":["Doubt"]},{"damage_healed":0,"gold_gain":0,"player_choice":"Entered Light","damage_taken":23,"max_hp_gain":0,"max_hp_loss":0,"event_name":"Shining Light","floor":4,"gold_loss":0,"cards_upgraded":["Defend_R","Strike_R"]},{"damage_healed":0,"gold_gain":0,"player_choice":"Grow","damage_taken":0,"max_hp_gain":0,"max_hp_loss":0,"event_name":"Living Wall","floor":5,"gold_loss":0,"cards_upgraded":["Enlightenment"]},{"damage_healed":0,"gold_gain":50,"player_choice":"Stole From Cult","damage_taken":0,"max_hp_gain":0,"max_hp_loss":0,"event_name":"Nest","floor":20,"gold_loss":0}],"is_beta":false,"boss_relics":[{"not_picked":["Runic Cube","Busted Crown"],"picked":"Cursed Key"}],"items_purged_floors":[3,21],"is_endless":false,"potions_floor_spawned":[1,8,16,18,24],"killed_by":"Slavers","ascension_level":15}}