{"host":"1637j8siz7lzgd5k","time":1608801893,"event":{"mods":["BaseMod","Colored Map","Minty Spire (QoL Compilation)","StSLib","SuperFastMode"],"gold_per_floor":[117,137,137,212,212,239,258,274,329,329,329,329,347,191,191,263,263,281,281,281,206,221,221,221,221,221,221,239,239,239],"floor_reached":29,"playtime":434,"items_purged":["Strike_R"],"score":492,"play_id":"fafeded9-8d02-4567-a09c-871425feeceb","local_time":"20201224182453","is_ascension_mode":true,"campfire_choices":[{"data":"Body Slam","floor":10,"key":"SMITH"},{"data":"Juggernaut","floor":12,"key":"SMITH"},{"floor":15,"key":"REST"},{"data":"Entrench","floor":23,"key":"SMITH"},{"data":"Body Slam","floor":25,"key":"SMITH"},{"data":"Metallicize","floor":27,"key":"SMITH"}],"circlet_count":0,"master_deck":["AscendersBane","Strike_R+1","Strike_R+1","Defend_R+1","Defend_R+1","Defend_R+1","Defend_R+1","Bash","Pommel Strike","Juggernaut+1","Body Slam+1","Metallicize","Metallicize+1","Juggernaut","Entrench+1","Body Slam+1","Shrug It Off+1"],"relics":["Black Blood","NeowsBlessing","Meat on the Bone","Vajra","Ancient Tea Set","White Beast Statue"],"acts_visited":["Exordium","TheCity"],"potions_floor_usage":[29,29],"damage_taken":[{"damage":0,"enemies":"Jaw Worm","floor":1,"turns":1},{"damage":0,"enemies":"2 Louse","floor":2,"turns":1},{"damage":0,"enemies":"Lagavulin","floor":6,"turns":2},{"damage":6,"enemies":"Cultist","floor":7,"turns":3},{"damage":7,"enemies":"2 Fungi Beasts","floor":8,"turns":4},{"damage":30,"enemies":"Exordium Wildlife","floor":13,"turns":4},{"damage":51,"enemies":"The Guardian","floor":16,"turns":13},{"damage":25,"enemies":"3 Byrds","floor":18,"turns":5},{"damage":16,"enemies":"Shell Parasite","floor":22,"turns":6},{"damage":25,"enemies":"Sentry and Sphere","floor":28,"turns":6},{"damage":72,"enemies":"Gremlin Leader","floor":29,"turns":4}],"seed_played":"-4593223755751398121","potions_obtained":[{"floor":6,"key":"Ancient Potion"},{"floor":8,"key":"Dexterity Potion"},{"floor":13,"key":"BlessingOfTheForge"},{"floor":22,"key":"Regen Potion"}],"is_trial":false,"path_per_floor":["M","M","?","?","?","E","M","M","T","R","?","R","M","$","R","B",null,"M","?","?","?","M","R","?","R","T","R","M","E"],"character_chosen":"IRONCLAD","items_purchased":["Metallicize"],"campfire_rested":1,"item_purchase_floors":[14],"current_hp_per_floor":[74,75,75,64,46,52,52,51,51,51,51,51,39,39,61,28,63,50,50,50,50,58,58,52,52,52,52,51,0,0],"gold":239,"neow_bonus":"THREE_ENEMY_KILL","is_daily":false,"chose_seed":false,"campfire_upgraded":5,"win_rate":0.0,"timestamp":1608801893,"path_taken":["M","M","?","?","?","E","?","M","T","R","?","R","M","$","R","BOSS","M","?","?","?","?","R","?","R","T","R","?","E"],"items_purchased_type":["Card"],"build_version":"2020-12-22","purchased_purges":1,"victory":false,"max_hp_per_floor":[75,75,75,75,75,75,75,75,75,75,75,75,75,75,75,75,75,75,75,75,75,75,75,75,75,75,75,75,75,75],"card_choices":[{"not_picked":["Havoc","Iron Wave"],"picked":"Pommel Strike","floor":1},{"not_picked":["Iron Wave","Spot Weakness","Anger"],"picked":"SKIP","floor":2},{"not_picked":["Second Wind","Heavy Blade"],"picked":"Wild Strike","floor":6},{"not_picked":["Pommel Strike","Clothesline"],"picked":"Body Slam","floor":7},{"not_picked":["Sword Boomerang","Clothesline"],"picked":"Metallicize","floor":8},{"not_picked":["Pommel Strike","Bloodletting","Cleave"],"picked":"SKIP","floor":13},{"not_picked":["Limit Break","Exhume"],"picked":"Juggernaut","floor":16},{"not_picked":["Heavy Blade","Wild Strike+1"],"picked":"Entrench","floor":18},{"not_picked":["Armaments","Cleave","Havoc"],"picked":"SKIP","floor":22},{"not_picked":["Perfected Strike+1","Anger"],"picked":"Shrug It Off+1","floor":28}],"player_experience":811152,"relics_obtained":[{"floor":6,"key":"Vajra"},{"floor":9,"key":"Ancient Tea Set"},{"floor":26,"key":"White Beast Statue"}],"event_choices":[{"damage_healed":0,"gold_gain":0,"cards_transformed":["Strike_R"],"player_choice":"Change","damage_taken":0,"max_hp_gain":0,"max_hp_loss":0,"event_name":"Living Wall","floor":3,"gold_loss":0,"cards_obtained":["Juggernaut"]},{"damage_healed":0,"gold_gain":75,"player_choice":"Gather Gold","damage_taken":11,"max_hp_gain":0,"max_hp_loss":0,"event_name":"World of Goop","floor":4,"gold_loss":0},{"damage_healed":0,"gold_gain":0,"player_choice":"Success","damage_taken":18,"relics_obtained":["Meat on the Bone"],"max_hp_gain":0,"max_hp_loss":0,"event_name":"Scrap Ooze","floor":5,"gold_loss":0},{"cards_removed":["Strike_R"],"damage_healed":0,"gold_gain":0,"player_choice":"Purged","damage_taken":0,"max_hp_gain":0,"max_hp_loss":0,"event_name":"Purifier","floor":11,"gold_loss":0},{"damage_healed":0,"gold_gain":0,"player_choice":"Simplicity","damage_taken":0,"max_hp_gain":0,"max_hp_loss":0,"event_name":"Back to Basics","floor":19,"gold_loss":0,"cards_upgraded":["Strike_R","Strike_R","Defend_R","Defend_R","Defend_R","Defend_R"]},{"damage_healed":0,"gold_gain":0,"player_choice":"Read","damage_taken":0,"max_hp_gain":0,"max_hp_loss":0,"event_name":"The Library","floor":20,"gold_loss":0,"cards_obtained":["Body Slam"]},{"cards_removed":["Wild Strike"],"damage_healed":0,"gold_gain":0,"player_choice":"Gave Gold","damage_taken":0,"max_hp_gain":0,"max_hp_loss":0,"event_name":"Beggar","floor":21,"gold_loss":75},{"damage_healed":0,"gold_gain":0,"player_choice":"","damage_taken":6,"max_hp_gain":0,"max_hp_loss":0,"event_name":"Knowing Skull","floor":24,"potions_obtained":[],"gold_loss":0,"cards_obtained":[]}],"is_beta":false,"boss_relics":[{"not_picked":["Pandora\u0027s Box","Astrolabe"],"picked":"Black Blood"}],"items_purged_floors":[14],"is_endless":false,"potions_floor_spawned":[6,8,13,18,22,28],"killed_by":"Gremlin Leader","ascension_level":20}}