{"host":"vcrofm1hbk0ziuql","time":1608846227,"event":{"mods":["2.2 Compatiblity","BaseMod","Colored Map","DeckTracker","Downfall","Googly Eyes","Highlight Path","Minty Spire (QoL Compilation)","StSLib"],"gold_per_floor":[114,128,128,144,144,155,171,171,171,246,261,261,19,33,33,128,128,148,178,178,178],"floor_reached":20,"playtime":866,"items_purged":[],"score":191,"play_id":"f2de5621-efa9-4f5b-acb1-4b1c082ee655","local_time":"20201224214347","is_ascension_mode":false,"campfire_choices":[{"data":"Bash","floor":12,"key":"SMITH"},{"data":"Heavy Blade","floor":15,"key":"SMITH"}],"circlet_count":0,"master_deck":["Strike_R","Strike_R","Strike_R+1","Strike_R","Strike_R","Defend_R","Defend_R","Defend_R+1","Defend_R","Bash+1","Feed","Flex","Regret","Flex","Heavy Blade+1","Berserk","Whirlwind","Limit Break","True Grit"],"relics":["Burning Blood","Self Forming Clay","WingedGreaves","Shovel","Matryoshka","SlaversCollar","Red Mask"],"acts_visited":["Exordium","TheCity"],"potions_floor_usage":[11,16,18],"damage_taken":[{"damage":18,"enemies":"Jaw Worm","floor":1,"turns":6},{"damage":0,"enemies":"Small Slimes","floor":2,"turns":3},{"damage":9,"enemies":"2 Louse","floor":4,"turns":2},{"damage":9,"enemies":"2 Fungi Beasts","floor":6,"turns":4},{"damage":8,"enemies":"3 Louse","floor":7,"turns":3},{"damage":12,"enemies":"Large Slime","floor":11,"turns":4},{"damage":7,"enemies":"Exordium Wildlife","floor":14,"turns":3},{"damage":37,"enemies":"The Guardian","floor":16,"turns":13},{"damage":17,"enemies":"Chosen","floor":18,"turns":6},{"damage":85,"enemies":"Masked Bandits","floor":19,"turns":8},{"damage":12,"enemies":"Spheric Guardian","floor":20,"turns":3}],"seed_played":"8504839329324521988","potions_obtained":[{"floor":1,"key":"Strength Potion"},{"floor":11,"key":"PowerPotion"},{"floor":16,"key":"Explosive Potion"}],"is_trial":false,"path_per_floor":["M","M","?","M","?","M","M","?","T","?","M","R","$","M","R","B",null,"M","?","M"],"character_chosen":"IRONCLAD","items_purchased":["Matryoshka"],"campfire_rested":0,"item_purchase_floors":[13],"current_hp_per_floor":[71,77,77,77,60,60,61,58,58,47,41,41,41,40,40,9,92,84,8,0,0],"gold":178,"neow_bonus":"ONE_RANDOM_RARE_CARD","is_daily":false,"chose_seed":false,"campfire_upgraded":2,"win_rate":0.0,"timestamp":1608846227,"path_taken":["M","M","?","M","?","M","M","?","T","?","M","R","$","M","R","BOSS","M","?","M"],"items_purchased_type":["Relic"],"build_version":"2020-12-22","purchased_purges":0,"victory":false,"max_hp_per_floor":[83,83,83,86,86,89,92,92,92,92,92,92,92,92,92,92,92,95,98,98,98],"card_choices":[{"not_picked":["Battle Trance","Heavy Blade","Body Slam"],"picked":"SKIP","floor":1},{"not_picked":["Body Slam","Perfected Strike"],"picked":"Flex","floor":2},{"not_picked":["Perfected Strike","Flame Barrier"],"picked":"Flex","floor":4},{"not_picked":["Clothesline","Twin Strike"],"picked":"Heavy Blade","floor":6},{"not_picked":["Armaments","Anger"],"picked":"Berserk","floor":7},{"not_picked":["Clothesline","Clash"],"picked":"Whirlwind","floor":11},{"not_picked":["Twin Strike","Sword Boomerang","Armaments"],"picked":"SKIP","floor":14},{"not_picked":["Feed","Berserk"],"picked":"Limit Break","floor":16},{"not_picked":["Iron Wave+1","Whirlwind"],"picked":"True Grit","floor":18}],"player_experience":546152,"relics_obtained":[{"floor":9,"key":"Shovel"},{"floor":19,"key":"Red Mask"}],"event_choices":[{"damage_healed":0,"gold_gain":0,"player_choice":"Box","damage_taken":0,"relics_obtained":["Self Forming Clay"],"max_hp_gain":0,"max_hp_loss":0,"event_name":"Big Fish","floor":3,"gold_loss":0,"cards_obtained":["Regret"]},{"damage_healed":0,"gold_gain":0,"player_choice":"Entered Light","damage_taken":17,"max_hp_gain":0,"max_hp_loss":0,"event_name":"Shining Light","floor":5,"gold_loss":0,"cards_upgraded":["Defend_R","Strike_R"]},{"damage_healed":0,"gold_gain":0,"player_choice":"Success","damage_taken":3,"relics_obtained":["WingedGreaves"],"max_hp_gain":0,"max_hp_loss":0,"event_name":"Scrap Ooze","floor":8,"gold_loss":0},{"damage_healed":0,"gold_gain":75,"player_choice":"Gather Gold","damage_taken":11,"max_hp_gain":0,"max_hp_loss":0,"event_name":"World of Goop","floor":10,"gold_loss":0},{"damage_healed":0,"gold_gain":0,"player_choice":"Fought Bandits","damage_taken":0,"max_hp_gain":0,"max_hp_loss":0,"event_name":"Masked Bandits","floor":19,"gold_loss":0}],"is_beta":false,"boss_relics":[{"not_picked":["Velvet Choker","Snecko Eye"],"picked":"SlaversCollar"}],"items_purged_floors":[],"is_endless":false,"potions_floor_spawned":[1,11,16],"killed_by":"Spheric Guardian","ascension_level":0}}