{"host":"6pgtslebjnyv5xmi","time":1608807041,"event":{"mods":["AchievementEnabler","BaseMod","Colored Map","Minty Spire (QoL Compilation)","Rare Cards Sparkle","StSLib","SuperFastMode","The Dragon Tamer","everything is the same but u backflip on backflip"],"gold_per_floor":[113,113,63,63,73,73,105,120,170,185,185,201,201,201,201,304,304,323,248,235,254,254,254,154,154,235,251,251,13,25,60,60,60,60],"floor_reached":33,"playtime":1012,"items_purged":["Strike_R","Strike_R"],"score":365,"play_id":"8bf47e62-14ef-4eef-9f7c-fe07c2450629","local_time":"20201224195041","is_ascension_mode":true,"campfire_choices":[{"data":"Searing Blow","floor":6,"key":"SMITH"},{"data":"Berserk","floor":11,"key":"SMITH"},{"data":"Searing Blow+2","floor":15,"key":"SMITH"},{"data":"Searing Blow+3","floor":23,"key":"SMITH"},{"data":"Searing Blow+4","floor":25,"key":"SMITH"},{"data":"Searing Blow+5","floor":28,"key":"SMITH"},{"data":"Searing Blow+6","floor":32,"key":"SMITH"}],"circlet_count":0,"master_deck":["Strike_R","Strike_R+1","Strike_R","Defend_R+1","Defend_R","Defend_R","Defend_R","Bash","Wild Strike","Searing Blow+7","Berserk+1","Armaments","Thunderclap","Impervious","Impervious","Thunderclap","Offering"],"relics":["Burning Blood","NeowsBlessing","Red Skull","Mercury Hourglass","Mark of Pain","Letter Opener","Bottled Flame","Red Mask"],"acts_visited":["Exordium","TheCity"],"potions_floor_usage":[16,16,16,31,31,33],"damage_taken":[{"damage":0,"enemies":"Jaw Worm","floor":1,"turns":1},{"damage":0,"enemies":"Small Slimes","floor":5,"turns":1},{"damage":0,"enemies":"3 Sentries","floor":7,"turns":2},{"damage":0,"enemies":"2 Louse","floor":8,"turns":1},{"damage":35,"enemies":"Large Slime","floor":10,"turns":6},{"damage":19,"enemies":"Lots of Slimes","floor":12,"turns":3},{"damage":7,"enemies":"Hexaghost","floor":16,"turns":6},{"damage":22,"enemies":"3 Byrds","floor":18,"turns":5},{"damage":12,"enemies":"2 Thieves","floor":20,"turns":4},{"damage":38,"enemies":"Snecko","floor":21,"turns":5},{"damage":9,"enemies":"Centurion and Healer","floor":27,"turns":5},{"damage":0,"enemies":"Snake Plant","floor":30,"turns":1},{"damage":0,"enemies":"Masked Bandits","floor":31,"turns":3},{"damage":25,"enemies":"Champ","floor":33,"turns":5}],"seed_played":"3247245188915576666","potions_obtained":[{"floor":1,"key":"BlessingOfTheForge"},{"floor":8,"key":"Ancient Potion"},{"floor":10,"key":"Block Potion"},{"floor":14,"key":"HeartOfIron"},{"floor":18,"key":"EssenceOfSteel"},{"floor":21,"key":"LiquidBronze"},{"floor":30,"key":"Ancient Potion"}],"is_trial":false,"path_per_floor":["M","?","?","?","M","R","E","M","T","M","R","M","?","?","R","B",null,"M","$","M","M","?","R","$","R","T","M","R","$","M","?","R","B"],"character_chosen":"IRONCLAD","items_purchased":["Bottled Flame"],"campfire_rested":0,"item_purchase_floors":[29],"current_hp_per_floor":[78,78,78,62,68,68,74,80,80,51,51,38,38,38,38,37,69,53,53,47,15,15,15,15,15,15,12,12,12,18,24,24,0,0],"gold":60,"neow_bonus":"THREE_ENEMY_KILL","is_daily":false,"chose_seed":false,"campfire_upgraded":7,"win_rate":0.0,"timestamp":1608807041,"path_taken":["M","?","?","?","M","R","E","M","T","M","R","M","?","?","R","BOSS","M","$","?","M","?","R","$","R","T","M","R","$","?","?","R","BOSS"],"items_purchased_type":["Relic"],"build_version":"2020-12-22","purchased_purges":2,"victory":false,"max_hp_per_floor":[80,80,80,80,80,80,80,80,80,80,80,80,80,80,80,80,80,80,80,80,80,80,80,80,80,80,80,80,80,80,80,80,80,80],"card_choices":[{"not_picked":["Rage","Iron Wave"],"picked":"Wild Strike","floor":1},{"not_picked":["Flex","Rage"],"picked":"Searing Blow","floor":5},{"not_picked":["Flex","Anger"],"picked":"Berserk","floor":7},{"not_picked":["Iron Wave","Sword Boomerang"],"picked":"Armaments","floor":8},{"not_picked":["Cleave","Shrug It Off"],"picked":"Thunderclap","floor":10},{"not_picked":["Whirlwind","Anger","Body Slam"],"picked":"SKIP","floor":12},{"not_picked":["Limit Break","Brutality"],"picked":"Impervious","floor":16},{"not_picked":["Body Slam+1","Flex","Havoc"],"picked":"SKIP","floor":18},{"not_picked":["Twin Strike","Anger","Clothesline"],"picked":"SKIP","floor":20},{"not_picked":["Fire Breathing","Burning Pact","True Grit"],"picked":"SKIP","floor":21},{"not_picked":["Uppercut","Armaments"],"picked":"Thunderclap","floor":27},{"not_picked":["Iron Wave+1","Flex","Wild Strike"],"picked":"SKIP","floor":30},{"not_picked":["Dropkick","Heavy Blade"],"picked":"Offering","floor":31}],"player_experience":448714,"relics_obtained":[{"floor":7,"key":"Mercury Hourglass"},{"floor":26,"key":"Letter Opener"},{"floor":31,"key":"Red Mask"}],"event_choices":[{"damage_healed":0,"gold_gain":0,"player_choice":"Box","damage_taken":0,"relics_obtained":["Red Skull"],"max_hp_gain":0,"max_hp_loss":0,"event_name":"Big Fish","floor":2,"gold_loss":0,"cards_obtained":["Regret"]},{"cards_removed":["Regret"],"damage_healed":0,"gold_gain":0,"player_choice":"Card Removal","damage_taken":0,"max_hp_gain":0,"max_hp_loss":0,"event_name":"The Cleric","floor":3,"gold_loss":50},{"damage_healed":0,"gold_gain":0,"player_choice":"Entered Light","damage_taken":16,"max_hp_gain":0,"max_hp_loss":0,"event_name":"Shining Light","floor":4,"gold_loss":0,"cards_upgraded":["Strike_R","Defend_R"]},{"damage_healed":0,"gold_gain":0,"player_choice":"Grow","damage_taken":0,"max_hp_gain":0,"max_hp_loss":0,"event_name":"Living Wall","floor":13,"gold_loss":0,"cards_upgraded":["Searing Blow"]},{"damage_healed":0,"gold_gain":0,"player_choice":"Got Potions","damage_taken":0,"max_hp_gain":0,"max_hp_loss":0,"event_name":"Lab","floor":14,"gold_loss":0},{"damage_healed":0,"gold_gain":0,"player_choice":"Copied","damage_taken":0,"max_hp_gain":0,"max_hp_loss":0,"event_name":"Duplicator","floor":22,"gold_loss":0,"cards_obtained":["Impervious"]},{"damage_healed":0,"gold_gain":0,"player_choice":"Fought Bandits","damage_taken":0,"max_hp_gain":0,"max_hp_loss":0,"event_name":"Masked Bandits","floor":31,"gold_loss":0}],"is_beta":false,"boss_relics":[{"not_picked":["Astrolabe","Black Star"],"picked":"Mark of Pain"}],"items_purged_floors":[19,24],"is_endless":false,"potions_floor_spawned":[1,8,10,18,21,30],"killed_by":"Champ","ascension_level":7}}