{"host":"7gewg82ormp6yt4e","time":1608812333,"event":{"mods":["BaseMod","Block Reminder","Colored Map","Colored Powertips","DeckTracker","Highlight Path","Minty Spire (QoL Compilation)","Relic Stats","StSLib"],"gold_per_floor":[117,192,35,48,48,48,48,48],"floor_reached":7,"playtime":249,"items_purged":[],"score":78,"play_id":"281acd6d-d2f4-4771-bb72-7ef9043cf137","local_time":"20201224211853","is_ascension_mode":true,"campfire_choices":[{"data":"Neutralize","floor":6,"key":"SMITH"}],"circlet_count":0,"master_deck":["AscendersBane","Strike_G","Strike_G","Strike_G","Strike_G","Strike_G","Defend_G","Defend_G","Defend_G","Defend_G","Defend_G","Survivor","Neutralize+1","Flying Knee+1","Backflip"],"relics":["Philosopher\u0027s Stone","TwistedFunnel"],"acts_visited":["Exordium"],"potions_floor_usage":[],"damage_taken":[{"damage":3,"enemies":"Jaw Worm","floor":1,"turns":6},{"damage":0,"enemies":"2 Louse","floor":4,"turns":2},{"damage":49,"enemies":"3 Sentries","floor":7,"turns":8}],"seed_played":"3353140157151687343","potions_obtained":[{"floor":4,"key":"SpeedPotion"}],"is_trial":false,"path_per_floor":["M","?","$","M","?","R","E"],"character_chosen":"THE_SILENT","items_purchased":["TwistedFunnel"],"campfire_rested":0,"item_purchase_floors":[3],"current_hp_per_floor":[56,45,45,45,45,45,0,0],"gold":48,"neow_bonus":"BOSS_RELIC","is_daily":false,"chose_seed":false,"campfire_upgraded":1,"win_rate":0.0,"timestamp":1608812333,"path_taken":["M","?","$","M","?","R","E"],"items_purchased_type":["Relic"],"build_version":"2020-12-22","purchased_purges":0,"victory":false,"max_hp_per_floor":[66,66,66,66,66,66,66,66],"relic_stats":{"counters":[3,16],"obtain_stats":[{"TwistedFunnel":3,"Philosopher\u0027s Stone":0,"Ring of the Snake":0},{"TwistedFunnel":1,"Philosopher\u0027s Stone":0,"Ring of the Snake":0},{"TwistedFunnel":6,"Philosopher\u0027s Stone":0,"Ring of the Snake":0}]},"card_choices":[{"not_picked":["Sucker Punch","PiercingWail"],"picked":"Flying Knee","floor":1},{"not_picked":["Flying Knee","Blade Dance"],"picked":"Backflip","floor":4}],"player_experience":2430189,"relics_obtained":[],"event_choices":[{"damage_healed":0,"gold_gain":75,"player_choice":"Gather Gold","damage_taken":11,"max_hp_gain":0,"max_hp_loss":0,"event_name":"World of Goop","floor":2,"gold_loss":0},{"damage_healed":0,"gold_gain":0,"player_choice":"Upgraded","damage_taken":0,"max_hp_gain":0,"max_hp_loss":0,"event_name":"Upgrade Shrine","floor":5,"gold_loss":0,"cards_upgraded":["Flying Knee"]}],"is_beta":false,"boss_relics":[],"items_purged_floors":[],"is_endless":false,"potions_floor_spawned":[4],"killed_by":"3 Sentries","ascension_level":20}}