{"host":"CarrotHands","time":1608792965,"event":{"mods":["BaseMod","Minty Spire (QoL Compilation)","Relic Stats","StSLib"],"gold_per_floor":[118,14,14,25,25,25,41,72,95,170,170,38,51,76,76,153,153,169,169,7,7,26,55,69,94,94,94,113,138,154,154,154,228,278,289,289,300,300,310,345,345,379,426,426,443,443,443],"floor_reached":46,"playtime":3548,"items_purged":["Pain"],"score":1142,"play_id":"97dc443a-f8c7-49fd-8bfc-456c67b29f4e","local_time":"20201223225605","is_ascension_mode":true,"campfire_choices":[{"data":"Doom and Gloom","floor":6.0,"key":"SMITH"},{"floor":11.0,"key":"REST"},{"data":"Coolheaded","floor":15.0,"key":"SMITH"},{"floor":27,"key":"REST"},{"data":"Defragment","floor":32,"key":"SMITH"},{"data":"Fission","floor":41,"key":"SMITH"},{"floor":44,"key":"RECALL"}],"circlet_count":0,"master_deck":["AscendersBane","Zap+1","Dualcast","Doom and Gloom+1","Defragment+1","Turbo","Coolheaded+1","Hologram+1","Compile Driver","Fission+1","Storm","All For One","Leap","Barrage+1","Go for the Eyes","Self Repair","Genetic Algorithm","Streamline","Steam+1","Loop+1","Chill+1","Loop+1","Defragment+1","Meteor Strike","Flash of Steel","Flash of Steel","Discovery"],"relics":["Cracked Core","NeowsBlessing","WarpedTongs","War Paint","Regal Pillow","Juzu Bracelet","Pandora\u0027s Box","Runic Capacitor","Singing Bowl","StoneCalendar","Letter Opener","Prayer Wheel","Tiny House","Dead Branch","Molten Egg 2"],"acts_visited":["Exordium","TheCity","TheBeyond"],"potions_floor_usage":[25,30,40,45,45,45,45],"damage_taken":[{"damage":0.0,"enemies":"Small Slimes","floor":1.0,"turns":1.0},{"damage":0.0,"enemies":"Cultist","floor":4.0,"turns":1.0},{"damage":0.0,"enemies":"Jaw Worm","floor":7.0,"turns":1.0},{"damage":19.0,"enemies":"3 Sentries","floor":8.0,"turns":6.0},{"damage":0.0,"enemies":"2 Fungi Beasts","floor":13.0,"turns":2.0},{"damage":2.0,"enemies":"Gremlin Nob","floor":14.0,"turns":3.0},{"damage":46.0,"enemies":"Hexaghost","floor":16.0,"turns":7.0},{"damage":10.0,"enemies":"2 Thieves","floor":18.0,"turns":4.0},{"damage":0.0,"enemies":"Chosen","floor":22.0,"turns":3.0},{"damage":2.0,"enemies":"Gremlin Leader","floor":23.0,"turns":4.0},{"damage":4.0,"enemies":"3 Cultists","floor":24.0,"turns":5.0},{"damage":33,"enemies":"Slavers","floor":25,"turns":5},{"damage":4,"enemies":"Centurion and Healer","floor":28,"turns":5},{"damage":4,"enemies":"Gremlin Leader","floor":29,"turns":4},{"damage":8,"enemies":"Snecko","floor":30,"turns":5},{"damage":48,"enemies":"Automaton","floor":33,"turns":7},{"damage":10,"enemies":"3 Darklings","floor":35,"turns":4},{"damage":0,"enemies":"3 Shapes","floor":37,"turns":5},{"damage":9,"enemies":"Sphere and 2 Shapes","floor":39,"turns":5},{"damage":19,"enemies":"Reptomancer","floor":40,"turns":6},{"damage":31,"enemies":"Nemesis","floor":42,"turns":5},{"damage":65,"enemies":"Transient","floor":45,"turns":6},{"damage":21,"enemies":"Giant Head","floor":46,"turns":5}],"seed_played":"6542477475225112336","potions_obtained":[{"floor":1.0,"key":"Fruit Juice"},{"floor":13.0,"key":"EssenceOfSteel"},{"floor":14.0,"key":"DuplicationPotion"},{"floor":18.0,"key":"Strength Potion"},{"floor":25,"key":"Explosive Potion"},{"floor":34,"key":"Dexterity Potion"},{"floor":37,"key":"Dexterity Potion"},{"floor":40,"key":"EntropicBrew"}],"is_trial":false,"path_per_floor":["M","$","?","M","?","R","M","E","T","?","R","$","M","E","R","B",null,"M","?","$","?","M","E","M","E","T","R","M","E","M","?","R","B",null,"M","?","M","?","M","E","R","E","T","R","M","E"],"character_chosen":"DEFECT","items_purchased":["Defragment","Turbo","FocusPotion","Runic Capacitor"],"campfire_rested":2,"item_purchase_floors":[2,2,12,20],"current_hp_per_floor":[64,64,64,64,64,64,64,45,45,34,70,70,75,73,73,27,64,61,39,39,39,46,53,56,35,35,75,78,81,84,84,84,46,85,86,86,100,90,92,85,85,66,66,66,17,0,0],"gold":443,"neow_bonus":"THREE_ENEMY_KILL","is_daily":false,"chose_seed":false,"campfire_upgraded":4,"win_rate":0.0,"timestamp":1608792965,"path_taken":["M","$","?","?","?","R","M","E","T","?","R","?","?","E","R","BOSS","M","?","$","?","M","E","M","E","T","R","M","E","M","?","R","BOSS","M","?","M","?","M","E","R","E","T","R","M","E"],"items_purchased_type":["Card","Card","Potion","Relic"],"build_version":"2020-12-18","purchased_purges":1,"victory":false,"max_hp_per_floor":[71,71,71,71,71,71,71,71,71,71,71,71,76,76,76,76,76,76,81,81,81,81,83,83,85,85,85,85,85,89,89,89,89,96,100,100,104,104,108,110,110,112,112,112,116,116,116],"relic_stats":{"Regal Pillow":30,"Singing Bowl":30,"counters":[23,99],"Dead Branch":[18],"Pandora\u0027s Box":["Storm","All For One","Leap","Barrage","Go for the Eyes","Self Repair","Genetic Algorithm","Streamline"],"StoneCalendar":[0],"Prayer Wheel":5,"Juzu Bracelet":0,"Letter Opener":[228],"War Paint":["Zap","Hologram"],"obtain_stats":[{"Regal Pillow":9,"Tiny House":34,"NeowsBlessing":0,"Singing Bowl":23,"Dead Branch":40,"StoneCalendar":25,"Juzu Bracelet":14,"Runic Capacitor":20,"Letter Opener":26,"War Paint":8,"WarpedTongs":3,"Pandora\u0027s Box":17,"Prayer Wheel":29,"Molten Egg 2":42,"Cracked Core":0},{"Regal Pillow":4,"Tiny House":16,"NeowsBlessing":0,"Singing Bowl":10,"Dead Branch":20,"StoneCalendar":12,"Juzu Bracelet":6,"Runic Capacitor":8,"Letter Opener":12,"War Paint":4,"WarpedTongs":1,"Pandora\u0027s Box":7,"Prayer Wheel":14,"Molten Egg 2":21,"Cracked Core":0},{"Regal Pillow":9,"Tiny House":63,"NeowsBlessing":0,"Singing Bowl":32,"Dead Branch":83,"StoneCalendar":42,"Juzu Bracelet":14,"Runic Capacitor":25,"Letter Opener":42,"War Paint":9,"WarpedTongs":1,"Pandora\u0027s Box":21,"Prayer Wheel":51,"Molten Egg 2":88,"Cracked Core":0}],"WarpedTongs":[95]},"card_choices":[{"not_picked":["Auto Shields","Turbo"],"picked":"Doom and Gloom","floor":1.0},{"not_picked":["Steam","Capacitor"],"picked":"Coolheaded","floor":4.0},{"not_picked":["Auto Shields","Beam Cell","Aggregate"],"picked":"SKIP","floor":7.0},{"not_picked":["Steam Power","Beam Cell"],"picked":"Hologram","floor":8.0},{"not_picked":["Rebound","Gash","Leap"],"picked":"SKIP","floor":13.0},{"not_picked":["Redo","Conserve Battery"],"picked":"Compile Driver","floor":14.0},{"not_picked":["Reboot","Core Surge"],"picked":"Fission","floor":16.0},{"not_picked":["Steam","BootSequence","Turbo"],"picked":"SKIP","floor":18.0},{"not_picked":["Cold Snap","Stack"],"picked":"Steam+1","floor":22.0},{"not_picked":["Darkness","Rebound","Hello World"],"picked":"Singing Bowl","floor":23.0},{"not_picked":["Skim","Redo"],"picked":"Loop+1","floor":24.0},{"not_picked":["Scrape+1","Go for the Eyes+1","Blizzard"],"picked":"Singing Bowl","floor":25},{"not_picked":["Streamline","Gash"],"picked":"Chill+1","floor":28},{"not_picked":["Amplify","Ball Lightning"],"picked":"Loop+1","floor":29},{"not_picked":["Stack","Beam Cell","Coolheaded"],"picked":"Singing Bowl","floor":30},{"not_picked":["Steam","Stack","Hologram+1"],"picked":"Singing Bowl","floor":30},{"not_picked":["Amplify","Hyperbeam"],"picked":"Meteor Strike","floor":33},{"not_picked":["Ball Lightning","Leap","Cold Snap"],"picked":"Singing Bowl","floor":34},{"not_picked":["Capacitor","Double Energy","Barrage"],"picked":"Singing Bowl","floor":35},{"not_picked":["Conserve Battery","Coolheaded","Rebound"],"picked":"Singing Bowl","floor":35},{"not_picked":["Gash+1","Beam Cell","Sweeping Beam+1"],"picked":"Singing Bowl","floor":37},{"not_picked":["Steam+1","Buffer","Sweeping Beam"],"picked":"Singing Bowl","floor":37},{"not_picked":["Dramatic Entrance","Trip"],"picked":"Flash of Steel","floor":38},{"not_picked":["Panache","Blind"],"picked":"Flash of Steel","floor":38},{"not_picked":["Enlightenment","Bandage Up"],"picked":"Discovery","floor":38},{"not_picked":["Undo","Compile Driver","Self Repair+1"],"picked":"Singing Bowl","floor":39},{"not_picked":["Storm+1","Double Energy","Steam"],"picked":"Singing Bowl","floor":39},{"not_picked":["Loop","Reprogram","Darkness"],"picked":"Singing Bowl","floor":40},{"not_picked":["Reprogram","Beam Cell+1","Storm+1"],"picked":"Singing Bowl","floor":42},{"not_picked":["Streamline+1","Sunder+1","Force Field"],"picked":"Singing Bowl","floor":45},{"not_picked":["Streamline+1","Turbo","Go for the Eyes+1"],"picked":"Singing Bowl","floor":45}],"player_experience":3012169,"relics_obtained":[{"floor":8.0,"key":"War Paint"},{"floor":9.0,"key":"Regal Pillow"},{"floor":14.0,"key":"Juzu Bracelet"},{"floor":23.0,"key":"Singing Bowl"},{"floor":25,"key":"StoneCalendar"},{"floor":26,"key":"Letter Opener"},{"floor":29,"key":"Prayer Wheel"},{"floor":40,"key":"Dead Branch"},{"floor":42,"key":"Molten Egg 2"}],"event_choices":[{"damage_healed":0.0,"max_hp_gain":0.0,"max_hp_loss":0.0,"gold_gain":0.0,"event_name":"Accursed Blacksmith","player_choice":"Rummage","floor":3.0,"gold_loss":0.0,"damage_taken":0.0,"relics_obtained":["WarpedTongs"],"cards_obtained":["Pain"]},{"damage_healed":0.0,"max_hp_gain":0.0,"max_hp_loss":0.0,"gold_gain":0.0,"event_name":"Living Wall","player_choice":"Grow","floor":5.0,"gold_loss":0.0,"damage_taken":0.0,"cards_upgraded":["Defragment"]},{"damage_healed":0.0,"max_hp_gain":0.0,"max_hp_loss":0.0,"gold_gain":75.0,"event_name":"World of Goop","player_choice":"Gather Gold","floor":10.0,"gold_loss":0.0,"damage_taken":11.0},{"damage_healed":0.0,"max_hp_gain":5.0,"max_hp_loss":0.0,"gold_gain":0.0,"event_name":"Forgotten Altar","player_choice":"Shed Blood","floor":19.0,"gold_loss":0.0,"damage_taken":27.0},{"damage_healed":0.0,"max_hp_gain":0.0,"max_hp_loss":0.0,"gold_gain":0.0,"event_name":"Vampires","player_choice":"Ignored","floor":21.0,"gold_loss":0.0,"damage_taken":0.0},{"damage_healed":0,"gold_gain":0,"player_choice":"Read","damage_taken":0,"max_hp_gain":0,"max_hp_loss":0,"event_name":"The Library","floor":31,"gold_loss":0,"cards_obtained":["Defragment"]},{"damage_healed":0,"gold_gain":0,"player_choice":"Ignored","damage_taken":0,"max_hp_gain":0,"max_hp_loss":0,"event_name":"Tomb of Lord Red Mask","floor":36,"gold_loss":0},{"damage_healed":0,"gold_gain":0,"player_choice":"Memory 3","damage_taken":10,"max_hp_gain":0,"max_hp_loss":0,"event_name":"SensoryStone","floor":38,"gold_loss":0}],"is_beta":true,"boss_relics":[{"not_picked":["Philosopher\u0027s Stone","Empty Cage"],"picked":"Pandora\u0027s Box"},{"not_picked":["SacredBark","Coffee Dripper"],"picked":"Tiny House"}],"items_purged_floors":[12],"is_endless":false,"potions_floor_spawned":[1,13,14,18,22,25,37,40],"killed_by":"Giant Head","ascension_level":20}}