{"host":"utqe55yv0jihe4d6","time":1608828526,"event":{"mods":["2.2 Compatiblity","AchievementEnabler","BaseMod","Block Reminder","Colored Map","Colored Powertips","Minty Spire (QoL Compilation)","Quick Restart","Rare Cards Sparkle","Relic Stats","SuperFastMode"],"gold_per_floor":[112,37,48,48,61,95,95,134,210,210,244,266,21,43,43,129,129,141,170,197,112,125,125,165,178,178,197,197,224,261,302,314,407,419,444,456,491,503,1532,697,741,364,389,424,443,80,105,122,122,122,122,122,122,43,76,76],"floor_reached":57,"playtime":5248,"items_purged":["Parasite","Strike_B","Normality","Normality","Defend_B"],"score":3000,"play_id":"90d18184-950e-4940-8e02-ab3cd4e2612a","local_time":"20201224114846","is_ascension_mode":true,"campfire_choices":[{"data":"Biased Cognition","floor":7.0,"key":"SMITH"},{"floor":10.0,"key":"REST"},{"data":"Defragment","floor":15.0,"key":"SMITH"},{"floor":23.0,"key":"REST"},{"data":"Fission","floor":28.0,"key":"SMITH"},{"floor":32.0,"key":"REST"},{"floor":49.0,"key":"RECALL"},{"data":"Defragment","floor":53.0,"key":"SMITH"}],"circlet_count":0,"master_deck":["AscendersBane","Strike_B","Defend_B+1","Defend_B","Defend_B","Zap","Dualcast","Biased Cognition+1","Conserve Battery","Glacier","Ball Lightning","Capacitor","Recycle","Fission+1","Defragment+1","Defragment+1","Core Surge","Sweeping Beam","Echo Form","Hologram+1","Ghostly","Ghostly","Ghostly","Force Field","Glacier","Meteor Strike","White Noise","Heatsinks","Coolheaded","Doom and Gloom","Parasite","Capacitor","Meteor Strike"],"relics":["Cracked Core","Bird Faced Urn","CeramicFish","Kunai","Calipers","Busted Crown","Gambling Chip","Pear","Singing Bowl","MawBank","Coffee Dripper","DataDisk","Incense Burner","ClockworkSouvenir","Turnip","War Paint","Blood Vial","Orichalcum","TheAbacus","Regal Pillow","Emotion Chip"],"acts_visited":["Exordium","TheCity","TheBeyond","TheEnding"],"potions_floor_usage":[55],"damage_taken":[{"damage":12.0,"enemies":"Jaw Worm","floor":1.0,"turns":3.0},{"damage":0.0,"enemies":"Cultist","floor":3.0,"turns":4.0},{"damage":0.0,"enemies":"2 Louse","floor":5.0,"turns":4.0},{"damage":15.0,"enemies":"Lagavulin","floor":6.0,"turns":8.0},{"damage":13.0,"enemies":"3 Sentries","floor":8.0,"turns":9.0},{"damage":11.0,"enemies":"Lagavulin","floor":11.0,"turns":7.0},{"damage":9.0,"enemies":"Blue Slaver","floor":12.0,"turns":5.0},{"damage":7.0,"enemies":"3 Louse","floor":14.0,"turns":5.0},{"damage":29.0,"enemies":"Hexaghost","floor":16.0,"turns":12.0},{"damage":24.0,"enemies":"2 Thieves","floor":18.0,"turns":4.0},{"damage":31.0,"enemies":"Chosen","floor":19.0,"turns":5.0},{"damage":0.0,"enemies":"Snake Plant","floor":22.0,"turns":7.0},{"damage":18.0,"enemies":"Book of Stabbing","floor":24.0,"turns":7.0},{"damage":0.0,"enemies":"Centurion and Healer","floor":25.0,"turns":7.0},{"damage":0.0,"enemies":"3 Cultists","floor":27.0,"turns":7.0},{"damage":44.0,"enemies":"Gremlin Leader","floor":29.0,"turns":6.0},{"damage":12.0,"enemies":"Shelled Parasite and Fungi","floor":31.0,"turns":6.0},{"damage":8.0,"enemies":"Automaton","floor":33.0,"turns":14.0},{"damage":3.0,"enemies":"3 Shapes","floor":35.0,"turns":6.0},{"damage":0.0,"enemies":"3 Darklings","floor":37.0,"turns":8.0},{"damage":11.0,"enemies":"Giant Head","floor":41.0,"turns":12.0},{"damage":0.0,"enemies":"Nemesis","floor":44.0,"turns":11.0},{"damage":0.0,"enemies":"Writhing Mass","floor":45.0,"turns":12.0},{"damage":36.0,"enemies":"Giant Head","floor":47.0,"turns":12.0},{"damage":0.0,"enemies":"Transient","floor":48.0,"turns":6.0},{"damage":0.0,"enemies":"Donu and Deca","floor":50.0,"turns":18.0},{"damage":5.0,"enemies":"Time Eater","floor":51.0,"turns":17.0},{"damage":0,"enemies":"Shield and Spear","floor":55,"turns":11},{"damage":2,"enemies":"The Heart","floor":56,"turns":16}],"seed_played":"7522494023078973852","potions_obtained":[{"floor":1.0,"key":"Block Potion"},{"floor":5.0,"key":"CultistPotion"},{"floor":11.0,"key":"Fire Potion"},{"floor":24.0,"key":"FocusPotion"},{"floor":27.0,"key":"PowerPotion"},{"floor":29.0,"key":"Fire Potion"},{"floor":37.0,"key":"Energy Potion"},{"floor":48.0,"key":"PowerPotion"}],"is_trial":false,"path_per_floor":["M","$","M","?","M","E","R","E","T","R","E","M","$","M","R","B",null,"M","M","?","?","M","R","E","M","T","M","R","E","T","M","R","B",null,"M","?","M","?","?","$","E","$","T","E","M","$","E","M","R","B","B",null,"R","$","E","B",null],"character_chosen":"DEFECT","items_purchased":["Defragment","Core Surge","DataDisk","Incense Burner","ClockworkSouvenir","Heatsinks","Doom and Gloom","War Paint","Capacitor","TheAbacus","Meteor Strike"],"campfire_rested":3,"item_purchase_floors":[13,13,40,40,40,40,42,42,46,46,54],"current_hp_per_floor":[52,52,52,52,52,37,37,28,28,48,41,36,36,35,35,14,55,39,16,16,16,26,34,34,44,44,46,46,9,9,5,19,25,42,50,50,50,47,47,47,43,43,43,49,51,51,17,47,47,55,55,55,55,55,57,57],"gold":76,"neow_bonus":"THREE_RARE_CARDS","is_daily":false,"chose_seed":false,"campfire_upgraded":4,"win_rate":0.0,"timestamp":1608828526,"path_taken":["M","$","M","?","M","E","R","E","T","R","E","M","?","M","R","BOSS","M","M","?","?","M","R","E","M","T","M","R","E","?","M","R","BOSS","M","?","M","?","?","?","E","$","T","E","?","$","E","M","R","BOSS","BOSS","R","$","E","BOSS"],"items_purchased_type":["Card","Card","Relic","Relic","Relic","Card","Card","Relic","Card","Relic","Card"],"build_version":"2020-12-22","purchased_purges":5,"victory":true,"max_hp_per_floor":[71,68,68,68,68,68,68,68,68,68,68,68,68,68,68,68,68,68,68,34,34,34,34,44,44,44,46,46,48,48,48,48,48,48,50,50,50,47,47,47,47,47,47,49,51,51,53,55,55,55,55,55,55,55,57,57],"relic_stats":{"Regal Pillow":0,"Singing Bowl":16,"counters":[29,248],"CeramicFish":207,"War Paint":["Hologram","Defend_B"],"Orichalcum":[36],"MawBank":132,"Blood Vial":6,"Emotion Chip":[3,1,2,0,0],"Busted Crown":34,"TheAbacus":[120],"Bird Faced Urn":[154],"Gambling Chip":[50],"Turnip":[5],"Kunai":[20],"obtain_stats":[{"Regal Pillow":47,"Calipers":11,"Pear":24,"Singing Bowl":26,"CeramicFish":8,"Incense Burner":40,"War Paint":42,"Orichalcum":44,"MawBank":29,"ClockworkSouvenir":40,"Blood Vial":43,"DataDisk":40,"Emotion Chip":55,"Busted Crown":17,"TheAbacus":46,"Bird Faced Urn":6,"Gambling Chip":21,"Turnip":41,"Coffee Dripper":34,"Kunai":9,"Cracked Core":0},{"Regal Pillow":24,"Calipers":6,"Pear":13,"Singing Bowl":14,"CeramicFish":5,"Incense Burner":20,"War Paint":21,"Orichalcum":22,"MawBank":16,"ClockworkSouvenir":20,"Blood Vial":21,"DataDisk":20,"Emotion Chip":28,"Busted Crown":9,"TheAbacus":23,"Bird Faced Urn":4,"Gambling Chip":11,"Turnip":21,"Coffee Dripper":18,"Kunai":5,"Cracked Core":0},{"Regal Pillow":181,"Calipers":35,"Pear":80,"Singing Bowl":87,"CeramicFish":28,"Incense Burner":134,"War Paint":146,"Orichalcum":157,"MawBank":100,"ClockworkSouvenir":134,"Blood Vial":146,"DataDisk":134,"Emotion Chip":232,"Busted Crown":57,"TheAbacus":169,"Bird Faced Urn":19,"Gambling Chip":66,"Turnip":146,"Coffee Dripper":120,"Kunai":28,"Cracked Core":0}]},"card_choices":[{"not_picked":["Creative AI","Seek"],"picked":"Biased Cognition","floor":0.0},{"not_picked":["Tempest","Streamline"],"picked":"Conserve Battery","floor":1.0},{"not_picked":["Sweeping Beam","Compile Driver"],"picked":"Glacier","floor":3.0},{"not_picked":["Scrape","Fusion"],"picked":"Ball Lightning","floor":5.0},{"not_picked":["Hologram","Fission"],"picked":"Capacitor","floor":6.0},{"not_picked":["Go for the Eyes","Leap"],"picked":"Recycle","floor":8.0},{"not_picked":["Go for the Eyes","Steam"],"picked":"Fission","floor":11.0},{"not_picked":["Conserve Battery","Consume"],"picked":"Defragment","floor":12.0},{"not_picked":["Stack","Consume"],"picked":"Sweeping Beam","floor":14.0},{"not_picked":["Amplify","Thunder Strike"],"picked":"Echo Form","floor":16.0},{"not_picked":["Gash"],"picked":"SKIP","floor":18.0},{"not_picked":[],"picked":"Hologram","floor":19.0},{"not_picked":["Rebound+1"],"picked":"SKIP","floor":22.0},{"not_picked":[],"picked":"Force Field","floor":24.0},{"not_picked":["Steam"],"picked":"SKIP","floor":25.0},{"not_picked":["FTL"],"picked":"Singing Bowl","floor":27.0},{"not_picked":["Stack"],"picked":"Singing Bowl","floor":29.0},{"not_picked":[],"picked":"Glacier","floor":31.0},{"not_picked":[],"picked":"Meteor Strike","floor":33.0},{"not_picked":["Streamline+1"],"picked":"Singing Bowl","floor":35.0},{"not_picked":[],"picked":"White Noise","floor":37.0},{"not_picked":[],"picked":"Coolheaded","floor":41.0},{"not_picked":["All For One"],"picked":"Singing Bowl","floor":44.0},{"not_picked":["Stack"],"picked":"Singing Bowl","floor":45.0},{"not_picked":["Gash"],"picked":"Singing Bowl","floor":47.0},{"not_picked":["Cold Snap"],"picked":"Singing Bowl","floor":48.0},{"not_picked":["Beam Cell"],"picked":"Singing Bowl","floor":55}],"player_experience":2845858,"relics_obtained":[{"floor":6.0,"key":"Bird Faced Urn"},{"floor":8.0,"key":"CeramicFish"},{"floor":9.0,"key":"Kunai"},{"floor":11.0,"key":"Calipers"},{"floor":24.0,"key":"Pear"},{"floor":26.0,"key":"Singing Bowl"},{"floor":29.0,"key":"MawBank"},{"floor":41.0,"key":"Turnip"},{"floor":43.0,"key":"Blood Vial"},{"floor":44.0,"key":"Orichalcum"},{"floor":47.0,"key":"Regal Pillow"},{"floor":55,"key":"Emotion Chip"}],"event_choices":[{"cards_removed":["Strike_B"],"damage_healed":0.0,"max_hp_gain":0.0,"max_hp_loss":0.0,"gold_gain":0.0,"event_name":"Purifier","player_choice":"Purged","floor":4.0,"gold_loss":0.0,"damage_taken":0.0},{"damage_healed":0.0,"max_hp_gain":0.0,"max_hp_loss":34.0,"gold_gain":0.0,"event_name":"Ghosts","player_choice":"Became a Ghost","floor":20.0,"gold_loss":0.0,"damage_taken":0.0,"cards_obtained":["Ghostly","Ghostly","Ghostly"]},{"damage_healed":0.0,"max_hp_gain":0.0,"max_hp_loss":0.0,"gold_gain":0.0,"event_name":"Addict","player_choice":"Obtained Relic","floor":21.0,"gold_loss":85.0,"damage_taken":0.0,"relics_obtained":["Gambling Chip"]},{"cards_removed":["Strike_B"],"damage_healed":0.0,"max_hp_gain":0.0,"max_hp_loss":0.0,"gold_gain":0.0,"event_name":"Falling","player_choice":"Removed Attack","floor":36.0,"gold_loss":0.0,"damage_taken":0.0},{"damage_healed":0.0,"max_hp_gain":0.0,"max_hp_loss":3.0,"gold_gain":0.0,"event_name":"Winding Halls","player_choice":"Max HP","floor":38.0,"gold_loss":0.0,"damage_taken":0.0},{"damage_healed":0.0,"max_hp_gain":0.0,"max_hp_loss":0.0,"gold_gain":999.0,"event_name":"MindBloom","player_choice":"Gold","floor":39.0,"gold_loss":0.0,"damage_taken":0.0,"cards_obtained":["Normality","Normality"]}],"is_beta":false,"boss_relics":[{"not_picked":["Tiny House","Runic Dome"],"picked":"Busted Crown"},{"not_picked":["Nuclear Battery","Velvet Choker"],"picked":"Coffee Dripper"}],"items_purged_floors":[2,13,40,42,46],"is_endless":false,"potions_floor_spawned":[1,5,11,19,24,27,29,31,37,48],"ascension_level":20}}