{"host":"e4o8jqjcho94s7p7","time":1608785084,"event":{"mods":["AchievementEnabler","BaseMod","Minty Spire (QoL Compilation)","Relic Stats"],"gold_per_floor":[111,13,13,32,46,78,78,106,106,106,135,145,176,193,193,295,295,307,317,37,37,37,37,37,62,114,128,142,172,172,207,207,313,313,324,344,360,413,472,504,526,564,564,589,598,617,617,451,451,451,451,451,31,60,60],"floor_reached":56,"playtime":3078,"items_purged":["Strike_R","Strike_R","Strike_R"],"score":1530,"play_id":"e5e026f1-6009-4f45-9d8c-caa5acfcb7b9","local_time":"20201223234444","is_ascension_mode":true,"campfire_choices":[{"data":"Uppercut","floor":7,"key":"SMITH"},{"data":"Offering","floor":10,"key":"SMITH"},{"floor":15,"key":"REST"},{"data":"Ghostly","floor":23,"key":"SMITH"},{"data":"Limit Break","floor":30,"key":"SMITH"},{"data":"Ghostly","floor":32,"key":"SMITH"},{"data":"Limit Break","floor":47,"key":"SMITH"},{"floor":49,"key":"RECALL"},{"data":"Ghostly","floor":52,"key":"SMITH"}],"circlet_count":0,"master_deck":["Strike_R","Strike_R","Defend_R","Defend_R","Defend_R+1","Defend_R+1","Bash+1","Clothesline","Uppercut+1","Shrug It Off","Offering+1","Dual Wield","Impervious","Demon Form","Pommel Strike+1","Spot Weakness","Reaper+1","RitualDagger+1","Ghostly+1","Ghostly+1","Ghostly","Ghostly","Ghostly+1","Dramatic Entrance+1","Limit Break+1","Dark Embrace+1","Limit Break+1","Bloodletting","True Grit+1","Pommel Strike+1","Dark Shackles","Rupture","Battle Trance"],"relics":["Philosopher\u0027s Stone","Molten Egg 2","Pear","Shuriken","Blue Candle","Orichalcum","Black Star","Pantograph","Omamori","War Paint","Strawberry","Mercury Hourglass","CeramicFish","Self Forming Clay","SlaversCollar","Champion Belt","Bag of Preparation","Matryoshka","Mango","Sundial","White Beast Statue","Bottled Tornado","Centennial Puzzle","Bag of Marbles","Calipers","Bronze Scales","Bottled Lightning"],"acts_visited":["Exordium","TheCity","TheBeyond","TheEnding"],"potions_floor_usage":[12,13,19,19,28,37,41,55,55],"damage_taken":[{"damage":14,"enemies":"Small Slimes","floor":1,"turns":3},{"damage":0,"enemies":"Cultist","floor":4,"turns":2},{"damage":0,"enemies":"2 Louse","floor":5,"turns":2},{"damage":9,"enemies":"Lagavulin","floor":6,"turns":5},{"damage":11,"enemies":"Gremlin Nob","floor":8,"turns":3},{"damage":17,"enemies":"3 Sentries","floor":11,"turns":7},{"damage":0,"enemies":"Red Slaver","floor":12,"turns":2},{"damage":16,"enemies":"Lagavulin","floor":13,"turns":4},{"damage":0,"enemies":"Large Slime","floor":14,"turns":5},{"damage":32,"enemies":"Slime Boss","floor":16,"turns":9},{"damage":18,"enemies":"Spheric Guardian","floor":18,"turns":4},{"damage":21,"enemies":"2 Thieves","floor":19,"turns":4},{"damage":22,"enemies":"Gremlin Leader","floor":25,"turns":6},{"damage":2,"enemies":"Snake Plant","floor":27,"turns":7},{"damage":0,"enemies":"Centurion and Healer","floor":28,"turns":6},{"damage":6,"enemies":"Book of Stabbing","floor":29,"turns":5},{"damage":6,"enemies":"Slavers","floor":31,"turns":5},{"damage":23,"enemies":"Collector","floor":33,"turns":9},{"damage":0,"enemies":"Orb Walker","floor":35,"turns":5},{"damage":6,"enemies":"3 Shapes","floor":36,"turns":3},{"damage":0,"enemies":"Maw","floor":37,"turns":7},{"damage":1,"enemies":"Mind Bloom Boss Battle","floor":39,"turns":4},{"damage":28,"enemies":"Reptomancer","floor":40,"turns":9},{"damage":1,"enemies":"3 Darklings","floor":41,"turns":5},{"damage":23,"enemies":"Giant Head","floor":42,"turns":8},{"damage":8,"enemies":"Reptomancer","floor":44,"turns":7},{"damage":21,"enemies":"Sphere and 2 Shapes","floor":46,"turns":9},{"damage":45,"enemies":"Donu and Deca","floor":50,"turns":8},{"damage":32,"enemies":"Shield and Spear","floor":54,"turns":6},{"damage":40,"enemies":"The Heart","floor":55,"turns":7}],"seed_played":"-1927405955705780101","potions_obtained":[{"floor":5,"key":"Explosive Potion"},{"floor":11,"key":"Energy Potion"},{"floor":14,"key":"Energy Potion"},{"floor":16,"key":"EssenceOfSteel"},{"floor":25,"key":"Dexterity Potion"},{"floor":28,"key":"Fire Potion"},{"floor":36,"key":"DistilledChaos"},{"floor":37,"key":"DistilledChaos"},{"floor":39,"key":"FearPotion"},{"floor":40,"key":"Swift Potion"},{"floor":44,"key":"Block Potion"},{"floor":46,"key":"SteroidPotion"}],"is_trial":false,"path_per_floor":["M","$","?","M","M","E","R","E","T","R","E","M","E","M","R","B",null,"M","M","$","?","?","R","?","E","T","M","M","E","R","E","R","B",null,"M","M","M","T","?","E","M","E","T","E","?","M","R","$","R","B",null,"R","$","E","B",null],"character_chosen":"IRONCLAD","items_purchased":["BlessingOfTheForge","Dexterity Potion","Reaper+1","AttackPotion","Battle Trance","Calipers"],"campfire_rested":1,"item_purchase_floors":[2,2,20,20,48,53],"current_hp_per_floor":[66,66,66,66,66,57,57,56,56,56,39,39,23,23,50,18,90,72,51,51,45,45,45,27,21,21,19,24,43,43,37,37,52,52,52,46,52,52,52,24,39,44,44,54,44,41,41,41,41,21,66,66,66,43,26],"gold":60,"neow_bonus":"BOSS_RELIC","is_daily":false,"chose_seed":false,"campfire_upgraded":7,"win_rate":0.0,"timestamp":1608785084,"path_taken":["M","$","?","M","M","E","R","E","T","R","E","M","E","M","R","BOSS","M","M","$","?","?","R","?","E","T","M","M","E","R","E","R","BOSS","M","M","M","?","?","E","M","E","T","E","?","M","R","$","R","BOSS","R","$","E","BOSS"],"items_purchased_type":["Potion","Potion","Card","Potion","Card","Relic"],"build_version":"2020-12-22","purchased_purges":3,"victory":true,"max_hp_per_floor":[80,80,80,80,80,80,80,90,90,90,90,90,90,90,90,90,90,90,90,90,90,45,45,45,45,45,45,45,52,52,52,52,52,52,52,52,52,52,52,52,52,66,66,66,66,66,66,66,66,66,66,66,66,66,66],"relic_stats":{"counters":[30,164],"Self Forming Clay":[138],"Blue Candle":[0],"CeramicFish":63,"Bag of Preparation":[14],"Orichalcum":[330],"War Paint":["Defend_R","Defend_R"],"Mercury Hourglass":[420],"Centennial Puzzle":[12],"Shuriken":[23],"Sundial":[6],"Pantograph":63,"Bronze Scales":[78],"Black Star":7,"Champion Belt":[13],"obtain_stats":[{"Calipers":53,"CeramicFish":31,"Mango":42,"Bag of Preparation":40,"Bottled Tornado":43,"Burning Blood":0,"Centennial Puzzle":44,"Matryoshka":40,"Sundial":42,"Pantograph":25,"Strawberry":29,"Philosopher\u0027s Stone":0,"Pear":8,"Self Forming Clay":31,"Blue Candle":11,"Omamori":25,"Orichalcum":13,"War Paint":26,"White Beast Statue":43,"Mercury Hourglass":29,"SlaversCollar":34,"Shuriken":9,"Bronze Scales":54,"Molten Egg 2":6,"Black Star":17,"Bag of Marbles":44,"Champion Belt":39,"Bottled Lightning":54},{"Calipers":28,"CeramicFish":17,"Mango":25,"Bag of Preparation":23,"Bottled Tornado":25,"Burning Blood":0,"Centennial Puzzle":26,"Matryoshka":23,"Sundial":25,"Pantograph":13,"Strawberry":16,"Philosopher\u0027s Stone":0,"Pear":5,"Self Forming Clay":17,"Blue Candle":6,"Omamori":13,"Orichalcum":8,"War Paint":13,"White Beast Statue":25,"Mercury Hourglass":16,"SlaversCollar":18,"Shuriken":5,"Bronze Scales":29,"Molten Egg 2":4,"Black Star":10,"Bag of Marbles":26,"Champion Belt":22,"Bottled Lightning":29},{"Calipers":151,"CeramicFish":78,"Mango":128,"Bag of Preparation":115,"Bottled Tornado":128,"Burning Blood":0,"Centennial Puzzle":135,"Matryoshka":115,"Sundial":128,"Pantograph":56,"Strawberry":74,"Philosopher\u0027s Stone":0,"Pear":15,"Self Forming Clay":78,"Blue Candle":22,"Omamori":56,"Orichalcum":28,"War Paint":56,"White Beast Statue":128,"Mercury Hourglass":74,"SlaversCollar":87,"Shuriken":15,"Bronze Scales":157,"Molten Egg 2":12,"Black Star":42,"Bag of Marbles":135,"Champion Belt":106,"Bottled Lightning":157}]},"card_choices":[{"not_picked":["Headbutt","Havoc"],"picked":"Clothesline","floor":1},{"not_picked":["Wild Strike","Shrug It Off"],"picked":"Uppercut","floor":4},{"not_picked":["Twin Strike","Dark Embrace"],"picked":"Shrug It Off","floor":5},{"not_picked":["Wild Strike+1","Intimidate","Havoc"],"picked":"SKIP","floor":6},{"not_picked":["Headbutt+1","Wild Strike+1"],"picked":"Offering","floor":8},{"not_picked":["Rampage+1","Clash+1","Power Through"],"picked":"SKIP","floor":11},{"not_picked":["Havoc","Clothesline+1"],"picked":"Dual Wield","floor":12},{"not_picked":["Dual Wield","Heavy Blade+1"],"picked":"Impervious","floor":13},{"not_picked":["Blood for Blood+1","Rampage+1","Sword Boomerang+1"],"picked":"SKIP","floor":14},{"not_picked":["Brutality","Immolate+1"],"picked":"Demon Form","floor":16},{"not_picked":["Clash+1","Whirlwind+1"],"picked":"Pommel Strike+1","floor":18},{"not_picked":["Shrug It Off","Clash+1"],"picked":"Spot Weakness","floor":19},{"not_picked":["Warcry","Iron Wave+1","Reckless Charge+1"],"picked":"SKIP","floor":25},{"not_picked":["Body Slam+1","Rupture"],"picked":"Limit Break","floor":27},{"not_picked":["Wild Strike+1","Body Slam+1","Sword Boomerang+1"],"picked":"SKIP","floor":28},{"not_picked":["Warcry","Double Tap"],"picked":"Dark Embrace+1","floor":29},{"not_picked":["Armaments","Power Through","Dual Wield"],"picked":"SKIP","floor":31},{"not_picked":["Bludgeon+1","Offering"],"picked":"Limit Break","floor":33},{"not_picked":["Seeing Red+1","Whirlwind+1","Clash+1"],"picked":"SKIP","floor":35},{"not_picked":["Sword Boomerang+1","Combust","Thunderclap+1"],"picked":"SKIP","floor":36},{"not_picked":["Seeing Red","Perfected Strike+1","Twin Strike+1"],"picked":"SKIP","floor":37},{"not_picked":["Body Slam+1","Entrench"],"picked":"Bloodletting","floor":39},{"not_picked":["Sword Boomerang+1","Blood for Blood+1","Metallicize+1"],"picked":"SKIP","floor":40},{"not_picked":["Cleave+1","Power Through"],"picked":"True Grit+1","floor":41},{"not_picked":["Armaments+1","Spot Weakness+1"],"picked":"Pommel Strike+1","floor":42},{"not_picked":["Warcry","Flex+1","Double Tap"],"picked":"SKIP","floor":44},{"not_picked":["Magnetism","Good Instincts"],"picked":"Dark Shackles","floor":45},{"not_picked":["Shrug It Off","Headbutt+1"],"picked":"Rupture","floor":46},{"not_picked":["Disarm+1","Sentinel","Dark Embrace"],"picked":"SKIP","floor":54}],"player_experience":131420,"relics_obtained":[{"floor":6,"key":"Molten Egg 2"},{"floor":8,"key":"Pear"},{"floor":9,"key":"Shuriken"},{"floor":11,"key":"Blue Candle"},{"floor":13,"key":"Orichalcum"},{"floor":25,"key":"Pantograph"},{"floor":25,"key":"Omamori"},{"floor":26,"key":"War Paint"},{"floor":29,"key":"Strawberry"},{"floor":29,"key":"Mercury Hourglass"},{"floor":31,"key":"CeramicFish"},{"floor":31,"key":"Self Forming Clay"},{"floor":39,"key":"Champion Belt"},{"floor":40,"key":"Bag of Preparation"},{"floor":40,"key":"Matryoshka"},{"floor":42,"key":"Mango"},{"floor":42,"key":"Sundial"},{"floor":43,"key":"White Beast Statue"},{"floor":43,"key":"Bottled Tornado"},{"floor":44,"key":"Centennial Puzzle"},{"floor":44,"key":"Bag of Marbles"},{"floor":54,"key":"Bronze Scales"},{"floor":54,"key":"Bottled Lightning"}],"event_choices":[{"damage_healed":0,"gold_gain":0,"player_choice":"Upgraded","damage_taken":0,"max_hp_gain":0,"max_hp_loss":0,"event_name":"Upgrade Shrine","floor":3,"gold_loss":0,"cards_upgraded":["Bash"]},{"damage_healed":0,"gold_gain":0,"player_choice":"Joined the Cult","damage_taken":6,"max_hp_gain":0,"max_hp_loss":0,"event_name":"Nest","floor":21,"gold_loss":0,"cards_obtained":["RitualDagger"]},{"damage_healed":0,"gold_gain":0,"player_choice":"Became a Ghost","damage_taken":0,"max_hp_gain":0,"max_hp_loss":45,"event_name":"Ghosts","floor":22,"gold_loss":0,"cards_obtained":["Ghostly","Ghostly","Ghostly","Ghostly","Ghostly"]},{"damage_healed":0,"gold_gain":0,"player_choice":"CARD POTION ","damage_taken":18,"max_hp_gain":0,"max_hp_loss":0,"event_name":"Knowing Skull","floor":24,"potions_obtained":["FearPotion"],"gold_loss":0,"cards_obtained":["Dramatic Entrance"]},{"damage_healed":0,"gold_gain":0,"player_choice":"Fight","damage_taken":0,"max_hp_gain":0,"max_hp_loss":0,"event_name":"MindBloom","floor":39,"gold_loss":0},{"damage_healed":0,"gold_gain":0,"player_choice":"Memory 3","damage_taken":10,"max_hp_gain":0,"max_hp_loss":0,"event_name":"SensoryStone","floor":45,"gold_loss":0}],"is_beta":false,"boss_relics":[{"not_picked":["Tiny House","Empty Cage"],"picked":"Black Star"},{"not_picked":["Busted Crown","Astrolabe"],"picked":"SlaversCollar"}],"items_purged_floors":[20,48,53],"is_endless":false,"potions_floor_spawned":[5,8,11,14,16,25,28,31,33,36,37,39,40,44,46,54],"ascension_level":2}}