{"host":"ya062ahhhuj9au1o","time":1608773226,"event":{"mods":["BaseMod","Better Third Choice","Filter the Spire","Hermit","Minty Spire (QoL Compilation)","Random Character Button","Robot Space Explorer","Somnambulant","StSLib","The Bug Knight","The Cursed","The Servant 0.9.4"],"gold_per_floor":[109,121,121,121,137,137,212,212,212,212,224,224,242,262,262,359,359,375,387,398,398,398,398,427,456,481,481,497,341,341,359,359,463,463,481,481,129,129,129,129],"floor_reached":41,"playtime":3581,"items_purged":["RobotSpaceExplorer:Defend","RobotSpaceExplorer:Reload"],"score":766,"play_id":"62ea46eb-96da-404d-9161-e9e2c69f1971","local_time":"20201223202706","is_ascension_mode":true,"campfire_choices":[{"data":"RobotSpaceExplorer:Calculate","floor":6,"key":"SMITH"},{"data":"RobotSpaceExplorer:PowerGlove","floor":8,"key":"SMITH"},{"data":"RobotSpaceExplorer:MiniLasers","floor":10,"key":"SMITH"},{"data":"RobotSpaceExplorer:PowerGlove","floor":15,"key":"SMITH"},{"data":"RobotSpaceExplorer:Scan","floor":23,"key":"SMITH"},{"data":"RobotSpaceExplorer:MiniDrones","floor":27,"key":"SMITH"},{"data":"RobotSpaceExplorer:Strike","floor":30,"key":"SMITH"},{"data":"PanicButton","floor":32,"key":"SMITH"}],"circlet_count":0,"master_deck":["RobotSpaceExplorer:Scan+1","RobotSpaceExplorer:MiniLasers+1","CurseOfTheBell","RobotSpaceExplorer:MiniDrones+1","RobotSpaceExplorer:Smokescreen","RobotSpaceExplorer:Calculate+1","RobotSpaceExplorer:PowerGlove+1","RobotSpaceExplorer:PowerGlove+1","RobotSpaceExplorer:JunkDive","RobotSpaceExplorer:MiniDrones","RobotSpaceExplorer:ScrapToss+1","RobotSpaceExplorer:RigExplosive","PanicButton+1","RobotSpaceExplorer:GlueSpray","RobotSpaceExplorer:Jetpack","RobotSpaceExplorer:ExhaustFan","RobotSpaceExplorer:Multitool","RobotSpaceExplorer:MiniDrones","RobotSpaceExplorer:ImprovisedAttack"],"relics":["Calling Bell","Tiny Chest","White Beast Statue","Gambling Chip","Meat on the Bone","Oddly Smooth Stone","Runic Pyramid","MutagenicStrength","Nunchaku","TungstenRod","Red Mask","MealTicket","Pandora\u0027s Box","ClockworkSouvenir"],"acts_visited":["Exordium","TheCity","TheBeyond"],"potions_floor_usage":[11,14,16,18,19,20,24,25,25,28,28,31,31,33,33,35,40,40,40],"damage_taken":[{"damage":2,"enemies":"2 Louse","floor":1,"turns":3},{"damage":1,"enemies":"Jaw Worm","floor":2,"turns":6},{"damage":4,"enemies":"Small Slimes","floor":5,"turns":5},{"damage":0,"enemies":"Gremlin Gang","floor":11,"turns":3},{"damage":9,"enemies":"Exordium Thugs","floor":13,"turns":3},{"damage":0,"enemies":"Large Slime","floor":14,"turns":2},{"damage":26,"enemies":"Hexaghost","floor":16,"turns":5},{"damage":4,"enemies":"3 Byrds","floor":18,"turns":3},{"damage":3,"enemies":"2 Thieves","floor":19,"turns":3},{"damage":0,"enemies":"3 Cultists","floor":20,"turns":2},{"damage":13,"enemies":"HollowMod:Nosk","floor":24,"turns":4},{"damage":0,"enemies":"Masked Bandits","floor":25,"turns":2},{"damage":0,"enemies":"Shelled Parasite and Fungi","floor":28,"turns":3},{"damage":6,"enemies":"Chosen and Byrds","floor":31,"turns":3},{"damage":7,"enemies":"Champ","floor":33,"turns":6},{"damage":0,"enemies":"Orb Walker","floor":35,"turns":3},{"damage":26,"enemies":"Donu and Deca","floor":40,"turns":7}],"seed_played":"1128210142105170994","potions_obtained":[{"floor":1,"key":"Swift Potion"},{"floor":2,"key":"GamblersBrew"},{"floor":5,"key":"Energy Potion"},{"floor":11,"key":"ColorlessPotion"},{"floor":13,"key":"EssenceOfSteel"},{"floor":14,"key":"FairyPotion"},{"floor":16,"key":"DistilledChaos"},{"floor":18,"key":"Dexterity Potion"},{"floor":19,"key":"PowerPotion"},{"floor":20,"key":"Block Potion"},{"floor":24,"key":"Regen Potion"},{"floor":25,"key":"Explosive Potion"},{"floor":28,"key":"Explosive Potion"},{"floor":31,"key":"Ancient Potion"},{"floor":33,"key":"PowerPotion"},{"floor":35,"key":"PowerPotion"}],"is_trial":false,"path_per_floor":["M","M","?","?","M","R","?","R","T","R","M","T","M","M","R","B",null,"M","M","M","?","T","R","E","?","T","R","M","$","R","M","R","B",null,"M","T","$","?","?","B",null],"character_chosen":"RobotSpaceExplorer","items_purchased":["PanicButton","RobotSpaceExplorer:MiniDrones","RobotSpaceExplorer:ImprovisedAttack","ClockworkSouvenir"],"campfire_rested":0,"item_purchase_floors":[29,37,37,37],"current_hp_per_floor":[66,65,70,70,66,66,55,55,55,55,55,55,46,46,46,32,68,64,61,61,61,61,61,48,53,53,53,53,68,68,62,62,55,74,74,74,80,80,80,54],"gold":129,"neow_bonus":"BOSS_RELIC","is_daily":false,"chose_seed":false,"campfire_upgraded":8,"win_rate":0.0,"timestamp":1608773226,"path_taken":["M","M","?","?","M","R","?","R","T","R","M","?","?","M","R","BOSS","M","?","M","?","?","R","E","?","T","R","M","?","R","?","R","BOSS","M","?","$","?","?","BOSS"],"items_purchased_type":["Card","Card","Card","Relic"],"build_version":"2020-12-22","purchased_purges":2,"victory":true,"max_hp_per_floor":[75,75,80,80,80,80,80,80,80,80,80,80,80,80,80,80,80,80,80,80,80,80,80,80,80,80,80,80,80,80,80,80,80,80,80,80,80,80,80,80],"card_choices":[{"not_picked":["RobotSpaceExplorer:Fix","RobotSpaceExplorer:LaserBurst"],"picked":"RobotSpaceExplorer:MiniDrones","floor":1},{"not_picked":["RobotSpaceExplorer:MiniDrones","RobotSpaceExplorer:ScrapMissile"],"picked":"RobotSpaceExplorer:Smokescreen","floor":2},{"not_picked":["RobotSpaceExplorer:ShovelStrike","RobotSpaceExplorer:ShockKick"],"picked":"RobotSpaceExplorer:PowerGlove","floor":5},{"not_picked":["RobotSpaceExplorer:ImprovisedAttack","RobotSpaceExplorer:SurgingStrike","RobotSpaceExplorer:FreezingShield"],"picked":"SKIP","floor":11},{"not_picked":["RobotSpaceExplorer:ShockKick","RobotSpaceExplorer:Blaster"],"picked":"RobotSpaceExplorer:PowerGlove","floor":13},{"not_picked":["RobotSpaceExplorer:Blitz","RobotSpaceExplorer:GlueShot"],"picked":"RobotSpaceExplorer:JunkDive","floor":14},{"not_picked":["RobotSpaceExplorer:ChargingLaser","RobotSpaceExplorer:ShockMissile"],"picked":"RobotSpaceExplorer:Wormhole","floor":16},{"not_picked":["RobotSpaceExplorer:BigMissile","RobotSpaceExplorer:ShockKick"],"picked":"RobotSpaceExplorer:MiniDrones","floor":18},{"not_picked":["RobotSpaceExplorer:FrostMissile","RobotSpaceExplorer:ScrapMissile"],"picked":"RobotSpaceExplorer:ScrapToss+1","floor":19},{"not_picked":["RobotSpaceExplorer:SlimeMissile+1","RobotSpaceExplorer:DroneSwarm","RobotSpaceExplorer:SurgingStrike"],"picked":"SKIP","floor":20},{"not_picked":["RobotSpaceExplorer:SelfCleaning","RobotSpaceExplorer:SwiftStep"],"picked":"RobotSpaceExplorer:RigExplosive","floor":24},{"not_picked":["RobotSpaceExplorer:ShockKick","RobotSpaceExplorer:DualCore","RobotSpaceExplorer:LaserBurst"],"picked":"SKIP","floor":28},{"not_picked":["RobotSpaceExplorer:LaserBurst","RobotSpaceExplorer:SelfCleaning","RobotSpaceExplorer:SurgingShield"],"picked":"SKIP","floor":31},{"not_picked":["RobotSpaceExplorer:Explosion","RobotSpaceExplorer:TrailblazerForm"],"picked":"RobotSpaceExplorer:Exploration","floor":33},{"not_picked":["RobotSpaceExplorer:ImprovisedAttack+1","RobotSpaceExplorer:GlueShot","RobotSpaceExplorer:SurgingStrike"],"picked":"SKIP","floor":35}],"player_experience":1663111,"relics_obtained":[{"floor":0,"key":"Tiny Chest"},{"floor":0,"key":"White Beast Statue"},{"floor":0,"key":"Gambling Chip"},{"floor":9,"key":"Meat on the Bone"},{"floor":12,"key":"Oddly Smooth Stone"},{"floor":22,"key":"Nunchaku"},{"floor":24,"key":"TungstenRod"},{"floor":25,"key":"Red Mask"},{"floor":26,"key":"MealTicket"}],"event_choices":[{"damage_healed":0,"gold_gain":0,"player_choice":"Donut","damage_taken":0,"max_hp_gain":5,"max_hp_loss":0,"event_name":"Big Fish","floor":3,"gold_loss":0},{"damage_healed":0,"gold_gain":0,"cards_transformed":["RobotSpaceExplorer:Defend"],"player_choice":"Change","damage_taken":0,"max_hp_gain":0,"max_hp_loss":0,"event_name":"Living Wall","floor":4,"gold_loss":0,"cards_obtained":["RobotSpaceExplorer:Calculate"]},{"damage_healed":0,"gold_gain":75,"player_choice":"Gold","damage_taken":11,"max_hp_gain":0,"max_hp_loss":0,"event_name":"betterThird:BetterGoop","floor":7,"gold_loss":0},{"damage_healed":0,"gold_gain":0,"player_choice":"Inject Mutagens","damage_taken":0,"relics_obtained":["MutagenicStrength"],"max_hp_gain":0,"max_hp_loss":0,"event_name":"Drug Dealer","floor":21,"gold_loss":0},{"damage_healed":0,"gold_gain":0,"player_choice":"Fought Bandits","damage_taken":0,"max_hp_gain":0,"max_hp_loss":0,"event_name":"Masked Bandits","floor":25,"gold_loss":0},{"damage_healed":0,"gold_gain":0,"player_choice":"Memory 1","damage_taken":0,"max_hp_gain":0,"max_hp_loss":0,"event_name":"SensoryStone","floor":38,"gold_loss":0},{"damage_healed":0,"gold_gain":0,"player_choice":"Portal","damage_taken":0,"max_hp_gain":0,"max_hp_loss":0,"event_name":"betterThird:BetterPortal","floor":39,"gold_loss":0}],"is_beta":false,"boss_relics":[{"not_picked":["Black Star","Runic Dome"],"picked":"Runic Pyramid"},{"not_picked":["Velvet Choker","Tiny House"],"picked":"Pandora\u0027s Box"}],"items_purged_floors":[29,37],"is_endless":false,"potions_floor_spawned":[1,2,5,11,13,14,16,18,19,20,24,25,28,31,33,35],"ascension_level":7}}