{"host":"jkgg7n5hn1slsm35","time":1608816401,"event":{"mods":["Aspiration","BaseMod","BetterRewards","Conspire","Googly Eyes","Gremlin Skip","Halation","Highlight Path","Hubris","Infinite Spire","Minty Spire (QoL Compilation)","Permanent Neow","StSLib","SuperFastMode","vexMod"],"gold_per_floor":[115,48,63,24,24,24,39,39,39,39,56,82,82,13,13,111,111,130,130,130,130,130,130,55,74,153,153,153,103,103,138,138,236,236,255,290,290,290,327,327,365,428,477,328,328,339,339,385,385,488,488,490,490,509,511,511,511,507,457,484,484,484,501,510,520,520,619,619,642,208,308,353,323,326,345,345,370,370,369,369,369,393,393,476,476,485,490,308,347,347,341,341],"floor_reached":91,"playtime":2343,"items_purged":["Strike_B","Strike_B","Strike_B","Defend_B"],"score":1557,"play_id":"c9ec3942-eafd-4144-be26-c063950cb939","local_time":"20201224142641","is_ascension_mode":false,"campfire_choices":[{"data":"Storm","floor":6,"key":"SMITH"},{"data":"White Noise","floor":8,"key":"SMITH"},{"data":"Zap","floor":13,"key":"SMITH"},{"floor":15,"key":"REST"},{"data":"Defragment","floor":23,"key":"SMITH"},{"data":"Defragment","floor":27,"key":"SMITH"},{"data":"Capacitor","floor":30,"key":"SMITH"},{"floor":32,"key":"REST"},{"data":"Static Discharge","floor":40,"key":"SMITH"},{"data":"conspire:SpireCoStock","floor":45,"key":"SMITH"},{"data":"Chill","floor":47,"key":"SMITH"},{"data":"Blizzard","floor":49,"key":"SMITH"},{"data":"Stack","floor":57,"key":"SMITH"},{"data":"Force Field","floor":61,"key":"SMITH"},{"data":"Defragment","floor":66,"key":"SMITH"},{"floor":78,"key":"REST"},{"data":"Storm","floor":81,"key":"SMITH"},{"data":"Storm","floor":83,"key":"SMITH"}],"circlet_count":0,"master_deck":["Defend_B","Defend_B","Defend_B","Zap+1","Capacitor+1","White Noise+1","Defragment+1","Storm+1","Defragment+1","Leap","Static Discharge+1","Blizzard+1","Force Field","Glacier","infinitespire:Fortify","Blizzard+1","conspire:SpireCoStock+1","Coolheaded","Stack+1","Coolheaded","Cold Snap+1","Chill+1","Creative AI+1","Coolheaded","Force Field+1","Cold Snap","Defragment+1","Capacitor","Creative AI","Stack","Storm+1","Storm+1","Storm+1","Self Repair+1","White Noise+1","Glacier+1","Stack","Defragment","Coolheaded+1"],"relics":["Cracked Core","conspire:Dentures","halation:Toothbrush","halation:BottledLove","Empty Cage","StoneCalendar","Eternal Feather","vexMod:MysteryBossChallenge","halation:MonkeysPaw","Orichalcum","vexMod:CardConverter","Happy Flower","Orrery","hubris:Reverence","hubris:64BitClover","Nuclear Battery","halation:IllGainedPizza","The Courier","Smiling Mask","Inserter","DollysMirror","Bottled Tornado","PreservedInsect","aspiration:RitualStick","hubris:SlimyHat","Membership Card","Pocketwatch","Molten Egg 2"],"acts_visited":["Exordium","TheCity","TheBeyond","Exordium","TheCity","TheBeyond"],"potions_floor_usage":[41,46,46,46,46,91],"damage_taken":[{"damage":0,"enemies":"Cultist","floor":1,"turns":3},{"damage":9,"enemies":"Small Slimes","floor":3,"turns":6},{"damage":7,"enemies":"2 Louse","floor":7,"turns":3},{"damage":7,"enemies":"Blue Slaver","floor":11,"turns":3},{"damage":11,"enemies":"Gremlin Nob","floor":12,"turns":4},{"damage":33,"enemies":"The Guardian","floor":16,"turns":6},{"damage":30,"enemies":"Shell Parasite","floor":18,"turns":5},{"damage":11,"enemies":"2 Thieves","floor":25,"turns":3},{"damage":15,"enemies":"Snecko","floor":31,"turns":5},{"damage":21,"enemies":"Champ","floor":33,"turns":9},{"damage":0,"enemies":"Orb Walker","floor":35,"turns":4},{"damage":38,"enemies":"conspire:MimicChest","floor":36,"turns":6},{"damage":0,"enemies":"3 Shapes","floor":39,"turns":4},{"damage":11,"enemies":"Transient","floor":41,"turns":5},{"damage":15,"enemies":"Mind Bloom Boss Battle","floor":42,"turns":7},{"damage":22,"enemies":"Writhing Mass","floor":46,"turns":6},{"damage":7,"enemies":"Nightmare","floor":48,"turns":8},{"damage":78,"enemies":"Time Eater","floor":50,"turns":10},{"damage":15,"enemies":"Jaw Worm","floor":52,"turns":3},{"damage":5,"enemies":"2 Louse","floor":54,"turns":3},{"damage":0,"enemies":"Cultist","floor":55,"turns":4},{"damage":6,"enemies":"Looter","floor":58,"turns":4},{"damage":5,"enemies":"Blue Slaver","floor":63,"turns":5},{"damage":3,"enemies":"Exordium Thugs","floor":64,"turns":5},{"damage":18,"enemies":"3 Sentries","floor":65,"turns":6},{"damage":64,"enemies":"Hexaghost","floor":67,"turns":6},{"damage":15,"enemies":"Shell Parasite","floor":69,"turns":6},{"damage":19,"enemies":"3 Byrds","floor":72,"turns":4},{"damage":7,"enemies":"Shelled Parasite and Fungi","floor":74,"turns":3},{"damage":10,"enemies":"Centurion and Healer","floor":75,"turns":5},{"damage":12,"enemies":"Cultist and Chosen","floor":79,"turns":4},{"damage":20,"enemies":"Chosen and Byrds","floor":82,"turns":3},{"damage":57,"enemies":"hubris:MusketHawk","floor":84,"turns":6},{"damage":7,"enemies":"3 Darklings","floor":86,"turns":3},{"damage":39,"enemies":"3 Shapes","floor":87,"turns":2},{"damage":67,"enemies":"Mind Bloom Boss Battle","floor":89,"turns":4},{"damage":30,"enemies":"3 Darklings","floor":90,"turns":3},{"damage":21,"enemies":"Giant Head","floor":91,"turns":1}],"seed_played":"-6267139002498023649","potions_obtained":[{"floor":7,"key":"LiquidBronze"},{"floor":11,"key":"Energy Potion"},{"floor":16,"key":"Fire Potion"},{"floor":33,"key":"Regen Potion"},{"floor":41,"key":"EntropicBrew"},{"floor":50,"key":"SteroidPotion"},{"floor":63,"key":"PowerPotion"},{"floor":67,"key":"Strength Potion"}],"is_trial":false,"path_per_floor":["M","$","M","$","?","R","M","R","T","?","M","E","R","$","R","B",null,"M","?","?","AVR","T","R","$","M","T","R","?","?","R","M","R","B",null,"M","?","?","?","M","R","M","?","T","$","R","M","R","NM","R","B",null,"M","?","M","M","AVR","R","M","?","T","R","T","M","M","E","R","B",null,"M","$","?","M","$","M","M","?","T","R","M","?","R","M","R","B",null,"M","M","$","?","M","E"],"character_chosen":"DEFECT","items_purchased":["White Noise","Storm","Blizzard","Orrery","Storm","DollysMirror","Bottled Tornado","Storm","Defragment","Membership Card"],"campfire_rested":3,"item_purchase_floors":[2,4,14,44,70,70,70,73,88,88],"current_hp_per_floor":[82,82,73,73,73,73,66,66,66,74,67,56,56,56,80,47,82,52,52,52,61,61,61,64,53,53,62,62,62,71,56,94,73,94,94,56,65,65,65,77,66,51,51,55,67,64,79,72,87,11,104,91,91,88,90,93,108,102,105,105,113,113,110,107,91,106,44,119,106,113,113,94,96,89,81,55,55,112,102,102,123,115,136,89,136,136,99,101,34,6,0,0],"gold":341,"neow_bonus":"TEN_PERCENT_HP_BONUS","is_daily":false,"chose_seed":false,"campfire_upgraded":15,"win_rate":0.0,"timestamp":1608816401,"path_taken":["M","$","M","?","?","R","M","R","T","?","M","E","R","$","R","BOSS","M","?","?","AVR","?","R","$","M","T","R","?","?","R","M","R","BOSS","M","?","?","?","M","R","M","?","T","$","R","M","R","NM","R","BOSS","M","?","M","M","AVR","R","M","?","T","R","?","?","?","E","R","BOSS","M","$","?","?","$","M","M","?","T","R","M","?","R","?","R","BOSS","M","M","$","?","M","E"],"items_purchased_type":["Card","Card","Card","Relic","Card","Relic","Relic","Card","Card","Relic"],"build_version":"2020-12-22","purchased_purges":4,"victory":false,"max_hp_per_floor":[82,82,82,82,82,82,82,82,82,82,82,82,82,82,82,82,82,82,82,82,91,91,91,94,94,94,94,94,94,94,94,94,94,94,94,94,94,94,94,94,94,94,94,98,98,102,102,102,102,104,104,106,106,108,110,113,113,113,113,113,113,113,115,115,117,117,119,119,121,128,128,128,130,130,132,132,132,132,134,134,134,136,136,136,136,136,138,140,140,142,142,142],"card_choices":[{"not_picked":["Consume","Double Energy"],"picked":"Capacitor","floor":1},{"not_picked":["Turbo","Undo"],"picked":"Defragment","floor":3},{"not_picked":["Streamline","Coolheaded"],"picked":"Defragment","floor":7},{"not_picked":["Barrage","Beam Cell"],"picked":"Leap","floor":11},{"not_picked":["hubris:SpecializedCircuitry","Hologram"],"picked":"Static Discharge","floor":12},{"not_picked":["conspire:SharedLibrary","Genetic Algorithm"],"picked":"Force Field","floor":18},{"not_picked":["Leap","Sweeping Beam"],"picked":"Blizzard+1","floor":25},{"not_picked":["Chaos","Ball Lightning"],"picked":"Coolheaded","floor":31},{"not_picked":["Turbo","Hologram","Sweeping Beam+1"],"picked":"SKIP","floor":35},{"not_picked":["Hologram","Leap"],"picked":"Stack","floor":36},{"not_picked":["Streamline","Hologram+1","conspire:Rain"],"picked":"SKIP","floor":39},{"not_picked":["Reprogram","Tempest","Redo"],"picked":"SKIP","floor":41},{"not_picked":["Ball Lightning","Rebound"],"picked":"Coolheaded","floor":44},{"not_picked":["Go for the Eyes","Melter+1"],"picked":"Cold Snap+1","floor":44},{"not_picked":["Conserve Battery+1","hubris:PowerSurge"],"picked":"Chill","floor":46},{"not_picked":["Go for the Eyes+1","Hologram","Leap"],"picked":"SKIP","floor":48},{"not_picked":["Go for the Eyes+1","Hologram","Leap"],"picked":"SKIP","floor":48},{"not_picked":["Echo Form","Rainbow"],"picked":"Creative AI","floor":50},{"not_picked":["Sweeping Beam","Doom and Gloom"],"picked":"Coolheaded","floor":52},{"not_picked":["Rebound","Go for the Eyes"],"picked":"Force Field","floor":54},{"not_picked":["Go for the Eyes","Rebound"],"picked":"Cold Snap","floor":55},{"not_picked":["Gash","Steam","Undo"],"picked":"SKIP","floor":58},{"not_picked":["Compile Driver","Tempest"],"picked":"Defragment","floor":63},{"not_picked":["Doom and Gloom","Streamline","Beam Cell"],"picked":"SKIP","floor":64},{"not_picked":["Stack","Beam Cell"],"picked":"Capacitor","floor":65},{"not_picked":["Core Surge","Echo Form"],"picked":"Creative AI","floor":67},{"not_picked":["Sweeping Beam+1","Compile Driver"],"picked":"Stack","floor":69},{"not_picked":["Hologram","Conserve Battery","Steam+1"],"picked":"SKIP","floor":72},{"not_picked":["Double Energy","Fusion","Reinforced Body"],"picked":"SKIP","floor":74},{"not_picked":["Doom and Gloom","Capacitor"],"picked":"Self Repair+1","floor":75},{"not_picked":["Rip and Tear","Hello World+1"],"picked":"White Noise+1","floor":79},{"not_picked":["Beam Cell","Rebound"],"picked":"Glacier+1","floor":82},{"not_picked":["Reinforced Body","Go for the Eyes","conspire:Rain+1"],"picked":"SKIP","floor":86},{"not_picked":["Sweeping Beam","Hello World+1"],"picked":"Stack","floor":87},{"not_picked":["Gash+1","Genetic Algorithm"],"picked":"Coolheaded+1","floor":90}],"player_experience":1788285,"relics_obtained":[{"floor":9,"key":"conspire:Dentures"},{"floor":12,"key":"halation:Toothbrush"},{"floor":22,"key":"StoneCalendar"},{"floor":26,"key":"Eternal Feather"},{"floor":36,"key":"Orichalcum"},{"floor":42,"key":"vexMod:CardConverter"},{"floor":43,"key":"Happy Flower"},{"floor":48,"key":"hubris:Reverence"},{"floor":60,"key":"halation:IllGainedPizza"},{"floor":62,"key":"The Courier"},{"floor":65,"key":"Smiling Mask"},{"floor":74,"key":"PreservedInsect"},{"floor":77,"key":"hubris:SlimyHat"},{"floor":89,"key":"Pocketwatch"},{"floor":90,"key":"Molten Egg 2"}],"event_choices":[{"damage_healed":0,"gold_gain":0,"player_choice":"Ignored","damage_taken":0,"max_hp_gain":0,"max_hp_loss":0,"event_name":"Vampires","floor":19,"gold_loss":0},{"damage_healed":0,"gold_gain":0,"player_choice":"Read","damage_taken":0,"max_hp_gain":0,"max_hp_loss":0,"event_name":"The Library","floor":20,"gold_loss":0,"cards_obtained":["Glacier"]},{"damage_healed":0,"gold_gain":0,"player_choice":"Invest 1","damage_taken":0,"max_hp_gain":0,"max_hp_loss":0,"event_name":"conspire:Investor","floor":29,"gold_loss":0},{"damage_healed":0,"gold_gain":0,"player_choice":"Fight","damage_taken":0,"max_hp_gain":0,"max_hp_loss":0,"event_name":"MindBloom","floor":42,"gold_loss":0},{"damage_healed":0,"gold_gain":0,"player_choice":"Grow","damage_taken":0,"max_hp_gain":0,"max_hp_loss":0,"event_name":"Living Wall","floor":53,"gold_loss":0,"cards_upgraded":["Creative AI"]},{"cards_removed":["Parasite"],"damage_healed":0,"gold_gain":0,"player_choice":"Card Removal","damage_taken":0,"max_hp_gain":0,"max_hp_loss":0,"event_name":"The Cleric","floor":59,"gold_loss":50},{"damage_healed":0,"gold_gain":100,"player_choice":"Pray","damage_taken":0,"max_hp_gain":0,"max_hp_loss":0,"event_name":"Golden Shrine","floor":71,"gold_loss":0},{"damage_healed":0,"gold_gain":0,"player_choice":"Fight","damage_taken":0,"max_hp_gain":0,"max_hp_loss":0,"event_name":"MindBloom","floor":89,"gold_loss":0}],"is_beta":false,"boss_relics":[{"not_picked":["aspiration:SilentSkillbook","halation:LoveArrow","hubris:TerracottaHorce"]},{"not_picked":["conspire:SlowCooker","SacredBark"],"picked":"vexMod:MysteryBossChallenge"},{"not_picked":["conspire:SeveredTorchhead","halation:Risk","halation:ForbiddenBikini"]},{"not_picked":["hubris:BlackHole","Astrolabe"],"picked":"Inserter"},{"not_picked":["aspiration:SecretTechniqueScroll","hubris:GrandSneckoEye","hubris:RunicObelisk"]}],"items_purged_floors":[21,24,56,70],"is_endless":true,"potions_floor_spawned":[7,11,16,33,35,36,41,50,54,58,63,67,69,72,82,84,86,89,90],"killed_by":"Giant Head","ascension_level":0}}