{"host":"knoo6yq0od847mqf","time":1608821115,"event":{"mods":["BaseMod","Bestiary","CatGirl Mod","Displayed Cursed Tome","Downfall","Duelist Mod","Hubris","Koishi","Marisa????????","Minty Spire (QoL Compilation)","Replay The Spire","StSLib","The Alterego","The Animator","The Blackbeard","The Bug Knight","The Hayseed","The Servant 0.9.4","Wandering Minibosses","Yuri Mod"],"gold_per_floor":[112,112,112,129,129,157,157,189,189,189,189,114,140,158,158,257,257,271,281,315,331,343,343,343,101,101,133,133,133,151,151,151,249,249,267,287,40,40,40,40],"floor_reached":41,"playtime":1666,"items_purged":["Pain"],"score":800,"play_id":"f0ce0cc2-619f-4cff-b0d1-46d08863e89a","local_time":"20201224154515","is_ascension_mode":false,"campfire_choices":[{"data":"blackbeard:RemoveScurvy","floor":10,"key":"SMITH"},{"data":"blackbeard:GoldenGuillotine","floor":15,"key":"SMITH"},{"data":"blackbeard:GoldenRain","floor":23,"key":"SMITH"},{"data":"blackbeard:BoostMorale","floor":29,"key":"SMITH"},{"data":"blackbeard:GoldenCannonball","floor":32,"key":"SMITH"}],"circlet_count":0,"master_deck":["blackbeard:BlackbeardStrike+1","blackbeard:BlackbeardStrike+1","blackbeard:BlackbeardStrike+1","blackbeard:BlackbeardStrike+1","blackbeard:IntimidatingStrike","blackbeard:BlackbeardDefend+1","blackbeard:BlackbeardDefend+1","blackbeard:BlackbeardDefend+1","blackbeard:BlackbeardDefend+1","blackbeard:Cutlass+1","blackbeard:RearmingStrike","blackbeard:BlindAttacks","blackbeard:GoldenGuillotine+1","blackbeard:RemoveScurvy+1","blackbeard:BoostMorale+1","blackbeard:GoldenRain+1","blackbeard:Provisioning","blackbeard:GoldenCannonball+1","blackbeard:JollyRoger","blackbeard:Halberd","blackbeard:TacticalRetreat+1","blackbeard:GoldenStrike+1","Finesse"],"relics":["blackbeard:LoadTheCannons","NeowsBlessing","WarpedTongs","yuri:PortableGlitches","Bag of Preparation","blackbeard:Penknife","blackbeard:PoorMathSkills","hubris:HollowSoul","Red Mask","Ornamental Fan","Bottled Lightning","Iron Hammer","Runic Pyramid","Garlic"],"acts_visited":["Exordium","TheCity","TheBeyond"],"potions_floor_usage":[20,21,21,33,33,40,40,40,40,40],"damage_taken":[{"damage":0,"enemies":"Jaw Worm","floor":1,"turns":1},{"damage":1,"enemies":"Cultist","floor":4,"turns":1},{"damage":0,"enemies":"Gremlin Nob","floor":6,"turns":1},{"damage":7,"enemies":"HollowMod:MossKnight","floor":8,"turns":8},{"damage":1,"enemies":"Replay:BlueRogue","floor":13,"turns":4},{"damage":1,"enemies":"2 Louse","floor":14,"turns":2},{"damage":16,"enemies":"Slime Boss","floor":16,"turns":8},{"damage":0,"enemies":"3 Byrds","floor":18,"turns":4},{"damage":1,"enemies":"Chosen","floor":19,"turns":3},{"damage":8,"enemies":"Masked Bandits","floor":20,"turns":2},{"damage":16,"enemies":"Shelled Parasite and Fungi","floor":21,"turns":3},{"damage":14,"enemies":"Centurion and Healer","floor":22,"turns":4},{"damage":0,"enemies":"theDuelist:KaibaA2","floor":27,"turns":2},{"damage":0,"enemies":"Snake Plant","floor":30,"turns":2},{"damage":54,"enemies":"Automaton","floor":33,"turns":8},{"damage":0,"enemies":"Orb Walker","floor":35,"turns":1},{"damage":6,"enemies":"3 Shapes","floor":36,"turns":2},{"damage":65,"enemies":"hubris:GrandSnecko","floor":40,"turns":8}],"seed_played":"941988914451005647","potions_obtained":[{"floor":6,"key":"SteroidPotion"},{"floor":8,"key":"PowerPotion"},{"floor":11,"key":"LifebloodPotion"},{"floor":11,"key":"blackbeard:OrangeJuicePotion"},{"floor":20,"key":"Strength Potion"},{"floor":21,"key":"CultistPotion"}],"is_trial":false,"path_per_floor":["M","?","?","M","?","E","?","E","T","R","?","$","E","M","R","B",null,"M","M","?","M","M","R","?","$","T","E","?","R","M","?","R","B",null,"M","M","$","?","?","B",null],"character_chosen":"BLACKBEARD_CLASS","items_purchased":["Ornamental Fan","Garlic"],"campfire_rested":0,"item_purchase_floors":[25,37],"current_hp_per_floor":[75,75,75,74,74,74,74,67,67,67,67,67,74,73,73,65,75,75,74,66,66,60,60,60,60,60,60,60,60,60,60,60,6,75,75,69,69,69,69,4],"gold":40,"neow_bonus":"THREE_ENEMY_KILL","is_daily":false,"chose_seed":false,"campfire_upgraded":5,"win_rate":0.0,"timestamp":1608821115,"path_taken":["M","?","?","?","?","E","?","E","T","R","?","$","E","M","R","BOSS","M","M","?","M","M","R","?","$","T","E","?","R","M","?","R","BOSS","M","M","$","?","?","BOSS"],"items_purchased_type":["Relic","Relic"],"build_version":"2020-12-22","purchased_purges":1,"victory":true,"max_hp_per_floor":[75,75,75,75,75,75,75,75,75,75,75,75,75,75,75,75,75,75,75,75,75,75,75,75,75,75,75,75,75,75,75,75,75,75,75,75,75,75,75,75],"card_choices":[{"not_picked":["blackbeard:CloakAndCannonball","blackbeard:TacticalRetreat"],"picked":"blackbeard:RearmingStrike","floor":1},{"not_picked":["blackbeard:Fencing","blackbeard:SwordDance"],"picked":"blackbeard:BlindAttacks","floor":4},{"not_picked":["blackbeard:RemoveScurvy","blackbeard:WeaponMastery"],"picked":"blackbeard:GoldenGuillotine","floor":6},{"not_picked":["blackbeard:Sharpening","blackbeard:PirateEarring"],"picked":"blackbeard:RemoveScurvy","floor":8},{"not_picked":["blackbeard:Toast","blackbeard:BeatUp"],"picked":"blackbeard:BoostMorale","floor":13},{"not_picked":["blackbeard:WiseDefense","blackbeard:TacticalRetreat","blackbeard:Revenge"],"picked":"SKIP","floor":14},{"not_picked":["blackbeard:CaptainsHat","blackbeard:PowerHungry"],"picked":"blackbeard:GoldenRain","floor":16},{"not_picked":["blackbeard:Fencing","blackbeard:Recklessness+1","blackbeard:Eyepatch"],"picked":"SKIP","floor":18},{"not_picked":["blackbeard:Dagger","blackbeard:Shrapnel+1"],"picked":"blackbeard:Provisioning","floor":19},{"not_picked":["blackbeard:CatONineTails","blackbeard:CannonballSupply+1"],"picked":"blackbeard:GoldenCannonball","floor":21},{"not_picked":["blackbeard:Fencing","blackbeard:HumongousCannonball","blackbeard:Shrapnel"],"picked":"SKIP","floor":22},{"not_picked":["blackbeard:Eyepatch","blackbeard:DoubleBottom"],"picked":"blackbeard:JollyRoger","floor":27},{"not_picked":["blackbeard:WeaponProficiency+1","blackbeard:TacticalRetreat+1","blackbeard:SwordDance+1"],"picked":"SKIP","floor":30},{"not_picked":["blackbeard:Murder","blackbeard:PirateStrength"],"picked":"blackbeard:Halberd","floor":33},{"not_picked":["blackbeard:Fencing+1","blackbeard:RearmingStrike+1"],"picked":"blackbeard:TacticalRetreat+1","floor":35},{"not_picked":["blackbeard:DangerousBlow","blackbeard:CatONineTails+1"],"picked":"blackbeard:GoldenStrike+1","floor":36},{"not_picked":["Chrysalis","expansioncontent:Hexaburn"],"picked":"Finesse","floor":38}],"player_experience":230511,"relics_obtained":[{"floor":6,"key":"yuri:PortableGlitches"},{"floor":8,"key":"Bag of Preparation"},{"floor":9,"key":"blackbeard:Penknife"},{"floor":13,"key":"blackbeard:PoorMathSkills"},{"floor":20,"key":"Red Mask"},{"floor":26,"key":"Bottled Lightning"},{"floor":27,"key":"Iron Hammer"}],"event_choices":[{"damage_healed":0,"gold_gain":0,"player_choice":"Ignored","damage_taken":0,"max_hp_gain":0,"max_hp_loss":0,"event_name":"Golden Wing","floor":2,"gold_loss":0},{"damage_healed":0,"gold_gain":0,"player_choice":"Rummage","damage_taken":0,"relics_obtained":["WarpedTongs"],"max_hp_gain":0,"max_hp_loss":0,"event_name":"Accursed Blacksmith","floor":3,"gold_loss":0,"cards_obtained":["Pain"]},{"damage_healed":0,"gold_gain":0,"player_choice":"Leave","damage_taken":0,"max_hp_gain":0,"max_hp_loss":0,"event_name":"The Cleric","floor":5,"gold_loss":0},{"damage_healed":0,"gold_gain":0,"player_choice":"Got Potions","damage_taken":0,"max_hp_gain":0,"max_hp_loss":0,"event_name":"Lab","floor":11,"gold_loss":0},{"damage_healed":0,"gold_gain":0,"player_choice":"Fought Bandits","damage_taken":0,"max_hp_gain":0,"max_hp_loss":0,"event_name":"Masked Bandits","floor":20,"gold_loss":0},{"damage_healed":0,"gold_gain":0,"player_choice":"Simplicity","damage_taken":0,"max_hp_gain":0,"max_hp_loss":0,"event_name":"Back to Basics","floor":24,"gold_loss":0,"cards_upgraded":["blackbeard:BlackbeardStrike","blackbeard:BlackbeardStrike","blackbeard:BlackbeardStrike","blackbeard:BlackbeardStrike","blackbeard:BlackbeardDefend","blackbeard:BlackbeardDefend","blackbeard:BlackbeardDefend","blackbeard:BlackbeardDefend"]},{"damage_healed":0,"gold_gain":0,"player_choice":"Memory 1","damage_taken":0,"max_hp_gain":0,"max_hp_loss":0,"event_name":"SensoryStone","floor":38,"gold_loss":0},{"damage_healed":0,"gold_gain":0,"player_choice":"Took Portal","damage_taken":0,"max_hp_gain":0,"max_hp_loss":0,"event_name":"SecretPortal","floor":39,"gold_loss":0}],"is_beta":false,"boss_relics":[{"not_picked":["Kintsugi","Snecko Eye"],"picked":"hubris:HollowSoul"},{"not_picked":["Pandora\u0027s Box","Replay:Drink Me"],"picked":"Runic Pyramid"}],"items_purged_floors":[12],"is_endless":false,"potions_floor_spawned":[6,8,13,20,21,27,30],"ascension_level":0}}