{"host":"9wikrgl9iunlmsmf","time":1608851828,"event":{"mods":["BaseMod","Colored Powertips","Downfall","Minty Spire (QoL Compilation)","Replay The Spire","StSLib","The Bug Knight"],"gold_per_floor":[117,130,130,142,158,183,183,92,139,164,18,18,18,18,18,114,114,128,147,147,147,147,147,166,166,213,213,213,232,232,232,232,328,328,344,344,60,110,163,163,191,41,64,79,79,79,79,79,79],"floor_reached":48,"playtime":3617,"items_purged":[],"score":637,"play_id":"c11ce573-578f-47d3-9fd2-8e142edf6b2a","local_time":"20201225001708","is_ascension_mode":false,"campfire_choices":[{"data":"HollowMod:ChannelNail","floor":7,"key":"SMITH"},{"floor":15,"key":"REST"},{"data":"HollowMod:theNailsmith","floor":23,"key":"SMITH"},{"data":"HollowMod:FocusHealStart","floor":25,"key":"SMITH"},{"data":"HollowMod:CornifersMapStart","floor":27,"key":"SMITH"},{"data":"HollowMod:MonarchWings","floor":32,"key":"SMITH"},{"data":"HollowMod:SoulEater","floor":40,"key":"SMITH"},{"data":"HollowMod:HornetsHelp","floor":46,"key":"SMITH"}],"circlet_count":0,"master_deck":["HollowMod:NailStrikeStart+1","HollowMod:NailStrikeStart+1","HollowMod:NailStrikeStart+1","HollowMod:NailStrikeStart+1","HollowMod:QuickDashStart+1","HollowMod:QuickDashStart+1","HollowMod:FocusHealStart+1","HollowMod:PogoStrike","HollowMod:CycloneSlash","HollowMod:HowlingWraiths","HollowMod:CrystalDash","HollowMod:DungDefenderAura","HollowMod:BaldurShell+1","HollowMod:theNailsmith+1","HollowMod:ChannelNail+1","HollowMod:SoulStrike","HollowMod:CornifersMapStart+1","Necronomicurse","HollowMod:MonarchWings+1","HollowMod:theNailsmith+1","HollowMod:MantisMark","HollowMod:HornetsHelp+1","HollowMod:NewJinnsSoul+1","HollowMod:SoulEater+1","HollowMod:ZotesMagnificence","HollowMod:MantisMark+1","HollowMod:DreamGate+1","HollowMod:GoodIntentions+1","Pot Of Greed","Pot Of Greed","Pot Of Greed","HollowMod:SoulStrike+1"],"relics":["HollowMod:VesselMask","ReplayTheSpireMod:TigerMarble","Meat on the Bone","Juzu Bracelet","Anchor","Bag of Preparation","Pet Ghost","Replay:Accelerometer","Coffee Dripper","Potion Belt","Necronomicon","SlaversCollar","Matryoshka","Pantograph","Orichalcum","Blood Vial","HollowMod:KingsBrand","HollowMod:LifeEnderRelic","Grinning Jar","Toy Ornithopter"],"acts_visited":["Exordium","TheCity","TheBeyond"],"potions_floor_usage":[6,6,16,24,29,33,41,41,47],"damage_taken":[{"damage":0,"enemies":"2 Louse","floor":1,"turns":3},{"damage":0,"enemies":"Cultist","floor":2,"turns":2},{"damage":0,"enemies":"Small Slimes","floor":4,"turns":2},{"damage":19,"enemies":"Exordium Thugs","floor":5,"turns":4},{"damage":19,"enemies":"HollowMod:MossKnight","floor":6,"turns":11},{"damage":4,"enemies":"3 Sentries","floor":10,"turns":4},{"damage":25,"enemies":"Slime Boss","floor":16,"turns":6},{"damage":13,"enemies":"3 Byrds","floor":18,"turns":4},{"damage":8,"enemies":"Shell Parasite","floor":19,"turns":6},{"damage":0,"enemies":"Snecko","floor":24,"turns":4},{"damage":7,"enemies":"Snake Plant","floor":29,"turns":5},{"damage":42,"enemies":"Pondfish","floor":33,"turns":16},{"damage":18,"enemies":"Orb Walker","floor":35,"turns":4},{"damage":64,"enemies":"Nemesis","floor":41,"turns":7},{"damage":15,"enemies":"3 Shapes","floor":44,"turns":4},{"damage":0,"enemies":"Transient","floor":47,"turns":3},{"damage":66,"enemies":"4 Shapes","floor":48,"turns":3}],"seed_played":"1609238690646815890","potions_obtained":[{"floor":2,"key":"PowerPotion"},{"floor":4,"key":"LiquidBronze"},{"floor":10,"key":"Regen Potion"},{"floor":16,"key":"EssenceOfSteel"},{"floor":18,"key":"SteroidPotion"},{"floor":29,"key":"SpeedPotion"},{"floor":35,"key":"Toxic Potion"},{"floor":39,"key":"SmokeBomb"},{"floor":39,"key":"Swift Potion"}],"is_trial":false,"path_per_floor":["M","M","?","M","M","E","R","?","T","E","$","?","?","?","R","B",null,"M","M","?","?","?","R","M","R","T","R","?","M","?","?","R","B",null,"M","?","$","T","?","R","E","$","T","M","?","R","M","M"],"character_chosen":"THE_BUGKNIGHT","items_purchased":["Pet Ghost","Matryoshka","HollowMod:SoulEater","Grinning Jar"],"campfire_rested":1,"item_purchase_floors":[11,37,37,42],"current_hp_per_floor":[75,75,75,75,62,55,55,55,55,51,51,44,49,49,71,61,75,68,60,46,46,46,46,52,52,52,52,36,41,41,41,41,23,80,62,62,62,62,62,62,22,22,22,27,27,27,46,0,0],"gold":79,"neow_bonus":"RANDOM_COMMON_RELIC","is_daily":false,"chose_seed":false,"campfire_upgraded":7,"win_rate":0.0,"timestamp":1608851828,"path_taken":["M","M","?","?","M","E","R","?","T","E","?","?","?","?","R","BOSS","M","M","?","?","?","R","M","R","T","R","?","M","?","?","R","BOSS","M","?","$","?","?","R","E","?","T","M","?","R","M","M"],"items_purchased_type":["Relic","Relic","Card","Relic"],"build_version":"2020-12-22","purchased_purges":0,"victory":false,"max_hp_per_floor":[75,75,75,75,75,75,75,75,75,75,75,75,75,75,75,75,75,75,75,80,80,80,80,80,80,80,80,80,80,80,80,80,80,80,80,80,80,80,80,80,80,80,80,80,80,80,80,80,80],"card_choices":[{"not_picked":["HollowMod:CloakDash","HollowMod:ShapeofUnn"],"picked":"HollowMod:CycloneSlash","floor":1},{"not_picked":["HollowMod:LifebloodCocoon","HollowMod:VengefulSpirit"],"picked":"HollowMod:HowlingWraiths","floor":2},{"not_picked":["HollowMod:CycloneSlash","HollowMod:NewGlowingWomb"],"picked":"HollowMod:DungDefenderAura","floor":4},{"not_picked":["HollowMod:GrimmsGift","HollowMod:LifebloodCocoon","HollowMod:FallenFury"],"picked":"SKIP","floor":5},{"not_picked":["HollowMod:HowlingWraiths","HollowMod:VengefulVoid"],"picked":"HollowMod:ChannelNail","floor":6},{"not_picked":["HollowMod:VoidDash","HollowMod:SoulSplash"],"picked":"HollowMod:BaldurShell","floor":10},{"not_picked":["HollowMod:ElderbugsWisdom","HollowMod:Hiveblood"],"picked":"HollowMod:theNailsmith","floor":16},{"not_picked":["HollowMod:NewLittleFool","HollowMod:TaintedHusks+1"],"picked":"HollowMod:ChannelNail","floor":18},{"not_picked":["HollowMod:FallenFury","HollowMod:ChannelNail"],"picked":"HollowMod:SoulStrike","floor":19},{"not_picked":["HollowMod:TaintedHusks","HollowMod:DreamGate"],"picked":"HollowMod:CornifersMapStart","floor":24},{"not_picked":["HollowMod:ChannelNail","HollowMod:SiblingsShadow+1"],"picked":"HollowMod:MonarchWings","floor":29},{"not_picked":["HollowMod:LifebloodCore","HollowMod:SlysStrikes"],"picked":"HollowMod:HornetsHelp","floor":33},{"not_picked":["HollowMod:InfectedCysts","HollowMod:ShadowDash"],"picked":"HollowMod:NewJinnsSoul+1","floor":35},{"not_picked":["HollowMod:ChannelNail","HollowMod:InfectedAttack"],"picked":"HollowMod:ZotesMagnificence","floor":39},{"not_picked":["HollowMod:CoiledNail+1","HollowMod:DoubleDash"],"picked":"HollowMod:MantisMark+1","floor":39},{"not_picked":["HollowMod:GoodIntentions","HollowMod:RecoilStrike+1"],"picked":"HollowMod:DreamGate+1","floor":39},{"not_picked":["HollowMod:SiblingsShadow","HollowMod:FallenFury"],"picked":"HollowMod:GoodIntentions+1","floor":41},{"not_picked":["HollowMod:NewLittleFool+1","HollowMod:GoodIntentions+1"],"picked":"HollowMod:SoulStrike+1","floor":44}],"player_experience":37387,"relics_obtained":[{"floor":6,"key":"Meat on the Bone"},{"floor":9,"key":"Anchor"},{"floor":10,"key":"Bag of Preparation"},{"floor":26,"key":"Potion Belt"},{"floor":28,"key":"Necronomicon"},{"floor":38,"key":"Pantograph"},{"floor":38,"key":"Orichalcum"},{"floor":39,"key":"Blood Vial"},{"floor":39,"key":"HollowMod:KingsBrand"},{"floor":41,"key":"HollowMod:LifeEnderRelic"},{"floor":43,"key":"Toy Ornithopter"}],"event_choices":[{"damage_healed":0,"gold_gain":0,"cards_transformed":["HollowMod:QuickDashStart"],"player_choice":"Transformed","damage_taken":0,"max_hp_gain":0,"max_hp_loss":0,"event_name":"Transmorgrifier","floor":3,"gold_loss":0,"cards_obtained":["HollowMod:CrystalDash"]},{"damage_healed":0,"gold_gain":0,"player_choice":"Paid Gold","damage_taken":0,"relics_obtained":["Juzu Bracelet"],"max_hp_gain":0,"max_hp_loss":0,"event_name":"WeMeetAgain","floor":8,"gold_loss":91},{"damage_healed":0,"gold_gain":0,"player_choice":"Success","damage_taken":7,"relics_obtained":["Replay:Accelerometer"],"max_hp_gain":0,"max_hp_loss":0,"event_name":"Scrap Ooze","floor":12,"gold_loss":0},{"cards_removed":["HollowMod:ChannelNail"],"damage_healed":5,"gold_gain":0,"player_choice":"Offered Common","damage_taken":0,"max_hp_gain":0,"max_hp_loss":0,"event_name":"Bonfire Elementals","floor":13,"gold_loss":0},{"cards_removed":["HollowMod:ChannelNail"],"damage_healed":5,"gold_gain":0,"player_choice":"Offered Special","damage_taken":0,"max_hp_gain":0,"max_hp_loss":0,"event_name":"Bonfire Elementals","floor":13,"gold_loss":0},{"damage_healed":0,"gold_gain":0,"player_choice":"Upgraded","damage_taken":0,"max_hp_gain":0,"max_hp_loss":0,"event_name":"Upgrade Shrine","floor":14,"gold_loss":0,"cards_upgraded":["HollowMod:BaldurShell"]},{"damage_healed":0,"gold_gain":0,"player_choice":"Shed Blood","damage_taken":19,"max_hp_gain":5,"max_hp_loss":0,"event_name":"Forgotten Altar","floor":20,"gold_loss":0},{"damage_healed":0,"gold_gain":0,"player_choice":"Upgraded","damage_taken":0,"max_hp_gain":0,"max_hp_loss":0,"event_name":"Upgrade Shrine","floor":21,"gold_loss":0,"cards_upgraded":["HollowMod:ChannelNail"]},{"damage_healed":0,"gold_gain":0,"player_choice":"Simplicity","damage_taken":0,"max_hp_gain":0,"max_hp_loss":0,"event_name":"Back to Basics","floor":22,"gold_loss":0,"cards_upgraded":["HollowMod:NailStrikeStart","HollowMod:NailStrikeStart","HollowMod:NailStrikeStart","HollowMod:NailStrikeStart","HollowMod:QuickDashStart","HollowMod:QuickDashStart","HollowMod:QuickDashStart"]},{"damage_healed":0,"gold_gain":0,"player_choice":"Obtained Book","damage_taken":16,"max_hp_gain":0,"max_hp_loss":0,"event_name":"Cursed Tome","floor":28,"gold_loss":0},{"damage_healed":0,"gold_gain":0,"player_choice":"Copied","damage_taken":0,"max_hp_gain":0,"max_hp_loss":0,"event_name":"Duplicator","floor":30,"gold_loss":0,"cards_obtained":["HollowMod:theNailsmith"]},{"damage_healed":0,"gold_gain":0,"player_choice":"Read","damage_taken":0,"max_hp_gain":0,"max_hp_loss":0,"event_name":"The Library","floor":31,"gold_loss":0,"cards_obtained":["HollowMod:MantisMark"]},{"damage_healed":0,"gold_gain":0,"player_choice":"Ignored","damage_taken":0,"max_hp_gain":0,"max_hp_loss":0,"event_name":"SecretPortal","floor":36,"gold_loss":0},{"cards_removed":["HollowMod:QuickDashStart"],"damage_healed":0,"gold_gain":0,"player_choice":"Removed Skill","damage_taken":0,"max_hp_gain":0,"max_hp_loss":0,"event_name":"Falling","floor":45,"gold_loss":0}],"is_beta":false,"boss_relics":[{"not_picked":["Runic Dome","Astrolabe"],"picked":"Coffee Dripper"},{"not_picked":["Philosopher\u0027s Stone","Replay:Wanted Poster"],"picked":"SlaversCollar"}],"items_purged_floors":[],"is_endless":false,"potions_floor_spawned":[2,4,10,16,18,29,35],"killed_by":"4 Shapes","ascension_level":0}}