{"host":"27tk4xseidcli2mr","time":1608815453,"event":{"mods":["2.2 Compatiblity","AchievementEnabler","Aspiration","BaseMod","Better Third Choice","Conspire","Custom Start","Hubris","Jorbs\u0027s Wanderer Trilogy","Minty Spire (QoL Compilation)","Replay The Spire","StSLib","SuperFastMode","[IsaacMod]????"],"gold_per_floor":[110,110,124,145,159,159,159],"floor_reached":6,"playtime":268,"items_purged":[],"score":76,"play_id":"07c64272-8360-45a4-9769-ce748a71308d","local_time":"20201224141053","is_ascension_mode":true,"campfire_choices":[],"circlet_count":0,"master_deck":["AscendersBane","Strike_R","Strike_R","Strike_R","Strike_R","Strike_R","Defend_R","Defend_R","Defend_R","Defend_R","Bash","Dropkick","hubris:StunningStrike","Anger","Anger"],"relics":["Burning Blood","HushsDoor","KeepersGift","Golden Idol"],"acts_visited":["Exordium"],"potions_floor_usage":[5,6],"damage_taken":[{"damage":16,"enemies":"Jaw Worm","floor":1,"turns":5},{"damage":0,"enemies":"Small Slimes","floor":3,"turns":2},{"damage":1,"enemies":"Cultist","floor":4,"turns":4},{"damage":8,"enemies":"3 Louse","floor":5,"turns":3},{"damage":47,"enemies":"3 Sentries","floor":6,"turns":8}],"seed_played":"-4998895316626195995","potions_obtained":[{"floor":1,"key":"Explosive Potion"},{"floor":5,"key":"BlessingOfTheForge"}],"is_trial":false,"path_per_floor":["M","?","M","M","M","E"],"character_chosen":"IRONCLAD","items_purchased":[],"campfire_rested":0,"item_purchase_floors":[],"current_hp_per_floor":[65,37,43,48,46,0,0],"gold":159,"neow_bonus":"TEN_PERCENT_HP_BONUS","is_daily":false,"chose_seed":false,"campfire_upgraded":0,"win_rate":0.0,"timestamp":1608815453,"path_taken":["M","?","M","M","M","E"],"items_purchased_type":[],"build_version":"2020-12-22","purchased_purges":0,"victory":false,"max_hp_per_floor":[82,82,82,82,82,82,82],"card_choices":[{"not_picked":[],"picked":"ChaosCard","floor":0},{"not_picked":["True Grit","ReplayTheSpireMod:Strike From Hell"],"picked":"Dropkick","floor":1},{"not_picked":["hubris:ReadiedAction","Run Through"],"picked":"hubris:StunningStrike","floor":3},{"not_picked":["conspire:Charge","hubris:ReadiedAction"],"picked":"Anger","floor":4},{"not_picked":["Rampage","Clash"],"picked":"Anger","floor":5}],"player_experience":1217144,"relics_obtained":[],"event_choices":[{"damage_healed":0,"gold_gain":0,"player_choice":"Take Damage","damage_taken":28,"relics_obtained":["Golden Idol"],"max_hp_gain":0,"max_hp_loss":0,"event_name":"Golden Idol","floor":2,"gold_loss":0}],"is_beta":false,"boss_relics":[],"items_purged_floors":[],"is_endless":false,"potions_floor_spawned":[1,5],"killed_by":"3 Sentries","ascension_level":20}}