{"host":"baymyijz6sxaqj5s","time":1608828670,"event":{"mods":["AchievementEnabler","BaseMod","Colored Map","Colored Powertips","DeckTracker","KOR Keyword Fix","Keyboard Shortcuts","Minty Spire (QoL Compilation)","Quick Restart","StSLib","SuperFastMode"],"gold_per_floor":[112,129,142,142,142,142,158,7,31,31,61,78,2,14,14,111,111,128,146,162,362,376,376,407,407,407],"floor_reached":25,"playtime":899,"items_purged":[],"score":226,"play_id":"0c725272-9956-4972-9c83-7cbc5cff0329","local_time":"20201225015110","is_ascension_mode":true,"campfire_choices":[{"data":"Deflect","floor":6,"key":"SMITH"},{"data":"Neutralize","floor":10,"key":"SMITH"},{"data":"Dodge and Roll","floor":15,"key":"SMITH"},{"floor":23,"key":"REST"}],"circlet_count":0,"master_deck":["Survivor","Neutralize+1","Leg Sweep+1","Deflect+1","Noxious Fumes","Terror","Catalyst","Dodge and Roll+1","Quick Slash","Noxious Fumes","Corpse Explosion","Noxious Fumes","Caltrops","Slice","Skewer","Bullet Time","Endless Agony","Masterful Stab","Outmaneuver+1","Bouncing Flask","Dodge and Roll+1","Backflip+1","Sucker Punch+1","Poisoned Stab+1"],"relics":["Ring of the Snake","TwistedFunnel","Dream Catcher","Pandora\u0027s Box","Smiling Mask"],"acts_visited":["Exordium","TheCity"],"potions_floor_usage":[14,14,24],"damage_taken":[{"damage":1,"enemies":"Cultist","floor":1,"turns":4},{"damage":0,"enemies":"2 Louse","floor":2,"turns":4},{"damage":0,"enemies":"Small Slimes","floor":3,"turns":4},{"damage":2,"enemies":"3 Louse","floor":7,"turns":4},{"damage":0,"enemies":"Blue Slaver","floor":12,"turns":5},{"damage":7,"enemies":"Gremlin Gang","floor":14,"turns":6},{"damage":29,"enemies":"Hexaghost","floor":16,"turns":13},{"damage":8,"enemies":"Shell Parasite","floor":18,"turns":5},{"damage":0,"enemies":"Chosen","floor":19,"turns":4},{"damage":26,"enemies":"3 Cultists","floor":20,"turns":4},{"damage":24,"enemies":"Shelled Parasite and Fungi","floor":22,"turns":5},{"damage":36,"enemies":"Gremlin Leader","floor":24,"turns":7},{"damage":7,"enemies":"Cultist and Chosen","floor":25,"turns":4}],"seed_played":"1552831440636060919","potions_obtained":[{"floor":3,"key":"Weak Potion"},{"floor":12,"key":"SpeedPotion"},{"floor":20,"key":"Swift Potion"},{"floor":22,"key":"CultistPotion"}],"is_trial":false,"path_per_floor":["M","M","M","?","?","R","M","$","T","R","?","M","$","M","R","B",null,"M","M","M","?","M","R","E","M"],"character_chosen":"THE_SILENT","items_purchased":["TwistedFunnel","Catalyst"],"campfire_rested":1,"item_purchase_floors":[8,13],"current_hp_per_floor":[76,76,76,76,76,76,74,74,74,74,74,74,74,67,67,38,77,69,69,43,43,19,42,6,0,0],"gold":407,"neow_bonus":"TEN_PERCENT_HP_BONUS","is_daily":false,"chose_seed":false,"campfire_upgraded":3,"win_rate":0.0,"timestamp":1608828670,"path_taken":["M","M","?","?","?","R","M","$","T","R","?","M","?","M","R","BOSS","M","M","?","?","M","R","E","?"],"items_purchased_type":["Relic","Card"],"build_version":"2020-12-22","purchased_purges":0,"victory":false,"max_hp_per_floor":[77,77,77,77,77,77,77,77,77,77,77,77,77,77,77,77,77,77,77,77,77,77,77,77,77,77],"card_choices":[{"not_picked":["Dagger Spray","Outmaneuver"],"picked":"Leg Sweep","floor":1},{"not_picked":["PiercingWail","Quick Slash"],"picked":"Deflect","floor":2},{"not_picked":["Tactician","Backflip"],"picked":"Noxious Fumes","floor":3},{"not_picked":["Quick Slash","Calculated Gamble","Acrobatics"],"picked":"SKIP","floor":7},{"not_picked":["Quick Slash","Caltrops"],"picked":"Terror","floor":12},{"not_picked":["Distraction","Dash"],"picked":"Dodge and Roll","floor":14},{"not_picked":["All Out Attack+1","Expertise"],"picked":"Outmaneuver+1","floor":18},{"not_picked":["Underhanded Strike+1","Dagger Throw"],"picked":"Bouncing Flask","floor":19},{"not_picked":["Expertise","Caltrops"],"picked":"Dodge and Roll+1","floor":20},{"not_picked":["Doppelganger","Outmaneuver"],"picked":"Backflip+1","floor":22},{"not_picked":["Prepared","Acrobatics"],"picked":"Sucker Punch+1","floor":23},{"not_picked":["Outmaneuver","PiercingWail+1"],"picked":"Poisoned Stab+1","floor":24}],"player_experience":225643,"relics_obtained":[{"floor":9,"key":"Dream Catcher"},{"floor":24,"key":"Smiling Mask"}],"event_choices":[{"damage_healed":0,"gold_gain":0,"player_choice":"Grow","damage_taken":0,"max_hp_gain":0,"max_hp_loss":0,"event_name":"Living Wall","floor":4,"gold_loss":0,"cards_upgraded":["Leg Sweep"]},{"damage_healed":0,"gold_gain":0,"player_choice":"Ignored","damage_taken":0,"max_hp_gain":0,"max_hp_loss":0,"event_name":"Golden Wing","floor":5,"gold_loss":0},{"damage_healed":0,"gold_gain":30,"player_choice":"Searched \u00271\u0027 times","damage_taken":0,"max_hp_gain":0,"max_hp_loss":0,"event_name":"Dead Adventurer","floor":11,"gold_loss":0},{"damage_healed":0,"gold_gain":200,"player_choice":"Gold","damage_taken":0,"max_hp_gain":0,"max_hp_loss":0,"event_name":"Wheel of Change","floor":21,"gold_loss":0}],"is_beta":false,"boss_relics":[{"not_picked":["Black Star","Velvet Choker"],"picked":"Pandora\u0027s Box"}],"items_purged_floors":[],"is_endless":false,"potions_floor_spawned":[3,12,20,22],"killed_by":"Cultist and Chosen","ascension_level":1}}