{"host":"i1ibt4vxe0effuru","time":1608776516,"event":{"mods":["AchievementEnabler","BaseMod","Card Forge","Minty Spire (QoL Compilation)","Quick Restart","Shop Mod","StSLib"],"gold_per_floor":[119,119,119,119,131,166,166,201,254,268,233,243,243,274,274,379,379,393,93,93,111,111,136,136,162,162,15,15,15,44,67,67,164,164,182,200,56,71,121,121,149,149,149,177,177,177,206,206,206,206,206,206,206,241,241],"floor_reached":56,"playtime":1199,"items_purged":[],"score":2538,"play_id":"8d4fbb6f-5bdf-4e43-a501-7715707e7513","local_time":"20201224122156","is_ascension_mode":true,"campfire_choices":[{"floor":15,"key":"REST"},{"floor":24,"key":"RECALL"},{"floor":32,"key":"REST"},{"floor":40,"key":"REST"},{"floor":45,"key":"REST"},{"floor":49,"key":"REST"},{"floor":52,"key":"REST"}],"circlet_count":0,"master_deck":["Reflex+1","Prepared+1","Tactician+1","Skewer+1","Prepared+1","Blur+1"],"relics":["Ring of the Serpent","Hammer of Thor","Seething Fire","Anvil of the Gods","Toy Ornithopter","Question Card","Boot","Bag of Preparation","HandDrill","Kunai","WingedGreaves","Blue Candle","Pen Nib","Omamori","PreservedInsect","Calling Bell","Dream Catcher","InkBottle","Unceasing Top","Snake Skull","Tingsha","Eternal Feather","Regal Pillow","Frozen Egg 2","Shuriken","Pear","Vajra"],"acts_visited":["Exordium","TheCity","TheBeyond","TheEnding"],"potions_floor_usage":[55],"damage_taken":[{"damage":2,"enemies":"Cultist","floor":1,"turns":4},{"damage":0,"enemies":"Jaw Worm","floor":4,"turns":1},{"damage":0,"enemies":"2 Louse","floor":5,"turns":1},{"damage":0,"enemies":"3 Sentries","floor":6,"turns":1},{"damage":0,"enemies":"Looter","floor":7,"turns":1},{"damage":0,"enemies":"Lagavulin","floor":8,"turns":1},{"damage":0,"enemies":"Large Slime","floor":10,"turns":1},{"damage":0,"enemies":"3 Louse","floor":12,"turns":1},{"damage":0,"enemies":"Gremlin Nob","floor":14,"turns":1},{"damage":0,"enemies":"Slime Boss","floor":16,"turns":1},{"damage":0,"enemies":"Spheric Guardian","floor":18,"turns":1},{"damage":0,"enemies":"2 Thieves","floor":21,"turns":1},{"damage":0,"enemies":"Book of Stabbing","floor":23,"turns":1},{"damage":0,"enemies":"Slavers","floor":25,"turns":1},{"damage":0,"enemies":"Gremlin Leader","floor":30,"turns":1},{"damage":0,"enemies":"Automaton","floor":33,"turns":1},{"damage":0,"enemies":"3 Darklings","floor":35,"turns":1},{"damage":0,"enemies":"Orb Walker","floor":36,"turns":1},{"damage":0,"enemies":"Jaw Worm Horde","floor":38,"turns":1},{"damage":0,"enemies":"Mind Bloom Boss Battle","floor":39,"turns":1},{"damage":0,"enemies":"Giant Head","floor":41,"turns":1},{"damage":0,"enemies":"Reptomancer","floor":44,"turns":1},{"damage":0,"enemies":"Nemesis","floor":47,"turns":1},{"damage":0,"enemies":"Awakened One","floor":50,"turns":2},{"damage":0,"enemies":"Shield and Spear","floor":54,"turns":1},{"damage":0,"enemies":"The Heart","floor":55,"turns":3}],"seed_played":"8799529295847518865","potions_obtained":[{"floor":38,"key":"Dexterity Potion"},{"floor":41,"key":"BlessingOfTheForge"},{"floor":44,"key":"BlessingOfTheForge"},{"floor":47,"key":"GamblersBrew"}],"is_trial":false,"path_per_floor":["M","$","?","M","M","E","M","E","T","M","?","M","$","E","R","B",null,"M","$","?","M","?","E","R","E","T","$","?","$","E","T","R","B",null,"M","M","$","M","?","R","E","?","T","E","R","?","E","T","R","B",null,"R","$","E","B",null],"character_chosen":"THE_SILENT","items_purchased":["Bag of Preparation","HandDrill","Pen Nib","Snake Skull"],"campfire_rested":6,"item_purchase_floors":[19,19,27,37],"current_hp_per_floor":[68,68,68,68,68,68,68,68,68,68,77,77,77,77,77,77,77,77,77,77,77,77,77,77,77,77,77,77,77,77,77,77,77,77,77,77,77,77,77,77,77,77,77,77,77,77,77,87,87,87,87,87,87,87,87],"gold":241,"neow_bonus":"TEN_PERCENT_HP_BONUS","is_daily":false,"chose_seed":false,"campfire_upgraded":0,"win_rate":0.0,"timestamp":1608776516,"path_taken":["M","$","?","M","?","E","M","E","T","M","?","M","?","E","R","BOSS","M","$","?","M","?","E","R","E","T","$","?","$","E","?","R","BOSS","M","M","$","M","?","R","E","?","T","E","R","?","E","?","R","BOSS","R","$","E","BOSS"],"items_purchased_type":["Relic","Relic","Relic","Relic"],"build_version":"2020-12-22","purchased_purges":0,"victory":true,"max_hp_per_floor":[77,77,77,77,77,77,77,77,77,77,77,77,77,77,77,77,77,77,77,77,77,77,77,77,77,77,77,77,77,77,77,77,77,77,77,77,77,77,77,77,77,77,77,77,77,77,77,87,87,87,87,87,87,87,87],"card_choices":[{"not_picked":["Backflip","Eviscerate","Riddle With Holes"],"picked":"SKIP","floor":1},{"not_picked":["Flying Knee","PiercingWail","Noxious Fumes"],"picked":"SKIP","floor":4},{"not_picked":["Bane","Terror","Concentrate"],"picked":"SKIP","floor":5},{"not_picked":["A Thousand Cuts","Noxious Fumes","Finisher"],"picked":"SKIP","floor":6},{"not_picked":["Blade Dance","Prepared","Endless Agony"],"picked":"SKIP","floor":7},{"not_picked":["Flechettes","Footwork","Poisoned Stab"],"picked":"SKIP","floor":8},{"not_picked":["Blur","Dodge and Roll","Caltrops","Crippling Poison"],"picked":"SKIP","floor":10},{"not_picked":["Heel Hook","Underhanded Strike","Acrobatics","Bane"],"picked":"SKIP","floor":12},{"not_picked":["Terror","Dash","PiercingWail","Noxious Fumes"],"picked":"SKIP","floor":14},{"not_picked":["Dagger Throw+1","Catalyst+1","Deflect+1","Quick Slash+1"],"picked":"SKIP","floor":18},{"not_picked":["Expertise","Terror","Dash","Setup"],"picked":"SKIP","floor":21},{"not_picked":["All Out Attack","Quick Slash","Deadly Poison","Calculated Gamble"],"picked":"SKIP","floor":23},{"not_picked":["Crippling Poison+1","Tactician","Eviscerate","Dodge and Roll"],"picked":"SKIP","floor":25},{"not_picked":["Acrobatics","Terror","Cloak And Dagger+1","A Thousand Cuts"],"picked":"SKIP","floor":30},{"not_picked":["Cloak And Dagger","Flying Knee+1","Backstab+1","Poisoned Stab"],"picked":"SKIP","floor":35},{"not_picked":["Blade Dance","Storm of Steel","Backflip+1","Expertise+1"],"picked":"SKIP","floor":36},{"not_picked":["Outmaneuver","Finisher+1","Deadly Poison","Bouncing Flask+1"],"picked":"SKIP","floor":38},{"not_picked":["Night Terror","Flying Knee+1","Bouncing Flask+1","Calculated Gamble+1"],"picked":"SKIP","floor":41},{"not_picked":["Blade Dance","Eviscerate","Tactician+1","Sucker Punch+1"],"picked":"SKIP","floor":44},{"not_picked":["Unload","All Out Attack","Cloak And Dagger","Dodge and Roll"],"picked":"SKIP","floor":47},{"not_picked":["Sucker Punch","Deadly Poison","Flechettes","Footwork+1"],"picked":"SKIP","floor":54}],"player_experience":160374,"relics_obtained":[{"floor":6,"key":"Toy Ornithopter"},{"floor":8,"key":"Question Card"},{"floor":14,"key":"Boot"},{"floor":23,"key":"Kunai"},{"floor":25,"key":"WingedGreaves"},{"floor":26,"key":"Blue Candle"},{"floor":30,"key":"Omamori"},{"floor":31,"key":"PreservedInsect"},{"floor":34,"key":"Dream Catcher"},{"floor":34,"key":"InkBottle"},{"floor":34,"key":"Unceasing Top"},{"floor":39,"key":"Tingsha"},{"floor":41,"key":"Eternal Feather"},{"floor":43,"key":"Regal Pillow"},{"floor":44,"key":"Frozen Egg 2"},{"floor":47,"key":"Shuriken"},{"floor":48,"key":"Pear"},{"floor":54,"key":"Vajra"}],"event_choices":[{"damage_healed":0,"gold_gain":0,"player_choice":"Bought 0 Potions","damage_taken":0,"max_hp_gain":0,"max_hp_loss":0,"event_name":"The Woman in Blue","floor":3,"gold_loss":0},{"damage_healed":19,"gold_gain":0,"player_choice":"Healed","damage_taken":0,"max_hp_gain":0,"max_hp_loss":0,"event_name":"The Cleric","floor":11,"gold_loss":35},{"damage_healed":0,"gold_gain":0,"player_choice":"Ignored","damage_taken":0,"max_hp_gain":0,"max_hp_loss":0,"event_name":"Beggar","floor":20,"gold_loss":0},{"damage_healed":0,"gold_gain":0,"player_choice":"Ignored","damage_taken":0,"max_hp_gain":0,"max_hp_loss":0,"event_name":"The Mausoleum","floor":22,"gold_loss":0},{"damage_healed":0,"gold_gain":0,"player_choice":"Simplicity","damage_taken":0,"max_hp_gain":0,"max_hp_loss":0,"event_name":"Back to Basics","floor":28,"gold_loss":0,"cards_upgraded":[]},{"damage_healed":0,"gold_gain":0,"player_choice":"Fight","damage_taken":0,"max_hp_gain":0,"max_hp_loss":0,"event_name":"MindBloom","floor":39,"gold_loss":0},{"cards_removed":["Skewer"],"damage_healed":0,"gold_gain":0,"player_choice":"Removed Attack","damage_taken":0,"max_hp_gain":0,"max_hp_loss":0,"event_name":"Falling","floor":42,"gold_loss":0},{"damage_healed":19,"gold_gain":0,"player_choice":"Writhe","damage_taken":0,"max_hp_gain":0,"max_hp_loss":0,"event_name":"Winding Halls","floor":46,"gold_loss":0,"cards_obtained":["Writhe"]}],"is_beta":false,"boss_relics":[{"not_picked":["Tiny House","Busted Crown"],"picked":"Ring of the Serpent"},{"not_picked":["Runic Dome","Philosopher\u0027s Stone"],"picked":"Calling Bell"}],"items_purged_floors":[],"is_endless":false,"potions_floor_spawned":[4,6,10,12,14,16,21,30,38,41,44,47],"ascension_level":9}}