{"host":"4nqeo0vu1vuav7gg","time":1608814213,"event":{"mods":["AchievementEnabler","BaseMod","Block Reminder","Colored Map","Colored Powertips","Highlight Path","Minty Spire (QoL Compilation)","Quick Restart","Rare Cards Sparkle","Relic Relevance Reorder","StSLib"],"gold_per_floor":[115,170,320,335,351,381,381,411,465,477,477,491,522,536,536,613,613,633,24,40,40,40,74,74,74],"floor_reached":24,"playtime":1127,"items_purged":["Doubt"],"score":425,"play_id":"dcb67e6e-3efd-4741-a05f-dde9207ff919","local_time":"20201224135013","is_ascension_mode":true,"campfire_choices":[{"floor":7.0,"key":"REST"},{"floor":11.0,"key":"REST"},{"floor":15.0,"key":"REST"}],"circlet_count":0,"master_deck":["AscendersBane","Strike_B","Strike_B","Strike_B","Defend_B","Defend_B","Defend_B","Zap","Dualcast","Scrape","Hyperbeam","Glacier","Chill","Cold Snap","Go for the Eyes","Melter","Static Discharge","Darkness","Beam Cell","BootSequence","Amplify","Gash","Loop","Consume","Reinforced Body+1","Auto Shields"],"relics":["Cracked Core","Art of War","Letter Opener","Mummified Hand","Inserter","Ancient Tea Set","Smiling Mask","Matryoshka","Strawberry","Boot"],"acts_visited":["Exordium","TheCity"],"potions_floor_usage":[],"damage_taken":[{"damage":6.0,"enemies":"Cultist","floor":1.0,"turns":3.0},{"damage":4.0,"enemies":"Small Slimes","floor":4.0,"turns":3.0},{"damage":2.0,"enemies":"Jaw Worm","floor":5.0,"turns":3.0},{"damage":29.0,"enemies":"Lagavulin","floor":6.0,"turns":9.0},{"damage":8.0,"enemies":"Gremlin Nob","floor":8.0,"turns":4.0},{"damage":12.0,"enemies":"2 Fungi Beasts","floor":10.0,"turns":3.0},{"damage":6.0,"enemies":"Looter","floor":12.0,"turns":2.0},{"damage":21.0,"enemies":"3 Sentries","floor":13.0,"turns":4.0},{"damage":1.0,"enemies":"Blue Slaver","floor":14.0,"turns":4.0},{"damage":24.0,"enemies":"The Guardian","floor":16.0,"turns":12.0},{"damage":30.0,"enemies":"Chosen","floor":18.0,"turns":6.0},{"damage":6.0,"enemies":"Spheric Guardian","floor":20.0,"turns":5.0},{"damage":20.0,"enemies":"Gremlin Leader","floor":23.0,"turns":7.0},{"damage":6,"enemies":"Snecko","floor":24,"turns":4}],"seed_played":"8534054517081746176","potions_obtained":[{"floor":1.0,"key":"Explosive Potion"},{"floor":4.0,"key":"Explosive Potion"},{"floor":10.0,"key":"LiquidMemories"},{"floor":12.0,"key":"SpeedPotion"},{"floor":18.0,"key":"Block Potion"},{"floor":20.0,"key":"SkillPotion"}],"is_trial":false,"path_per_floor":["M","T","?","M","M","E","R","E","T","M","R","M","E","M","R","B",null,"M","$","M","$","?","E","M"],"character_chosen":"DEFECT","items_purchased":["Loop","Consume","Mummified Hand","DuplicationPotion"],"campfire_rested":3,"item_purchase_floors":[19,19,19,19],"current_hp_per_floor":[40,40,40,36,34,12,35,27,27,15,38,32,11,10,33,9,61,31,31,25,25,25,5,0,0],"gold":74,"neow_bonus":"TRANSFORM_TWO_CARDS","is_daily":false,"chose_seed":false,"campfire_upgraded":0,"win_rate":0.0,"timestamp":1608814213,"path_taken":["M","?","?","M","M","E","R","E","T","M","R","M","E","M","R","BOSS","M","$","M","$","?","E","M"],"items_purchased_type":["Card","Card","Relic","Potion"],"build_version":"2020-12-22","purchased_purges":1,"victory":false,"max_hp_per_floor":[71,71,71,71,71,78,78,78,78,78,78,78,78,78,78,78,78,78,78,78,78,78,78,78,78],"card_choices":[{"not_picked":["Stack","Consume"],"picked":"Glacier","floor":1.0},{"not_picked":["Lockon","Auto Shields"],"picked":"Chill","floor":4.0},{"not_picked":["Darkness","Redo"],"picked":"Cold Snap","floor":5.0},{"not_picked":["Steam","Redo"],"picked":"Go for the Eyes","floor":6.0},{"not_picked":["Darkness","Multi-Cast"],"picked":"Melter","floor":8.0},{"not_picked":["Scrape","Stack"],"picked":"Static Discharge","floor":10.0},{"not_picked":["Turbo","Beam Cell"],"picked":"Darkness","floor":12.0},{"not_picked":["Ball Lightning","Sweeping Beam"],"picked":"Beam Cell","floor":13.0},{"not_picked":["Heatsinks","Reprogram"],"picked":"BootSequence","floor":14.0},{"not_picked":["Multi-Cast","Meteor Strike"],"picked":"Amplify","floor":16.0},{"not_picked":["Streamline","Rebound"],"picked":"Gash","floor":18.0},{"not_picked":["Capacitor","Steam"],"picked":"Reinforced Body+1","floor":20.0},{"not_picked":["Conserve Battery","Cold Snap"],"picked":"Auto Shields","floor":23.0}],"player_experience":991980,"relics_obtained":[{"floor":2.0,"key":"Boot"},{"floor":6.0,"key":"Strawberry"},{"floor":8.0,"key":"Matryoshka"},{"floor":9.0,"key":"Art of War"},{"floor":9.0,"key":"Ancient Tea Set"},{"floor":13.0,"key":"Letter Opener"},{"floor":23.0,"key":"Smiling Mask"}],"event_choices":[{"damage_healed":0.0,"max_hp_gain":0.0,"max_hp_loss":0.0,"gold_gain":150.0,"event_name":"Liars Game","player_choice":"AGREE","floor":3.0,"gold_loss":0.0,"damage_taken":0.0,"cards_obtained":["Doubt"]},{"damage_healed":0.0,"max_hp_gain":0.0,"max_hp_loss":0.0,"gold_gain":0.0,"event_name":"Ghosts","player_choice":"Ignored","floor":22.0,"gold_loss":0.0,"damage_taken":0.0}],"is_beta":false,"boss_relics":[{"not_picked":["Coffee Dripper","Calling Bell"],"picked":"Inserter"}],"items_purged_floors":[19],"is_endless":false,"potions_floor_spawned":[1,4,10,12,18,20],"killed_by":"Snecko","ascension_level":16}}