{"host":"njruw0b0uprlitpx","time":1608827810,"event":{"mods":["2.2 Compatiblity","Astrologer","Bartender","BaseMod","Better Altar","Better Match","Better Note","Better Sensory Stone","Better Skull","Better Third Choice","BetterRewards","Block Reminder","Chen","Colored Map","Colored Powertips","Jedi Mod","Keyboard Shortcuts","Magitek Elite","Minty Spire (QoL Compilation)","Quick Restart","Relic Stats","Replay The Spire","SacredBarkPlus","Spicy Shops","StSLib","SuperFastMode","The Construct","The Disciple","The Evolution","The Forsaken","The Marked","The Mystic","The Necromancer","The Spell Scribe","TheVelvet","Wandering Minibosses"],"gold_per_floor":[112,254,255,255,32,32,32,32,32,32,32,32,32,32,32,32,32,32,32],"floor_reached":18,"playtime":1852,"items_purged":["Defend_Br","Defend_Br"],"score":347,"play_id":"133270b4-b5ea-47d6-9606-feede014b24a","local_time":"20201224103650","is_ascension_mode":true,"campfire_choices":[{"data":"Tempo","floor":6,"key":"SMITH"},{"data":"LockedPlans","floor":10,"key":"SMITH"},{"data":"Accruing","floor":12,"key":"SMITH"},{"floor":15,"key":"REST"}],"circlet_count":0,"master_deck":["Strike_Br+1","Strike_Br","Strike_Br","Strike_Br+1","Defend_Br","Defend_Br","SecondHand","PatternShift","Tempo+1","Parity","SlimeSpray","Echoward","LockedMedicine","ReplayTheSpireMod:Private Reserves","Accruing+1","LockedPlans+1","Engulf","HandsUpC","ReapSow","BiteCommand","ReplayTheSpireMod:Private Reserves","WindUp","SlimeSpray","Chronoelasticity+1","Accruing","Echoward","Analog","PrimeTime","OracleForm+1"],"relics":["Chronometer","Pocketwatch","Anchor","BargainBundle","Matryoshka","Lee\u0027s Waffle","StrikeDummy","Nunchaku","Whetstone","Replay:Wax Seal","jedi:ominousloannote","Membership Card","PreservedInsect","Golden Egg","Mirror","Replay:Ringing Soul","BlueBox","Painkiller Herb"],"acts_visited":["Exordium","TheCity"],"potions_floor_usage":[1,8,16,16],"damage_taken":[{"damage":0,"enemies":"2 Louse","floor":1,"turns":3},{"damage":0,"enemies":"Jaw Worm","floor":4,"turns":3},{"damage":0,"enemies":"Small Slimes","floor":7,"turns":2},{"damage":9,"enemies":"3 Sentries","floor":8,"turns":4},{"damage":13,"enemies":"Gremlin Nob","floor":11,"turns":3},{"damage":0,"enemies":"2 Fungi Beasts","floor":14,"turns":3},{"damage":37,"enemies":"Hexaghost","floor":16,"turns":3},{"damage":22,"enemies":"3 Byrds","floor":18,"turns":6}],"seed_played":"-5523544733565326015","potions_obtained":[{"floor":8,"key":"Cursed Concoction"},{"floor":11,"key":"Regen Potion"},{"floor":14,"key":"Swift Potion"}],"is_trial":false,"path_per_floor":["M","?","$","M","$","R","M","E","T","R","E","R","$","M","R","B",null,"?"],"character_chosen":"CHRONO_CLASS","items_purchased":["Tempo","Anchor","Parity","SlimeSpray","BargainBundle","Matryoshka","Echoward","LockedMedicine","ReplayTheSpireMod:Private Reserves","Accruing","Lee\u0027s Waffle","FearPotion","SkillPotion","jedi:tentaclejuice","StrikeDummy","Replay:Wax Seal","jedi:ominousloannote","BiteCommand","PowerPotion","ReplayTheSpireMod:Private Reserves","Membership Card","PreservedInsect"],"campfire_rested":1,"item_purchase_floors":[0,0,0,0,0,0,0,0,0,0,0,0,0,0,0,3,3,3,3,3,5,5],"current_hp_per_floor":[72,72,72,72,72,72,72,63,63,63,53,53,53,56,78,44,81,59,59],"gold":32,"neow_bonus":"","is_daily":false,"chose_seed":false,"campfire_upgraded":3,"win_rate":0.0,"timestamp":1608827810,"path_taken":["M","?","$","M","$","R","M","E","T","R","E","R","?","M","R","BOSS","?"],"items_purchased_type":["Card","Relic","Card","Card","Relic","Relic","Card","Card","Card","Card","Relic","Potion","Potion","Potion","Relic","Relic","Relic","Card","Potion","Card","Relic","Relic"],"build_version":"2020-12-22","purchased_purges":2,"victory":false,"max_hp_per_floor":[72,72,72,72,72,72,72,72,72,72,75,75,75,78,78,81,81,81,81],"relic_stats":{"Lee\u0027s Waffle":7,"Nunchaku":[5],"counters":[31,153],"PreservedInsect":51,"Whetstone":["SlimeSpray","Engulf","Strike_Br","Strike_Br"],"obtain_stats":[{"Golden Egg":8,"Regal Pillow":28,"Painkiller Herb":17,"Whetstone":50,"Blood Vial":9,"Replay:Ringing Soul":9,"Replay:Bandana":4,"Nunchaku":2,"energizedSpire:CursedPentagram":19,"Matryoshka":0,"Replay:Bottled Flurry":45,"Replay:Wax Seal":3,"Replay:Bottled Steam":42,"Gremlin Food":25,"BargainBundle":22,"Lee\u0027s Waffle":0,"Astrolabe":36,"Eternal Feather":15,"PreservedInsect":5,"CaptainsWheel":24,"Anchor":0,"potionbrewer:BoosterPack":22,"Chronometer":0,"jedi:ominousloannote":50,"Bronze Scales":22,"BlueBox":11,"Membership Card":5,"jedi:arcanewood":6,"StrikeDummy":10,"Mirror":9,"wanderingMiniBosses:Inkheart":37,"Pocketwatch":0},{"Golden Egg":27,"Regal Pillow":11,"Painkiller Herb":30,"Whetstone":22,"Blood Vial":4,"Replay:Ringing Soul":27,"Replay:Bandana":2,"Nunchaku":24,"energizedSpire:CursedPentagram":7,"Matryoshka":23,"Replay:Bottled Flurry":19,"Replay:Wax Seal":24,"Replay:Bottled Steam":19,"Gremlin Food":10,"BargainBundle":8,"Lee\u0027s Waffle":23,"Astrolabe":16,"Eternal Feather":6,"PreservedInsect":25,"CaptainsWheel":9,"Anchor":23,"potionbrewer:BoosterPack":8,"Chronometer":0,"jedi:ominousloannote":22,"Bronze Scales":8,"BlueBox":28,"Membership Card":25,"jedi:arcanewood":3,"StrikeDummy":4,"Mirror":27,"wanderingMiniBosses:Inkheart":17,"Pocketwatch":23},{"Golden Egg":138,"Regal Pillow":53,"Painkiller Herb":147,"Whetstone":115,"Blood Vial":23,"Replay:Ringing Soul":138,"Replay:Bandana":14,"Nunchaku":129,"energizedSpire:CursedPentagram":36,"Matryoshka":126,"Replay:Bottled Flurry":99,"Replay:Wax Seal":129,"Replay:Bottled Steam":99,"Gremlin Food":48,"BargainBundle":39,"Lee\u0027s Waffle":126,"Astrolabe":85,"Eternal Feather":27,"PreservedInsect":132,"CaptainsWheel":43,"Anchor":126,"potionbrewer:BoosterPack":39,"Chronometer":0,"jedi:ominousloannote":115,"Bronze Scales":39,"BlueBox":141,"Membership Card":132,"jedi:arcanewood":21,"StrikeDummy":23,"Mirror":138,"wanderingMiniBosses:Inkheart":90,"Pocketwatch":126}],"Pocketwatch":[23]},"card_choices":[{"not_picked":["LockedScales","PrimeTime"],"picked":"LockedPlans","floor":1},{"not_picked":["LockedOrichalcum","LockedScales"],"picked":"Engulf","floor":2},{"not_picked":["ReapSow","Accruing"],"picked":"HandsUpC","floor":2},{"not_picked":["LockedMedicine","Facsimile"],"picked":"ReapSow","floor":2},{"not_picked":["CrunchTime","BiteCommand"],"picked":"WindUp","floor":4},{"not_picked":["ExoVibe","WakeUpCall"],"picked":"SlimeSpray","floor":7},{"not_picked":["Echoward","ReapSow"],"picked":"Chronoelasticity","floor":8},{"not_picked":["LockedMercury","Accruing"],"picked":"Analog","floor":11},{"not_picked":["LockedUrn","LockedMedicine"],"picked":"PrimeTime","floor":14},{"not_picked":["OverTime","Pendulum"],"picked":"OracleForm","floor":16}],"player_experience":1840172,"relics_obtained":[{"floor":2,"key":"Nunchaku"},{"floor":2,"key":"Whetstone"},{"floor":8,"key":"Golden Egg"},{"floor":9,"key":"Mirror"},{"floor":9,"key":"Replay:Ringing Soul"},{"floor":11,"key":"BlueBox"}],"event_choices":[],"is_beta":false,"boss_relics":[{"not_picked":["SacredBark","Replay:Wanted Poster"],"picked":"Painkiller Herb"}],"items_purged_floors":[0,3],"is_endless":false,"potions_floor_spawned":[8,11,14],"killed_by":"3 Byrds","ascension_level":2}}