{"host":"uoq8e77duj6rs50g","time":1608774564,"event":{"mods":["BaseMod","Better Match","Better Note","Better Third Choice","BetterRewards","Block Reminder","ChefMod","Curses Come First","Hermit","Hubris","Ironclad Rager","Minty Spire (QoL Compilation)","Relic Stats","Replay The Spire","Shade Mod","StSLib","The Blue Laboratory","The Cursed","The Dragon Tamer","The Exalted","The Judge","The Runesmith","The Servant 0.9.4"],"gold_per_floor":[115,134,134,154,79,105,105,123,123,123,135,135,35,54,54,159,159,173,173,173,185,110,145,145,145,145,177,196,210,14,14,14,113,113,131,131,144,96,112,112,112,140,140,156,156,169,197,209,209,313,363,378,16,35,48,48,81,152,179,179,202,27,61,61,103,103,216,216,231,231,248,260,335,335,370,381,416,435,525,540,565,594,594,705,705,731,731,731,746,761,801,801,820,855,49,75,75,101,128,128,128,128],"floor_reached":101,"playtime":5611,"items_purged":["Strike_P","ICR:Serenity","Defend_P","Defend_P","Madness","ReplayTheSpireMod:Splinters"],"score":3055,"play_id":"d7684d76-818d-485a-a463-cbc3b915d105","local_time":"20201223204924","is_ascension_mode":true,"campfire_choices":[{"data":"Eruption","floor":7.0,"key":"SMITH"},{"data":"ClearTheMind","floor":10.0,"key":"SMITH"},{"data":"CrushJoints","floor":12.0,"key":"SMITH"},{"floor":15.0,"key":"REST"},{"data":"ClearTheMind","floor":24,"key":"SMITH"},{"floor":32,"key":"REST"},{"floor":40,"key":"REST"},{"data":"DevaForm","floor":45,"key":"SMITH"},{"floor":49,"key":"REST"},{"data":"MentalFortress","floor":66,"key":"SMITH"},{"floor":74,"key":"REST"},{"floor":83,"key":"REST"},{"data":"ClearTheMind","floor":92,"key":"SMITH"},{"data":"Panache","floor":100,"key":"SMITH"}],"circlet_count":0,"master_deck":["Strike_P","Strike_P","Strike_P","Defend_P","Defend_P+1","Eruption+1","Vigilance","CrushJoints+1","ClearTheMind+1","FlurryOfBlows+1","Eruption+1","ClearTheMind+1","ClearTheMind+1","EmptyBody","EmptyFist","Tantrum","Devotion","Halt+1","EmptyBody+1","FlurryOfBlows+1","FlurryOfBlows+1","DevaForm+1","ClearTheMind","ClearTheMind","Scrawl","CrushJoints","MentalFortress+1","EmptyMind","FlurryOfBlows+1","SashWhip","FollowUp","FlurryOfBlows+1","Vault","ClearTheMind+1","CrushJoints","DeusExMachina","FollowUp+1","EmptyBody+1","FollowUp","EmptyBody","Panache+1","EmptyBody","ICR:YinYang+1"],"relics":["Unceasing Top","Bromod:ArcanePistoleer","Garlic","hubris:Spice","Philosopher\u0027s Stone","WarpedTongs","Replay:Bottled Snecko","Ornamental Fan","Replay:Bronze Core","Replay:Bottled Eggs","Bag of Preparation","Tiny House","Runesmith:AutoHammer","CeramicFish","hubris:Towel","hubris:VirtuousBlindfold","TheAbacus","Replay:WaspNest"],"acts_visited":["Exordium","TheCity","TheBeyond","Exordium","TheCity","TheBeyond"],"potions_floor_usage":[23,23,33,42,42,50,65,73,101,101],"damage_taken":[{"damage":4.0,"enemies":"Small Slimes","floor":1.0,"turns":4.0},{"damage":0.0,"enemies":"Cultist","floor":2.0,"turns":2.0},{"damage":4.0,"enemies":"Jaw Worm","floor":4.0,"turns":3.0},{"damage":0.0,"enemies":"Gremlin Nob","floor":6.0,"turns":2.0},{"damage":3.0,"enemies":"Exordium Wildlife","floor":8.0,"turns":4.0},{"damage":12.0,"enemies":"Lots of Slimes","floor":11.0,"turns":4.0},{"damage":0.0,"enemies":"2 Fungi Beasts","floor":14.0,"turns":3.0},{"damage":56,"enemies":"Fading Forest","floor":16,"turns":11},{"damage":0,"enemies":"Chosen","floor":18,"turns":4},{"damage":0,"enemies":"Shell Parasite","floor":21,"turns":1},{"damage":0,"enemies":"Gremlin Leader","floor":23,"turns":4},{"damage":12,"enemies":"Slavers","floor":27,"turns":6},{"damage":0,"enemies":"Cultist and Chosen","floor":28,"turns":3},{"damage":11,"enemies":"Snecko","floor":29,"turns":4},{"damage":25,"enemies":"hubris:MusketHawk","floor":33,"turns":5},{"damage":3,"enemies":"3 Shapes","floor":35,"turns":3},{"damage":9,"enemies":"3 Darklings","floor":37,"turns":4},{"damage":5,"enemies":"Spire Growth","floor":39,"turns":3},{"damage":15,"enemies":"Nemesis","floor":42,"turns":5},{"damage":0,"enemies":"Jaw Worm Horde","floor":44,"turns":3},{"damage":0,"enemies":"Maw","floor":46,"turns":2},{"damage":22,"enemies":"R_Hoarder","floor":47,"turns":4},{"damage":0,"enemies":"Spire Growth","floor":48,"turns":2},{"damage":17,"enemies":"Donu and Deca","floor":50,"turns":6},{"damage":0,"enemies":"Cultist","floor":52,"turns":1},{"damage":0,"enemies":"Jaw Worm","floor":54,"turns":1},{"damage":0,"enemies":"Small Slimes","floor":55,"turns":1},{"damage":0,"enemies":"Gremlin Nob","floor":57,"turns":2},{"damage":0,"enemies":"Lagavulin Event","floor":58,"turns":1},{"damage":0,"enemies":"Lagavulin","floor":59,"turns":2},{"damage":0,"enemies":"Blue Slaver","floor":61,"turns":2},{"damage":0,"enemies":"3 Sentries","floor":63,"turns":1},{"damage":15,"enemies":"Lagavulin","floor":65,"turns":3},{"damage":0,"enemies":"Slime Boss","floor":67,"turns":2},{"damage":0,"enemies":"2 Thieves","floor":69,"turns":1},{"damage":0,"enemies":"3 Byrds","floor":71,"turns":3},{"damage":0,"enemies":"Centurion and Healer","floor":72,"turns":2},{"damage":0,"enemies":"Gremlin Leader","floor":75,"turns":2},{"damage":0,"enemies":"Snecko","floor":76,"turns":1},{"damage":0,"enemies":"Book of Stabbing","floor":77,"turns":2},{"damage":0,"enemies":"Chosen and Byrds","floor":78,"turns":2},{"damage":0,"enemies":"Sentry and Sphere","floor":80,"turns":1},{"damage":0,"enemies":"Slavers","floor":81,"turns":1},{"damage":0,"enemies":"Shelled Parasite and Fungi","floor":82,"turns":1},{"damage":9,"enemies":"hubris:MusketHawk","floor":84,"turns":3},{"damage":0,"enemies":"3 Shapes","floor":86,"turns":1},{"damage":0,"enemies":"Orb Walker","floor":89,"turns":1},{"damage":0,"enemies":"Spire Growth","floor":90,"turns":1},{"damage":0,"enemies":"Giant Head","floor":91,"turns":2},{"damage":0,"enemies":"Maw","floor":93,"turns":2},{"damage":0,"enemies":"Nemesis","floor":94,"turns":1},{"damage":0,"enemies":"4 Shapes","floor":96,"turns":1},{"damage":0,"enemies":"Reptomancer","floor":98,"turns":2},{"damage":0,"enemies":"Transient","floor":99,"turns":4},{"damage":76,"enemies":"Time Eater","floor":101,"turns":3}],"seed_played":"-2083455046795959486","potions_obtained":[{"floor":2.0,"key":"BottledMiracle"},{"floor":4.0,"key":"Ambrosia"},{"floor":16,"key":"FearPotion"},{"floor":18,"key":"AttackPotion"},{"floor":21,"key":"Explosive Potion"},{"floor":28,"key":"Weak Potion"},{"floor":29,"key":"Block Potion"},{"floor":35,"key":"blueLaboratory:HorrorPotion"},{"floor":44,"key":"Dexterity Potion"},{"floor":51,"key":"StancePotion"},{"floor":57,"key":"blueLaboratory:FruitPunch"},{"floor":67,"key":"ColorlessPotion"},{"floor":72,"key":"blueLaboratory:PyrophylliteBrew"},{"floor":73,"key":"Fruit Juice"},{"floor":73,"key":"blueLaboratory:PolymorphPotion"},{"floor":76,"key":"PowerPotion"},{"floor":93,"key":"DuplicationPotion"}],"is_trial":true,"path_per_floor":["M","M","?","M","$","E","R","M","T","R","M","R","$","M","R","B",null,"M","?","?","M","?","E","R","?","T","E","M","M","$","?","R","B",null,"M","?","M","$","M","R","?","E","T","M","R","M","E","M","R","B",null,"M","$","M","M","?","E","?","E","T","M","$","E","?","E","R","B",null,"M","?","M","M","?","R","E","M","E","M","?","M","E","M","R","B",null,"M","?","?","M","M","E","R","M","E","$","M","$","E","M","R","B"],"character_chosen":"WATCHER","items_purchased":["Tantrum","FlurryOfBlows","MentalFortress","Runesmith:AutoHammer","TheAbacus","Replay:WaspNest","EmptyBody","Panache"],"campfire_rested":6,"item_purchase_floors":[30,38,53,53,95,95,95,95],"current_hp_per_floor":[68,68,68,64,64,64,64,61,69,69,57,57,57,57,80,32,80,80,80,80,80,80,80,80,80,80,76,76,65,65,65,88,63,88,85,74,65,65,60,86,86,71,71,71,71,71,49,49,75,58,93,93,93,93,93,93,93,93,93,85,85,85,85,85,72,72,72,87,87,22,22,22,27,52,52,52,52,52,40,40,40,40,65,56,76,76,76,76,76,76,76,76,76,68,68,68,68,68,68,68,0,0],"gold":128,"neow_bonus":"","is_daily":false,"chose_seed":false,"campfire_upgraded":8,"win_rate":0.0,"timestamp":1608774564,"path_taken":["M","M","?","M","$","E","R","M","T","R","M","R","$","?","R","BOSS","M","?","?","M","?","E","R","?","T","E","M","?","$","?","R","BOSS","M","?","M","$","M","R","?","E","T","M","R","?","E","M","R","BOSS","M","$","M","M","?","E","?","E","T","M","$","E","?","E","R","BOSS","M","?","M","M","?","R","E","M","E","?","?","?","E","M","R","BOSS","M","?","?","?","M","E","R","M","E","?","M","$","E","M","R","BOSS"],"items_purchased_type":["Card","Card","Card","Relic","Relic","Relic","Card","Card"],"build_version":"2020-12-22","purchased_purges":6,"victory":false,"max_hp_per_floor":[72,72,72,72,72,72,72,72,80,80,80,80,80,80,80,80,80,80,80,80,80,80,80,80,80,80,88,88,88,88,88,88,88,88,88,88,88,88,88,88,88,88,88,88,88,88,88,88,88,88,93,93,93,93,93,93,93,93,93,85,85,85,85,85,87,87,87,87,87,87,87,87,84,84,84,84,84,84,84,84,84,84,84,84,76,76,76,76,76,76,76,76,76,68,68,68,68,68,68,68,68,68],"relic_stats":{"TheAbacus":[6],"counters":[55,145],"Ornamental Fan":[1036],"CeramicFish":144,"Bag of Preparation":[67],"obtain_stats":[{"Tiny House":51,"CeramicFish":58,"hubris:VirtuousBlindfold":68,"Bromod:ArcanePistoleer":3,"Replay:WaspNest":95,"Bag of Preparation":47,"hubris:Towel":64,"WarpedTongs":19,"TheAbacus":95,"hubris:Spice":9,"Ornamental Fan":26,"Replay:Bronze Core":34,"Philosopher\u0027s Stone":17,"Garlic":6,"Replay:Bottled Snecko":23,"Runesmith:AutoHammer":53,"Replay:Bottled Eggs":43,"Unceasing Top":0},{"Tiny House":24,"CeramicFish":29,"hubris:VirtuousBlindfold":34,"Bromod:ArcanePistoleer":2,"Replay:WaspNest":51,"Bag of Preparation":22,"hubris:Towel":32,"WarpedTongs":9,"TheAbacus":51,"hubris:Spice":5,"Ornamental Fan":11,"Replay:Bronze Core":15,"Philosopher\u0027s Stone":8,"Garlic":4,"Replay:Bottled Snecko":11,"Runesmith:AutoHammer":25,"Replay:Bottled Eggs":19,"Unceasing Top":0},{"Tiny House":92,"CeramicFish":98,"hubris:VirtuousBlindfold":108,"Bromod:ArcanePistoleer":6,"Replay:WaspNest":135,"Bag of Preparation":84,"hubris:Towel":103,"WarpedTongs":37,"TheAbacus":135,"hubris:Spice":15,"Ornamental Fan":42,"Replay:Bronze Core":60,"Philosopher\u0027s Stone":33,"Garlic":11,"Replay:Bottled Snecko":42,"Runesmith:AutoHammer":93,"Replay:Bottled Eggs":75,"Unceasing Top":0}],"Unceasing Top":[264],"WarpedTongs":[108]},"card_choices":[{"not_picked":["Pray","Adaptation"],"picked":"CrushJoints","floor":1.0},{"not_picked":["SandsOfTime","Prostrate"],"picked":"ClearTheMind","floor":2.0},{"not_picked":["Evaluate","CrushJoints","Fasting2"],"picked":"SKIP","floor":4.0},{"not_picked":["PathToVictory","Wish","Meditate"],"picked":"SKIP","floor":6.0},{"not_picked":["Halt","FlurryOfBlows"],"picked":"ICR:Serenity","floor":8.0},{"not_picked":["WreathOfFlame","JustLucky","PathToVictory"],"picked":"SKIP","floor":11.0},{"not_picked":["Replay:ManipulateFuture","Tantrum"],"picked":"FlurryOfBlows","floor":14.0},{"not_picked":["Consecrate","Perseverance","Worship"],"picked":"SKIP","floor":18},{"not_picked":["JustLucky","CutThroughFate","Collect"],"picked":"SKIP","floor":21},{"not_picked":["Crescendo","CarveReality"],"picked":"ClearTheMind","floor":23},{"not_picked":["PathToVictory+1","Blasphemy"],"picked":"ClearTheMind","floor":27},{"not_picked":["BowlingBash","Weave"],"picked":"EmptyBody","floor":28},{"not_picked":["Evaluate","Replay:ManipulateFuture+1"],"picked":"EmptyFist","floor":29},{"not_picked":["MasterReality","Alpha"],"picked":"Devotion","floor":33},{"not_picked":["JustLucky","CarveReality"],"picked":"Halt+1","floor":35},{"not_picked":["hubris:SpiceAddiction","Replay:AtTheReady"],"picked":"EmptyBody+1","floor":37},{"not_picked":["WheelKick+1","Replay:ManipulateFuture","CarveReality"],"picked":"SKIP","floor":39},{"not_picked":["Replay:AtTheReady","Prostrate"],"picked":"FlurryOfBlows","floor":42},{"not_picked":["Consecrate","Protect"],"picked":"DevaForm","floor":44},{"not_picked":["Replay:BluntJabs+1","SashWhip"],"picked":"ClearTheMind","floor":46},{"not_picked":["CutThroughFate","hubris:SpiceAddiction","Halt"],"picked":"SKIP","floor":47},{"not_picked":["Replay:BluntJabs","Vengeance"],"picked":"ClearTheMind","floor":48},{"not_picked":["Replay:AllIn","MasterReality"],"picked":"Scrawl","floor":50},{"not_picked":["WaveOfTheHand","FlyingSleeves"],"picked":"CrushJoints","floor":51},{"not_picked":["Perseverance","BowlingBash","SignatureMove"],"picked":"SKIP","floor":52},{"not_picked":["ICR:Serenity","FlyingSleeves","Replay:Anticipation"],"picked":"SKIP","floor":54},{"not_picked":["ICR:Serenity","hubris:SpiceAddiction"],"picked":"EmptyMind","floor":55},{"not_picked":["Replay:BluntJabs","EmptyFist"],"picked":"FlurryOfBlows","floor":57},{"not_picked":["Halt","PathToVictory"],"picked":"SashWhip","floor":58},{"not_picked":["CutThroughFate","LessonLearned","ReachHeaven"],"picked":"SKIP","floor":59},{"not_picked":["hubris:SpiceAddiction","CutThroughFate"],"picked":"FollowUp","floor":61},{"not_picked":["Prostrate","hubris:SpiceAddiction","Evaluate"],"picked":"SKIP","floor":63},{"not_picked":["WheelKick","Scrawl"],"picked":"FlurryOfBlows","floor":65},{"not_picked":["Devotion","hubris:SpiceAddiction"],"picked":"Vault","floor":67},{"not_picked":["Consecrate+1","Replay:BluntJabs","Wallop"],"picked":"SKIP","floor":69},{"not_picked":["Evaluate","Protect","BowlingBash+1"],"picked":"SKIP","floor":71},{"not_picked":["Prostrate","Replay:AtTheReady","hubris:SpiceAddiction"],"picked":"SKIP","floor":72},{"not_picked":["Fasting2","ThirdEye"],"picked":"ClearTheMind+1","floor":73},{"not_picked":["LikeWater","WheelKick+1","BowlingBash"],"picked":"SKIP","floor":75},{"not_picked":["Vengeance+1","hubris:SpiceAddiction","ThirdEye"],"picked":"SKIP","floor":76},{"not_picked":["PathToVictory","Conclude","SignatureMove+1"],"picked":"SKIP","floor":77},{"not_picked":["Protect","Replay:BluntJabs","BowlingBash"],"picked":"SKIP","floor":78},{"not_picked":["Weave","WaveOfTheHand+1","hubris:SpiceAddiction"],"picked":"SKIP","floor":80},{"not_picked":["Replay:DivineShield","ThirdEye","FlyingSleeves+1"],"picked":"SKIP","floor":81},{"not_picked":["hubris:SpiceAddiction","hubris:SpiceAddiction"],"picked":"CrushJoints","floor":82},{"not_picked":["Blasphemy","MasterReality"],"picked":"DeusExMachina","floor":84},{"not_picked":["Indignation","Protect"],"picked":"FollowUp+1","floor":86},{"not_picked":["Sanctity+1","Fasting2","BowlingBash"],"picked":"SKIP","floor":89},{"not_picked":["ReachHeaven","Alpha","CutThroughFate+1"],"picked":"SKIP","floor":90},{"not_picked":["Protect+1","Replay:Hum"],"picked":"EmptyBody+1","floor":91},{"not_picked":["ThirdEye+1","Halt+1"],"picked":"FollowUp","floor":93},{"not_picked":["hubris:SpiceAddiction","hubris:SpiceAddiction"],"picked":"hubris:SpiceAddiction","floor":94},{"not_picked":["Replay:ManipulateFuture+1","hubris:SpiceAddiction"],"picked":"EmptyBody","floor":96},{"not_picked":["hubris:SpiceAddiction","BowlingBash","Replay:DivineShield"],"picked":"SKIP","floor":98},{"not_picked":["Replay:Hum","Consecrate+1"],"picked":"ICR:YinYang+1","floor":99}],"player_experience":346584,"relics_obtained":[{"floor":6.0,"key":"Garlic"},{"floor":9.0,"key":"hubris:Spice"},{"floor":23,"key":"Replay:Bottled Snecko"},{"floor":26,"key":"Ornamental Fan"},{"floor":27,"key":"hubris:Spice"},{"floor":43,"key":"Replay:Bottled Eggs"},{"floor":47,"key":"Bag of Preparation"},{"floor":58,"key":"CeramicFish"},{"floor":60,"key":"hubris:Spice"},{"floor":73,"key":"hubris:Spice"}],"event_choices":[{"damage_healed":0.0,"max_hp_gain":0.0,"max_hp_loss":0.0,"gold_gain":0.0,"event_name":"WeMeetAgain","player_choice":"Gave Potion","floor":3.0,"gold_loss":0.0,"damage_taken":0.0,"relics_obtained":["Bromod:ArcanePistoleer"]},{"damage_healed":0,"gold_gain":0,"player_choice":"Rummage","damage_taken":0,"relics_obtained":["WarpedTongs"],"max_hp_gain":0,"max_hp_loss":0,"event_name":"Accursed Blacksmith","floor":19,"gold_loss":0,"cards_obtained":["Pain"]},{"damage_healed":0,"gold_gain":0,"player_choice":"Take","damage_taken":0,"max_hp_gain":0,"max_hp_loss":0,"event_name":"betterNote:BetterNote","floor":20,"gold_loss":0,"cards_obtained":["Eruption"]},{"cards_removed":["Pain"],"damage_healed":0,"gold_gain":0,"player_choice":"Gave Gold","damage_taken":0,"max_hp_gain":0,"max_hp_loss":0,"event_name":"Beggar","floor":22,"gold_loss":75},{"damage_healed":0,"gold_gain":0,"player_choice":"Ignored","damage_taken":0,"max_hp_gain":0,"max_hp_loss":0,"event_name":"Vampires","floor":25,"gold_loss":0},{"damage_healed":0,"gold_gain":0,"player_choice":"Embrace Madness","damage_taken":11,"max_hp_gain":0,"max_hp_loss":0,"event_name":"Winding Halls","floor":36,"gold_loss":0,"cards_obtained":["Madness","Madness"]},{"cards_removed":["Madness"],"damage_healed":0,"gold_gain":0,"player_choice":"Forget","damage_taken":0,"max_hp_gain":0,"max_hp_loss":0,"event_name":"Living Wall","floor":56,"gold_loss":0},{"damage_healed":0,"gold_gain":0,"player_choice":"Searched \u00272\u0027 times","damage_taken":0,"max_hp_gain":0,"max_hp_loss":0,"event_name":"Dead Adventurer","floor":58,"gold_loss":0},{"damage_healed":0,"gold_gain":90,"player_choice":"GOLD ","damage_taken":12,"max_hp_gain":0,"max_hp_loss":0,"event_name":"Knowing Skull","floor":79,"potions_obtained":[],"gold_loss":0,"cards_obtained":[]},{"damage_healed":0,"gold_gain":0,"player_choice":"Memory 1","damage_taken":0,"max_hp_gain":0,"max_hp_loss":0,"event_name":"SensoryStone","floor":87,"gold_loss":0},{"damage_healed":0,"gold_gain":0,"player_choice":"Ignored","damage_taken":0,"max_hp_gain":0,"max_hp_loss":0,"event_name":"Transmorgrifier","floor":88,"gold_loss":0}],"is_beta":false,"boss_relics":[{"not_picked":["Replay:Ancient Bell","hubris:Spice"],"picked":"Philosopher\u0027s Stone"},{"not_picked":["hubris:Spice","hubris:Spice"],"picked":"Replay:Bronze Core"},{"not_picked":["hubris:GrandSneckoEye","hubris:Spice"],"picked":"Tiny House"},{"not_picked":["Replay:Grab Bag","Runic Dome"],"picked":"hubris:VirtuousBlindfold"},{"not_picked":["hubris:Spice","hubris:Spice"],"picked":"hubris:Spice"}],"items_purged_floors":[5,13,30,53,62,95],"is_endless":true,"potions_floor_spawned":[2,4,16,18,21,28,29,35,44,47,52,54,57,67,72,76,77,78,80,82,93,94,98,99],"killed_by":"Time Eater","ascension_level":4}}