{"host":"9k1ekd5e3lrdz5qp","time":1608783966,"event":{"mods":["Act Like it!","Bard","BaseMod","Beaked The Cultist","Better Altar","Better Skull","Better Third Choice","Conspire","Downfall","Elementarium","Hubris","Infinite Spire","Minty Spire (QoL Compilation)","Replay The Spire","StSLib"],"gold_per_floor":[199,199,212,228,238,238,238,148,162,162,182,67,67,102,112,207,207,207,218,230,90,90,90,160,189,199,217,217,217,217],"floor_reached":28,"playtime":5958,"items_purged":["champ:Defend","champ:Strike","champ:DefensiveShout"],"score":240,"play_id":"6b450fc5-2c6e-4c49-9160-69a5c49ae086","local_time":"20201223212606","is_ascension_mode":false,"campfire_choices":[{"data":"champ:Taunt","floor":1.0,"key":"SMITH"},{"data":"champ:Haymaker","floor":6.0,"key":"SMITH"},{"data":"champ:HoldFirm","floor":10.0,"key":"SMITH"},{"data":"champ:GladiatorStyle","floor":13.0,"key":"SMITH"},{"data":"champ:VampiricStrike","floor":18.0,"key":"SMITH"},{"data":"champ:HoldFirm","floor":23.0,"key":"SMITH"}],"circlet_count":0,"master_deck":["champ:Execute","champ:Taunt+1","champ:Haymaker+1","champ:HoldFirm+1","champ:GladiatorStyle+1","champ:VampiricStrike+1","champ:HoldFirm+1","champ:SwordSigil","champ:HeavySlash","champ:GladiatorStyle","champ:Circumvent"],"relics":["champ:ChampionCrown","infinitespire:BottledMercury","Bronze Scales","Pandora\u0027s Box","infinitespire:ShieldingShard"],"acts_visited":["TheCity"],"potions_floor_usage":[25],"damage_taken":[{"damage":10.0,"enemies":"Jaw Worm","floor":3.0,"turns":6.0},{"damage":10.0,"enemies":"Cultist","floor":4.0,"turns":3.0},{"damage":10.0,"enemies":"Small Slimes","floor":5.0,"turns":3.0},{"damage":5.0,"enemies":"downfall:FleeingMerchant","floor":8.0,"turns":4.0},{"damage":7.0,"enemies":"Gremlin Gang","floor":9.0,"turns":7.0},{"damage":9.0,"enemies":"3 Louse","floor":11.0,"turns":5.0},{"damage":5.0,"enemies":"downfall:FleeingMerchant","floor":12.0,"turns":4.0},{"damage":20.0,"enemies":"Gremlin Nob","floor":14.0,"turns":4.0},{"damage":5.0,"enemies":"Exordium Wildlife","floor":15.0,"turns":3.0},{"damage":34.0,"enemies":"downfall:Silent","floor":16.0,"turns":12.0},{"damage":1.0,"enemies":"Shell Parasite","floor":19.0,"turns":7.0},{"damage":10.0,"enemies":"3 Byrds","floor":20.0,"turns":3.0},{"damage":1.0,"enemies":"downfall:FleeingMerchant","floor":21.0,"turns":4.0},{"damage":40,"enemies":"conspire:Head Lice","floor":25,"turns":8},{"damage":13,"enemies":"Shelled Parasite and Fungi","floor":26,"turns":10},{"damage":23,"enemies":"Sentry and Sphere","floor":27,"turns":12},{"damage":8,"enemies":"Centurion and Healer","floor":28,"turns":5}],"seed_played":"6603457512430510693","potions_obtained":[{"floor":2.0,"key":"champ:UltimateStancePotion"},{"floor":2.0,"key":"champ:OpenerPotion"},{"floor":2.0,"key":"EssenceOfSteel"},{"floor":5.0,"key":"Weak Potion"},{"floor":15.0,"key":"FearPotion"},{"floor":26,"key":"Elixir"}],"is_trial":false,"path_per_floor":["R","?","M","M","M","R","T","$","M","R","M","$","R","E","M","B",null,"R","M","M","$","?","R","T","E","M","M","M"],"character_chosen":"THE_CHAMP","items_purchased":[],"campfire_rested":0,"item_purchase_floors":[],"current_hp_per_floor":[90,90,90,90,85,85,85,85,78,78,69,69,69,49,49,33,90,90,89,87,89,89,89,89,50,50,65,73,73,73],"gold":217,"neow_bonus":"HUNDRED_GOLD","is_daily":false,"chose_seed":false,"campfire_upgraded":6,"win_rate":0.0,"timestamp":1608783966,"path_taken":["R","?","?","M","M","R","T","$","M","R","M","?","R","E","M","BOSS","R","M","M","$","?","R","T","E","M","?","M"],"items_purchased_type":[],"build_version":"2020-12-22","purchased_purges":3,"victory":false,"max_hp_per_floor":[90,90,90,90,90,90,90,90,90,90,90,90,90,90,90,90,90,90,90,90,90,90,90,90,90,90,90,90,90,90],"card_choices":[{"not_picked":["champ:BringItOn","champ:GladiatorsShout","champ:StanceDance"],"picked":"SKIP","floor":3.0},{"not_picked":["champ:BringItOn","champ:AdrenalArmor","champ:DefensiveShout"],"picked":"SKIP","floor":4.0},{"not_picked":["champ:Lariat","champ:AdrenalArmor"],"picked":"champ:Haymaker","floor":5.0},{"not_picked":["champ:FightOn","champ:CrookedStrike"],"picked":"champ:HoldFirm","floor":8.0},{"not_picked":["champ:RecklessLeap","champ:ShieldSigil","champ:GutPunch"],"picked":"SKIP","floor":9.0},{"not_picked":["champ:IronFortress","champ:DefensiveShout"],"picked":"champ:GladiatorStyle","floor":11.0},{"not_picked":["champ:PerfectedStrike","champ:Circumvent","champ:SkillfulDodge"],"picked":"SKIP","floor":12.0},{"not_picked":["champ:SkillfulDodge","champ:TornadoPunch","champ:CrookedStrike"],"picked":"SKIP","floor":14.0},{"not_picked":["champ:BringItOn","champ:TornadoPunch"],"picked":"champ:VampiricStrike","floor":15.0},{"not_picked":["champ:BringItOn","champ:FocusedBerserking","champ:ShieldWall"],"picked":"SKIP","floor":19.0},{"not_picked":["champ:CalledShot","champ:TornadoPunch+1","champ:RisingSlash"],"picked":"SKIP","floor":20.0},{"not_picked":["champ:FanOfKnives","champ:SkillfulDodge","champ:DefensiveShout+1"],"picked":"SKIP","floor":21.0},{"not_picked":["champ:DefensiveStyle","champ:CalledShot","champ:RecklessLeap+1"],"picked":"SKIP","floor":25},{"not_picked":["champ:BladeFlurry","champ:ShieldWall","champ:RageSigil"],"picked":"SKIP","floor":26},{"not_picked":["champ:BladeFlurry","champ:EnGarde"],"picked":"champ:Circumvent","floor":27}],"player_experience":1226472,"relics_obtained":[{"floor":7.0,"key":"infinitespire:BottledMercury"},{"floor":14.0,"key":"Bronze Scales"},{"floor":25,"key":"infinitespire:ShieldingShard"}],"event_choices":[{"damage_healed":0.0,"max_hp_gain":0.0,"max_hp_loss":0.0,"gold_gain":0.0,"event_name":"Lab","player_choice":"Got Potions","floor":2.0,"gold_loss":0.0,"damage_taken":0.0},{"cards_removed":["champ:StrikeOfGenius"],"damage_healed":0.0,"max_hp_gain":0.0,"max_hp_loss":0.0,"gold_gain":0.0,"event_name":"Wheel of Change","player_choice":"Card Removal","floor":22.0,"gold_loss":0.0,"damage_taken":0.0}],"is_beta":false,"boss_relics":[{"not_picked":["Ectoplasm","Calling Bell"],"picked":"Pandora\u0027s Box"}],"items_purged_floors":[8,12,21],"is_endless":false,"potions_floor_spawned":[5,11,15,26,27],"killed_by":"Centurion and Healer","ascension_level":0}}