{"host":"rjx4accq0ysw8w2o","time":1608812642,"event":{"mods":["AchievementEnabler","BaseMod","Block Reminder","Colored Map","Colored Powertips","DeckTracker","Highlight Path","Minty Spire (QoL Compilation)","Quick Restart","Rare Cards Sparkle"],"gold_per_floor":[115,115,115,40,60,93,93,122,168,168,178,178,38,38,38,135,135,148,148,161,176,195,195,206,206,206,206,206,218,93,105,105,210,210,230,240,255,255,255,255],"floor_reached":39,"playtime":3695,"items_purged":["Defend_B","Strike_B","Defend_B"],"score":458,"play_id":"4b454fc5-145d-4f21-829e-9761f8be735c","local_time":"20201224132402","is_ascension_mode":true,"campfire_choices":[{"data":"Zap","floor":7.0,"key":"SMITH"},{"data":"Electrodynamics","floor":10.0,"key":"SMITH"},{"floor":12.0,"key":"RECALL"},{"data":"Dualcast","floor":15.0,"key":"SMITH"},{"floor":23.0,"key":"REST"},{"floor":25.0,"key":"REST"},{"floor":32.0,"key":"REST"}],"circlet_count":0,"master_deck":["Strike_B","Defend_B","Defend_B","Zap+1","Dualcast+1","Lockon","Leap","Electrodynamics+1","Ball Lightning","Conserve Battery","Sunder+1","Glacier","Barrage+1","Echo Form","Self Repair+1","Writhe"],"relics":["Cracked Core","NeowsBlessing","Boot","Nunchaku","Inserter","Nloth\u0027s Gift","Empty Cage"],"acts_visited":["Exordium","TheCity","TheBeyond"],"potions_floor_usage":[37],"damage_taken":[{"damage":0.0,"enemies":"Cultist","floor":1.0,"turns":1.0},{"damage":0.0,"enemies":"Jaw Worm","floor":5.0,"turns":1.0},{"damage":0.0,"enemies":"3 Sentries","floor":6.0,"turns":1.0},{"damage":4.0,"enemies":"Gremlin Nob","floor":8.0,"turns":3.0},{"damage":0.0,"enemies":"2 Louse","floor":11.0,"turns":2.0},{"damage":20.0,"enemies":"Slime Boss","floor":16.0,"turns":7.0},{"damage":21.0,"enemies":"Shell Parasite","floor":18.0,"turns":6.0},{"damage":0.0,"enemies":"3 Byrds","floor":20.0,"turns":3.0},{"damage":12.0,"enemies":"Snake Plant","floor":21.0,"turns":4.0},{"damage":4.0,"enemies":"Chosen and Byrds","floor":22.0,"turns":4.0},{"damage":23.0,"enemies":"Shelled Parasite and Fungi","floor":24.0,"turns":6.0},{"damage":14.0,"enemies":"Snecko","floor":29.0,"turns":4.0},{"damage":21.0,"enemies":"Cultist and Chosen","floor":31.0,"turns":5.0},{"damage":33.0,"enemies":"Collector","floor":33.0,"turns":7.0},{"damage":2.0,"enemies":"3 Shapes","floor":35.0,"turns":4.0},{"damage":16.0,"enemies":"Orb Walker","floor":36.0,"turns":3.0},{"damage":26,"enemies":"3 Darklings","floor":37,"turns":5},{"damage":54,"enemies":"Maw","floor":39,"turns":5}],"seed_played":"1281948663718422796","potions_obtained":[{"floor":1.0,"key":"LiquidMemories"},{"floor":6.0,"key":"SpeedPotion"},{"floor":21.0,"key":"CultistPotion"},{"floor":22.0,"key":"Dexterity Potion"},{"floor":31.0,"key":"Fire Potion"},{"floor":33.0,"key":"SpeedPotion"},{"floor":37,"key":"SpeedPotion"}],"is_trial":false,"path_per_floor":["M","?","?","$","M","E","R","E","T","R","M","R","$","?","R","B",null,"M","?","M","M","M","R","M","R","T","?","?","M","$","M","R","B",null,"M","M","M","?","M"],"character_chosen":"DEFECT","items_purchased":["Capacitor"],"campfire_rested":3,"item_purchase_floors":[13],"current_hp_per_floor":[75,75,68,68,68,68,68,64,64,64,64,64,64,64,64,44,75,54,54,54,42,38,60,37,59,59,59,59,45,45,24,46,13,75,73,57,31,50,0,0],"gold":255,"neow_bonus":"THREE_ENEMY_KILL","is_daily":false,"chose_seed":false,"campfire_upgraded":3,"win_rate":0.0,"timestamp":1608812642,"path_taken":["M","?","?","$","?","E","R","E","T","R","M","R","?","?","R","BOSS","M","?","M","?","M","R","M","R","T","?","?","M","$","M","R","BOSS","M","?","M","?","M"],"items_purchased_type":["Card"],"build_version":"2020-12-22","purchased_purges":3,"victory":false,"max_hp_per_floor":[75,75,75,75,75,75,75,75,75,75,75,75,75,75,75,75,75,75,75,75,75,75,75,75,75,75,75,75,75,75,75,75,75,75,75,75,75,75,75,75],"card_choices":[{"not_picked":["Sunder","Heatsinks","Cold Snap"],"picked":"SKIP","floor":1.0},{"not_picked":["Steam","Sunder"],"picked":"Lockon","floor":5.0},{"not_picked":["Rebound","Coolheaded"],"picked":"Leap","floor":6.0},{"not_picked":["White Noise","Conserve Battery"],"picked":"Electrodynamics","floor":8.0},{"not_picked":["Hologram","Turbo","Streamline"],"picked":"SKIP","floor":11.0},{"not_picked":["Lockon+1","Gash"],"picked":"Ball Lightning","floor":18.0},{"not_picked":["Go for the Eyes+1","Capacitor"],"picked":"Conserve Battery","floor":20.0},{"not_picked":["Consume","Force Field","Darkness"],"picked":"SKIP","floor":21.0},{"not_picked":["Defragment","Skim+1"],"picked":"Sunder+1","floor":22.0},{"not_picked":["Doom and Gloom","Reinforced Body+1"],"picked":"Glacier","floor":24.0},{"not_picked":["Echo Form","Stack"],"picked":"Barrage+1","floor":29.0},{"not_picked":["Lockon","Sweeping Beam","BootSequence+1"],"picked":"SKIP","floor":31.0},{"not_picked":["Reboot","All For One"],"picked":"Echo Form","floor":33.0},{"not_picked":["Beam Cell","Chaos+1","Auto Shields"],"picked":"SKIP","floor":35.0},{"not_picked":["Consume+1","Defragment+1","White Noise+1"],"picked":"SKIP","floor":36.0},{"not_picked":["Doom and Gloom+1","Ball Lightning"],"picked":"Self Repair+1","floor":37}],"player_experience":100054,"relics_obtained":[{"floor":6.0,"key":"Boot"},{"floor":8.0,"key":"Oddly Smooth Stone"},{"floor":9.0,"key":"Nunchaku"}],"event_choices":[{"damage_healed":0.0,"max_hp_gain":0.0,"max_hp_loss":0.0,"gold_gain":0.0,"event_name":"Liars Game","player_choice":"Ignored","floor":2.0,"gold_loss":0.0,"damage_taken":0.0},{"damage_healed":0.0,"max_hp_gain":0.0,"max_hp_loss":0.0,"gold_gain":0.0,"event_name":"Wheel of Change","player_choice":"Damaged","floor":3.0,"gold_loss":0.0,"damage_taken":7.0},{"damage_healed":0.0,"max_hp_gain":0.0,"max_hp_loss":0.0,"gold_gain":0.0,"event_name":"Living Wall","player_choice":"Grow","floor":14.0,"gold_loss":0.0,"damage_taken":0.0,"cards_upgraded":["Capacitor"]},{"cards_removed":["Strike_B"],"damage_healed":0.0,"max_hp_gain":0.0,"max_hp_loss":0.0,"gold_gain":0.0,"event_name":"Wheel of Change","player_choice":"Card Removal","floor":19.0,"gold_loss":0.0,"damage_taken":0.0},{"damage_healed":0.0,"max_hp_gain":0.0,"max_hp_loss":0.0,"gold_gain":0.0,"event_name":"Ghosts","player_choice":"Ignored","floor":27.0,"gold_loss":0.0,"damage_taken":0.0},{"damage_healed":0.0,"max_hp_gain":0.0,"max_hp_loss":0.0,"gold_gain":0.0,"event_name":"N\u0027loth","player_choice":"Traded Relic","floor":28.0,"relics_lost":["Oddly Smooth Stone"],"gold_loss":0.0,"damage_taken":0.0,"relics_obtained":["Nloth\u0027s Gift"]},{"damage_healed":19,"gold_gain":0,"player_choice":"Writhe","damage_taken":0,"max_hp_gain":0,"max_hp_loss":0,"event_name":"Winding Halls","floor":38,"gold_loss":0,"cards_obtained":["Writhe"]}],"is_beta":false,"boss_relics":[{"not_picked":["Runic Pyramid","SlaversCollar"],"picked":"Inserter"},{"not_picked":["Velvet Choker","Snecko Eye"],"picked":"Empty Cage"}],"items_purged_floors":[4,13,30],"is_endless":false,"potions_floor_spawned":[1,6,21,22,31,33,37],"killed_by":"Maw","ascension_level":2}}