{"host":"mt3nndg5ku536gxi","time":1608820511,"event":{"mods":["BaseMod","Colored Powertips","Minty Spire (QoL Compilation)","Permanent Neow","Quick Restart","StSLib"],"gold_per_floor":[111,122,47,47,66,93,93,127,180,207,207,10,51,70,70,153,153,167,42,70,99,126,162,162,197,206,234,159,83,125,24,24,108,117,141,160,170,170,170,170,197,217,226,10,32,75,75,100,100,100,100,100,100,32,67,67],"floor_reached":57,"playtime":3669,"items_purged":["Strike_P","Decay","Strike_P","Defend_P"],"score":3467,"play_id":"fe21203e-f1bc-445f-8693-1e92c801f1b3","local_time":"20201224223511","is_ascension_mode":true,"campfire_choices":[{"data":"Eruption","floor":11.0,"key":"SMITH"},{"data":"Meditate","floor":15.0,"key":"SMITH"},{"data":"Devotion","floor":24.0,"key":"SMITH"},{"data":"Omniscience","floor":32.0,"key":"SMITH"},{"data":"Prostrate","floor":40.0,"key":"SMITH"},{"data":"Fasting2","floor":47.0,"key":"SMITH"},{"floor":49.0,"key":"RECALL"},{"data":"Pray","floor":53.0,"key":"SMITH"}],"circlet_count":0,"master_deck":["AscendersBane","Defend_P","Defend_P","Eruption+1","Vigilance","CarveReality","SandsOfTime","BowlingBash","TalkToTheHand","FlurryOfBlows","CrushJoints","Fasting2+1","ClearTheMind","DeusExMachina","Meditate+1","Devotion+1","Prostrate","Evaluate","Ghostly","Ghostly","Ghostly","Collect+1","Sanctity+1","Clumsy","Tantrum","Omniscience+1","DeceiveReality","Adaptation+1","Pray+1","Scrawl","CurseOfTheBell","Prostrate+1","Omniscience+1","Injury","Adaptation+1","Wallop+1","MasterReality+1","Study+1"],"relics":["Cursed Key","Letter Opener","Bronze Scales","Bag of Marbles","Damaru","Blue Candle","CeramicFish","Black Star","TungstenRod","Thread and Needle","Sundial","Juzu Bracelet","FossilizedHelix","Frozen Egg 2","Du-Vu Doll","Calling Bell","Bag of Preparation","Molten Egg 2","Dead Branch","CaptainsWheel","StrikeDummy","Art of War","Gambling Chip","Ginger","Oddly Smooth Stone","Vajra"],"acts_visited":["Exordium","TheCity","TheBeyond","TheEnding"],"potions_floor_usage":[56,56],"damage_taken":[{"damage":0.0,"enemies":"Small Slimes","floor":1.0,"turns":2.0},{"damage":7.0,"enemies":"Jaw Worm","floor":2.0,"turns":3.0},{"damage":0.0,"enemies":"Cultist","floor":5.0,"turns":2.0},{"damage":2.0,"enemies":"3 Sentries","floor":6.0,"turns":4.0},{"damage":8.0,"enemies":"Lagavulin","floor":8.0,"turns":5.0},{"damage":4.0,"enemies":"3 Sentries","floor":10.0,"turns":5.0},{"damage":1.0,"enemies":"Lagavulin","floor":13.0,"turns":5.0},{"damage":5.0,"enemies":"Blue Slaver","floor":14.0,"turns":2.0},{"damage":3.0,"enemies":"Hexaghost","floor":16.0,"turns":5.0},{"damage":7.0,"enemies":"Chosen","floor":18.0,"turns":3.0},{"damage":11.0,"enemies":"2 Thieves","floor":20.0,"turns":3.0},{"damage":10.0,"enemies":"Sentry and Sphere","floor":21.0,"turns":4.0},{"damage":3.0,"enemies":"Book of Stabbing","floor":23.0,"turns":3.0},{"damage":0.0,"enemies":"Gremlin Leader","floor":25.0,"turns":5.0},{"damage":0.0,"enemies":"Centurion and Healer","floor":27.0,"turns":5.0},{"damage":0.0,"enemies":"Book of Stabbing","floor":30.0,"turns":5.0},{"damage":0.0,"enemies":"Automaton","floor":33.0,"turns":5.0},{"damage":0.0,"enemies":"3 Shapes","floor":35.0,"turns":2.0},{"damage":0.0,"enemies":"Orb Walker","floor":36.0,"turns":3.0},{"damage":0.0,"enemies":"Writhing Mass","floor":37.0,"turns":3.0},{"damage":0.0,"enemies":"Reptomancer","floor":41.0,"turns":3.0},{"damage":0.0,"enemies":"Spire Growth","floor":42.0,"turns":2.0},{"damage":0.0,"enemies":"3 Darklings","floor":45.0,"turns":2.0},{"damage":0.0,"enemies":"Nemesis","floor":46.0,"turns":7.0},{"damage":0.0,"enemies":"Mind Bloom Boss Battle","floor":48.0,"turns":3.0},{"damage":0.0,"enemies":"Time Eater","floor":50.0,"turns":6.0},{"damage":0.0,"enemies":"Donu and Deca","floor":51.0,"turns":3.0},{"damage":0.0,"enemies":"Shield and Spear","floor":55.0,"turns":5.0},{"damage":5,"enemies":"The Heart","floor":56,"turns":6}],"seed_played":"-239588456155927616","potions_obtained":[{"floor":1.0,"key":"SkillPotion"},{"floor":2.0,"key":"DuplicationPotion"},{"floor":10.0,"key":"Energy Potion"},{"floor":16.0,"key":"DuplicationPotion"},{"floor":18.0,"key":"StancePotion"},{"floor":33.0,"key":"BottledMiracle"},{"floor":36.0,"key":"Ancient Potion"},{"floor":41.0,"key":"DuplicationPotion"},{"floor":42.0,"key":"PowerPotion"}],"is_trial":false,"path_per_floor":["M","M","$","?","M","E","?","E","T","E","R","$","E","M","R","B",null,"M","$","M","M","?","E","R","E","T","M","?","$","E","$","R","B",null,"M","M","M","?","?","R","E","M","T","$","M","E","R","?","R","B","B",null,"R","$","E","B",null],"character_chosen":"WATCHER","items_purchased":["Fasting2","ClearTheMind","Omniscience","Adaptation+1","Pray","Adaptation+1","Study+1"],"campfire_rested":0,"item_purchase_floors":[12,12,29,31,31,44,54],"current_hp_per_floor":[61,54,54,43,43,41,41,33,33,29,29,29,28,23,23,20,56,49,49,38,28,28,25,25,25,25,25,25,25,25,25,25,25,32,32,32,32,32,32,32,32,32,32,32,32,32,32,32,32,32,32,34,34,34,34,29],"gold":67,"neow_bonus":"BOSS_RELIC","is_daily":false,"chose_seed":false,"campfire_upgraded":7,"win_rate":0.0,"timestamp":1608820511,"path_taken":["M","M","$","?","M","E","?","E","T","E","R","$","E","M","R","BOSS","M","$","M","?","?","E","R","E","T","M","?","?","E","$","R","BOSS","M","M","M","?","?","R","E","M","T","$","M","E","R","?","R","BOSS","BOSS","R","$","E","BOSS"],"items_purchased_type":["Card","Card","Card","Card","Card","Card","Card"],"build_version":"2020-12-22","purchased_purges":4,"victory":true,"max_hp_per_floor":[68,68,68,68,68,68,68,68,68,68,68,68,68,68,68,68,68,68,68,68,68,34,34,34,34,34,34,34,34,34,34,34,34,34,34,34,34,34,34,34,34,34,34,34,34,34,34,34,34,34,34,34,34,34,34,34],"card_choices":[{"not_picked":["JustLucky","LikeWater"],"picked":"CarveReality","floor":1.0},{"not_picked":["WheelKick","JustLucky"],"picked":"SandsOfTime","floor":2.0},{"not_picked":["Protect","InnerPeace"],"picked":"BowlingBash","floor":5.0},{"not_picked":["CutThroughFate","BowlingBash"],"picked":"TalkToTheHand","floor":6.0},{"not_picked":["SashWhip","DeusExMachina"],"picked":"FlurryOfBlows","floor":8.0},{"not_picked":["JustLucky","Protect"],"picked":"CrushJoints","floor":10.0},{"not_picked":["PathToVictory","WheelKick"],"picked":"DeusExMachina","floor":13.0},{"not_picked":["BowlingBash","Sanctity"],"picked":"Meditate","floor":14.0},{"not_picked":["DeusExMachina","Judgement"],"picked":"Devotion","floor":16.0},{"not_picked":["JustLucky","Consecrate","Study"],"picked":"SKIP","floor":18.0},{"not_picked":["Swivel+1","Fasting2"],"picked":"Prostrate","floor":20.0},{"not_picked":["ThirdEye","FlyingSleeves"],"picked":"Evaluate","floor":21.0},{"not_picked":["BattleHymn","Consecrate"],"picked":"Collect+1","floor":23.0},{"not_picked":["SashWhip","FollowUp"],"picked":"Sanctity+1","floor":25.0},{"not_picked":["BowlingBash","FlurryOfBlows"],"picked":"Tantrum","floor":27.0},{"not_picked":["Tantrum","Crescendo"],"picked":"DeceiveReality","floor":30.0},{"not_picked":["ConjureBlade","SpiritShield"],"picked":"Scrawl","floor":33.0},{"not_picked":["Evaluate","ReachHeaven+1"],"picked":"Prostrate","floor":35.0},{"not_picked":["BowlingBash+1","CutThroughFate+1"],"picked":"Omniscience","floor":36.0},{"not_picked":["CrushJoints+1","ClearTheMind","ThirdEye"],"picked":"SKIP","floor":37.0},{"not_picked":["FearNoEvil+1","Perseverance+1","Worship"],"picked":"SKIP","floor":41.0},{"not_picked":["Crescendo","ClearTheMind","ReachHeaven+1"],"picked":"SKIP","floor":42.0},{"not_picked":["SashWhip+1","Weave+1"],"picked":"Wallop+1","floor":45.0},{"not_picked":["DeusExMachina","InnerPeace"],"picked":"MasterReality+1","floor":46.0},{"not_picked":["CrushJoints+1","Collect","Indignation+1"],"picked":"SKIP","floor":55.0}],"player_experience":173131,"relics_obtained":[{"floor":6.0,"key":"Bronze Scales"},{"floor":8.0,"key":"Bag of Marbles"},{"floor":9.0,"key":"Damaru"},{"floor":10.0,"key":"Blue Candle"},{"floor":13.0,"key":"CeramicFish"},{"floor":23.0,"key":"TungstenRod"},{"floor":23.0,"key":"Thread and Needle"},{"floor":25.0,"key":"Sundial"},{"floor":25.0,"key":"Juzu Bracelet"},{"floor":26.0,"key":"FossilizedHelix"},{"floor":30.0,"key":"Frozen Egg 2"},{"floor":30.0,"key":"Du-Vu Doll"},{"floor":34.0,"key":"Bag of Preparation"},{"floor":34.0,"key":"Molten Egg 2"},{"floor":34.0,"key":"Dead Branch"},{"floor":41.0,"key":"CaptainsWheel"},{"floor":41.0,"key":"StrikeDummy"},{"floor":46.0,"key":"Art of War"},{"floor":46.0,"key":"Gambling Chip"},{"floor":48.0,"key":"Ginger"},{"floor":55.0,"key":"Oddly Smooth Stone"},{"floor":55.0,"key":"Vajra"}],"event_choices":[{"damage_healed":0.0,"max_hp_gain":0.0,"max_hp_loss":0.0,"gold_gain":0.0,"event_name":"Scrap Ooze","player_choice":"Success","floor":4.0,"gold_loss":0.0,"damage_taken":11.0,"relics_obtained":["Letter Opener"]},{"cards_removed":["Strike_P"],"damage_healed":0.0,"max_hp_gain":0.0,"max_hp_loss":0.0,"gold_gain":0.0,"event_name":"Bonfire Elementals","player_choice":"Offered Basic","floor":7.0,"gold_loss":0.0,"damage_taken":0.0},{"damage_healed":0.0,"max_hp_gain":0.0,"max_hp_loss":34.0,"gold_gain":0.0,"event_name":"Ghosts","player_choice":"Became a Ghost","floor":22.0,"gold_loss":0.0,"damage_taken":0.0,"cards_obtained":["Ghostly","Ghostly","Ghostly"]},{"cards_removed":["Defend_P"],"damage_healed":0.0,"max_hp_gain":0.0,"max_hp_loss":0.0,"gold_gain":0.0,"event_name":"Beggar","player_choice":"Gave Gold","floor":28.0,"gold_loss":75.0,"damage_taken":0.0},{"cards_removed":["Strike_P"],"damage_healed":0.0,"max_hp_gain":0.0,"max_hp_loss":0.0,"gold_gain":0.0,"event_name":"Falling","player_choice":"Removed Attack","floor":38.0,"gold_loss":0.0,"damage_taken":0.0},{"damage_healed":0.0,"max_hp_gain":0.0,"max_hp_loss":0.0,"gold_gain":0.0,"event_name":"Accursed Blacksmith","player_choice":"Forge","floor":39.0,"gold_loss":0.0,"damage_taken":0.0,"cards_upgraded":["Omniscience"]},{"damage_healed":0.0,"max_hp_gain":0.0,"max_hp_loss":0.0,"gold_gain":0.0,"event_name":"MindBloom","player_choice":"Fight","floor":48.0,"gold_loss":0.0,"damage_taken":0.0}],"is_beta":false,"boss_relics":[{"not_picked":["Sozu","Fusion Hammer"],"picked":"Black Star"},{"not_picked":["Coffee Dripper","Busted Crown"],"picked":"Calling Bell"}],"items_purged_floors":[3,12,19,44],"is_endless":false,"potions_floor_spawned":[1,2,5,10,16,18,33,36,41,42,45],"ascension_level":20}}