{"host":"qjr2x8lg4bxz99yh","time":1608845504,"event":{"mods":["Act Like it!","BaseMod","Colored Powertips","Downfall","Friendly Minions","Hallownest","Hermit","Minty Spire (QoL Compilation)","Replay The Spire","StSLib","The Bug Knight","The Cursed","The Disciple","The Hierophant","The Jungle","The Necromancer","The Runesmith","everything is the same but u backflip on backflip"],"gold_per_floor":[99,19,34,49,49,68,68,68,68,88,88,108,108,183,183,307,307,328,4,20,41,56,94,94,88,111,123,150,170,170,180,180,180,180],"floor_reached":33,"playtime":2371,"items_purged":[],"score":291,"play_id":"8cd2de23-5ad0-45ec-bb60-e77327799343","local_time":"20201224153144","is_ascension_mode":false,"campfire_choices":[{"floor":8,"key":"REST"},{"floor":11,"key":"REST"},{"floor":15,"key":"REST"},{"floor":30,"key":"REST"},{"floor":32,"key":"REST"}],"circlet_count":0,"master_deck":["Strike_B","Strike_B","Strike_B","Strike_B","Defend_B","Defend_B","Defend_B","Defend_B","Zap","Dualcast","champ:Execute","hierophant:ChurchCoffers","Electrodynamics","Cold Snap","ReplayGash+1","Capacitor","Storm","Chaos","Conserve Battery","Streamline","All For One","Panic Button+1","Self Repair","Doom and Gloom+1","Beam Cell","Redo","Beam Cell","Hologram","Melter","Tempest","Hello World","Streamline"],"relics":["Cracked Core","Bloody Idol","Nunchaku","HornCleat","Vajra","Painkiller Herb","Solar Panel","HollowMod:PaleOreRelic","Juzu Bracelet","Kunai"],"acts_visited":["Exordium","TheCity"],"potions_floor_usage":[20,23,23,27,28,31],"damage_taken":[{"damage":1,"enemies":"2 Louse","floor":1,"turns":2},{"damage":3,"enemies":"Small Slimes","floor":3,"turns":3},{"damage":4,"enemies":"Cultist","floor":4,"turns":3},{"damage":17,"enemies":"3 Sentries","floor":6,"turns":5},{"damage":16,"enemies":"Exordium Wildlife","floor":10,"turns":4},{"damage":0,"enemies":"3 Louse","floor":12,"turns":4},{"damage":21,"enemies":"Hexaghost","floor":16,"turns":9},{"damage":6,"enemies":"3 Byrds","floor":18,"turns":4},{"damage":0,"enemies":"Spheric Guardian","floor":20,"turns":3},{"damage":21,"enemies":"Snake Plant","floor":21,"turns":5},{"damage":20,"enemies":"3 Cultists","floor":22,"turns":4},{"damage":41,"enemies":"Slavers","floor":23,"turns":5},{"damage":13,"enemies":"Centurion and Healer","floor":25,"turns":6},{"damage":28,"enemies":"Snake Plant","floor":27,"turns":5},{"damage":11,"enemies":"Book of Stabbing","floor":28,"turns":4},{"damage":25,"enemies":"Cultist and Chosen","floor":29,"turns":6},{"damage":34,"enemies":"Centurion and Healer","floor":31,"turns":7},{"damage":54,"enemies":"Automaton","floor":33,"turns":6}],"seed_played":"-5418180834982726259","potions_obtained":[{"floor":1,"key":"Guardian:BlockOnCardUsePotion"},{"floor":4,"key":"Swift Potion"},{"floor":6,"key":"Dexterity Potion"},{"floor":10,"key":"ColorlessPotion"},{"floor":20,"key":"hexamod:EctoCoolerPotion"},{"floor":21,"key":"Cursed Concoction"},{"floor":25,"key":"Flashbang"},{"floor":29,"key":"PowerPotion"}],"is_trial":false,"path_per_floor":["M","$","M","M","?","E","?","R","T","M","R","M","?","?","R","B",null,"?","T","?","?","?","E","?","?","T","?","E","?","T","?","T","B"],"character_chosen":"DEFECT","items_purchased":["ReplayGash","Solar Panel","Self Repair"],"campfire_rested":5,"item_purchase_floors":[2,19,19],"current_hp_per_floor":[74,74,71,67,49,32,32,54,54,38,60,60,48,37,59,38,75,69,69,75,67,62,36,36,45,50,42,36,23,45,29,51,0,0],"gold":180,"neow_bonus":"THREE_RARE_CARDS","is_daily":false,"chose_seed":false,"campfire_upgraded":0,"win_rate":0.0,"timestamp":1608845504,"path_taken":["M","$","M","M","?","E","?","R","T","?","R","M","?","?","R","BOSS","?","T","?","?","?","E","?","?","T","?","E","?","T","?","T","BOSS"],"items_purchased_type":["Card","Relic","Card"],"build_version":"2020-12-22","purchased_purges":0,"victory":false,"max_hp_per_floor":[75,75,75,75,75,75,75,75,75,75,75,75,75,75,75,75,75,75,75,75,75,75,75,75,75,75,75,75,75,75,75,75,75,75],"card_choices":[{"not_picked":["Reboot","Mirror Shield"],"picked":"Electrodynamics","floor":0},{"not_picked":["BootSequence","Darkness"],"picked":"Cold Snap","floor":1},{"not_picked":["Beam Cell","Hello World"],"picked":"Capacitor","floor":3},{"not_picked":["BasicCrystalCard","Crystallizer"],"picked":"Storm","floor":4},{"not_picked":["White Noise","Static Discharge"],"picked":"Chaos","floor":6},{"not_picked":["FTL","Reprogram"],"picked":"Conserve Battery","floor":10},{"not_picked":["Chill","Blizzard"],"picked":"Streamline","floor":12},{"not_picked":["Reboot","Electrodynamics"],"picked":"All For One","floor":16},{"not_picked":["BasicCrystalCard","Skim"],"picked":"Panic Button+1","floor":18},{"not_picked":["Redo","ReplayGash"],"picked":"Doom and Gloom+1","floor":20},{"not_picked":["ReplayTheSpireMod:Reroute Power","Buffer"],"picked":"Beam Cell","floor":21},{"not_picked":["Panic Button","Barrage"],"picked":"Redo","floor":22},{"not_picked":["Blizzard","Sweeping Beam+1"],"picked":"Beam Cell","floor":23},{"not_picked":["Cold Snap","Panic Button+1"],"picked":"Hologram","floor":25},{"not_picked":["Biased Cognition","Panic Button"],"picked":"Melter","floor":27},{"not_picked":["Coolheaded+1","Steam+1"],"picked":"Tempest","floor":28},{"not_picked":["Self Repair","ReplayTheSpireMod:Reroute Power"],"picked":"Hello World","floor":29},{"not_picked":["Redo","Reinforced Body"],"picked":"Streamline","floor":31}],"player_experience":30438,"relics_obtained":[{"floor":6,"key":"Nunchaku"},{"floor":9,"key":"HornCleat"},{"floor":23,"key":"HollowMod:PaleOreRelic"},{"floor":26,"key":"Juzu Bracelet"},{"floor":28,"key":"Kunai"}],"event_choices":[{"damage_healed":0,"gold_gain":0,"player_choice":"Take Damage","damage_taken":18,"relics_obtained":["Golden Idol"],"max_hp_gain":0,"max_hp_loss":0,"event_name":"Golden Idol","floor":5,"gold_loss":0},{"damage_healed":0,"gold_gain":0,"player_choice":"Upgraded","damage_taken":0,"max_hp_gain":0,"max_hp_loss":0,"event_name":"Upgrade Shrine","floor":7,"gold_loss":0,"cards_upgraded":["ReplayGash"]},{"damage_healed":0,"gold_gain":0,"player_choice":"Success","damage_taken":12,"relics_obtained":["Vajra"],"max_hp_gain":0,"max_hp_loss":0,"event_name":"Scrap Ooze","floor":13,"gold_loss":0},{"damage_healed":0,"gold_gain":75,"player_choice":"Gather Gold","damage_taken":11,"max_hp_gain":0,"max_hp_loss":0,"event_name":"World of Goop","floor":14,"gold_loss":0},{"damage_healed":0,"gold_gain":0,"player_choice":"Gave Idol","damage_taken":0,"relics_obtained":["Bloody Idol"],"max_hp_gain":0,"max_hp_loss":0,"event_name":"Forgotten Altar","floor":24,"relics_lost":["Golden Idol"],"gold_loss":0}],"is_beta":false,"boss_relics":[{"not_picked":["Philosopher\u0027s Stone","Astrolabe"],"picked":"Painkiller Herb"}],"items_purged_floors":[],"is_endless":false,"potions_floor_spawned":[1,4,6,10,20,21,25,29],"killed_by":"Automaton","ascension_level":0}}