{"host":"u9xtr94typ21duox","time":1608797785,"event":{"mods":["BaseMod","Key Reminder","KinomotoSakuraMod(木之本樱)","LagranYue(拉格朗・月)","Marisa（F雨　魔理沙）","Minty Spire (QoL Compilation)","Reimu（博丽灵梦）","Remilia（蕾米莉亚）","Replay The Spire","StSLib","Td1madao Mod","The Administrix","The Bladedancer","The Bug Knight","The Construct","The Cursed","The Gatherer","The Runesmith","The Servant 0.9.4","WarShipGirlsR/战舰少女R mod","Youmu（魂魄妖梦）","vexMod"],"gold_per_floor":[116,127,127,127,142,142,13,75,102,102,132,152,184,195,195,293,293,308,320,332,65,85,85,120,120,120,151,151,165,180,192,192,289,289,300,300,315,332,332,332,366,366,446,459,485,498,227,242,242,242],"floor_reached":51,"playtime":4013,"items_purged":["Strike_C","Defend_C","Strike_C"],"score":747,"play_id":"a8ea6a86-854c-49c5-9a7b-391bf92ee421","local_time":"20201224161625","is_ascension_mode":true,"campfire_choices":[{"data":"Twin Teeth","floor":6.0,"key":"SMITH"},{"data":"Machining","floor":10.0,"key":"SMITH"},{"data":"Transfer Energy","floor":15.0,"key":"SMITH"},{"data":"Data Freezing","floor":23,"key":"SMITH"},{"floor":25,"key":"REST"},{"floor":32,"key":"REST"},{"data":"Memory Alloy","floor":40,"key":"SMITH"},{"data":"Defend System","floor":42,"key":"SMITH"},{"data":"Afterwards","floor":49,"key":"SMITH"}],"circlet_count":0,"master_deck":["Strike_C","Defend_C","Defend_C","Defend_C","Knight Kick","Chip","Transfer Energy+1","Twin Teeth+1","Sub Weapons+1","Lore","Machining+1","Fixing","Optimization","Data Freezing+1","AbeCurse","Afterwards+1","Defend System+1","Survey Options","Lunge+1","De Ware Chip+1","Shockwave Tdmadao+1","Memory Alloy+1","Cooling Song","Reflection Mechanism+1","De Ware Chip+1","Data Freezing+1"],"relics":["Apod","Boot","LagranYue:MagicReflectiveArmorRelic","Ornamental Fan","Abe\u0027s Treasure","ReplayTheSpireMod:Ninjato","MealTicket","construct:FoamFinger","vexMod:CursedCompass","Pantograph","HollowMod:StagPassRelic","Mirror","DollysMirror"],"acts_visited":["Exordium","TheCity","TheBeyond"],"potions_floor_usage":[19,19,20,20,20,20,22,44,50,50],"damage_taken":[{"damage":0.0,"enemies":"Small Slimes","floor":1.0,"turns":3.0},{"damage":2.0,"enemies":"2 Louse","floor":2.0,"turns":3.0},{"damage":0.0,"enemies":"Jaw Worm","floor":5.0,"turns":4.0},{"damage":9.0,"enemies":"3 Sentries","floor":8.0,"turns":7.0},{"damage":9.0,"enemies":"3 Sentries","floor":11.0,"turns":7.0},{"damage":0.0,"enemies":"2 Fungi Beasts","floor":12.0,"turns":3.0},{"damage":0.0,"enemies":"Replay:BlueRogue","floor":13.0,"turns":4.0},{"damage":2.0,"enemies":"Blue Slaver","floor":14.0,"turns":3.0},{"damage":4.0,"enemies":"The Guardian","floor":16.0,"turns":10.0},{"damage":0,"enemies":"Chosen","floor":18,"turns":4},{"damage":10,"enemies":"2 Thieves","floor":19,"turns":4},{"damage":14,"enemies":"Cultist and Chosen","floor":20,"turns":11},{"damage":3,"enemies":"3 Cultists","floor":22,"turns":6},{"damage":38,"enemies":"Replay:Snechameleon","floor":24,"turns":7},{"damage":3,"enemies":"Book of Stabbing","floor":27,"turns":4},{"damage":0,"enemies":"Shelled Parasite and Fungi","floor":29,"turns":3},{"damage":6,"enemies":"Chosen and Byrds","floor":30,"turns":3},{"damage":0,"enemies":"Snake Plant","floor":31,"turns":3},{"damage":0,"enemies":"Champ","floor":33,"turns":5},{"damage":0,"enemies":"3 Shapes","floor":35,"turns":4},{"damage":0,"enemies":"Orb Walker","floor":37,"turns":2},{"damage":0,"enemies":"Spire Growth","floor":38,"turns":4},{"damage":0,"enemies":"Giant Head","floor":41,"turns":4},{"damage":0,"enemies":"Jaw Worm Horde","floor":44,"turns":3},{"damage":0,"enemies":"Reptomancer","floor":45,"turns":4},{"damage":0,"enemies":"3 Darklings","floor":46,"turns":3},{"damage":7,"enemies":"4 Shapes","floor":48,"turns":5},{"damage":11,"enemies":"Replay:Hell Engine","floor":50,"turns":5}],"seed_played":"-6132879106490532749","potions_obtained":[{"floor":5.0,"key":"Adrenaline Potion"},{"floor":8.0,"key":"BlessingOfTheForge"},{"floor":11.0,"key":"SteroidPotion"},{"floor":12.0,"key":"ZuzhouPotion:ReiMu"},{"floor":16.0,"key":"SpeedPotion"},{"floor":18,"key":"construct:ShiftPotion"},{"floor":19,"key":"EntropicBrew"},{"floor":27,"key":"FairyPotion"},{"floor":37,"key":"Fire Potion"},{"floor":41,"key":"SpeedPotion"},{"floor":44,"key":"Fire Potion"}],"is_trial":false,"path_per_floor":["M","M","?","?","M","R","$","?","T","R","E","M","E","M","R","B",null,"M","M","M","$","M","R","E","R","T","E","?","M","M","M","R","B",null,"M","?","M","M","?","R","E","R","T","M","E","M","$","M","R","B",null],"character_chosen":"TD1MADAO_CLASS","items_purchased":["Machining","Defend System","Survey Options","DollysMirror"],"campfire_rested":2,"item_purchase_floors":[7,21,21,47],"current_hp_per_floor":[70,68,68,73,73,73,73,64,64,64,55,55,55,53,53,49,75,75,65,51,51,48,48,10,32,32,29,15,15,9,9,33,33,80,80,80,80,80,80,80,80,80,80,80,80,80,80,73,73,69],"gold":242,"neow_bonus":"","is_daily":false,"chose_seed":false,"campfire_upgraded":7,"win_rate":0.0,"timestamp":1608797785,"path_taken":["M","M","?","?","M","R","?","?","T","R","E","M","E","M","R","BOSS","M","M","M","$","M","R","E","R","T","E","?","M","M","M","R","BOSS","M","?","M","?","?","R","E","R","T","M","E","M","$","M","R","BOSS"],"items_purchased_type":["Card","Card","Card","Relic"],"build_version":"2020-12-22","purchased_purges":3,"victory":true,"max_hp_per_floor":[70,70,70,75,75,75,75,75,75,75,75,75,75,75,75,75,75,75,75,75,75,75,75,75,75,75,75,80,80,80,80,80,80,80,80,80,80,80,80,80,80,80,80,80,80,80,80,80,80,80],"card_choices":[{"not_picked":["Floating Swing Kick","Awareness"],"picked":"Transfer Energy","floor":1.0},{"not_picked":["Fixing","Floating Swing Kick"],"picked":"Twin Teeth","floor":2.0},{"not_picked":["Trader","White Contract"],"picked":"Lore","floor":5.0},{"not_picked":["Black Execution","Three Hit"],"picked":"Fixing","floor":11.0},{"not_picked":["Provocative","Revenge"],"picked":"Optimization","floor":12.0},{"not_picked":["Machining","Transfer Energy","Sudden Beat"],"picked":"SKIP","floor":13.0},{"not_picked":["Oblique Hack","Fixing","Floating Swing Kick"],"picked":"SKIP","floor":14.0},{"not_picked":["Backup","Chip Synthesis"],"picked":"Data Freezing","floor":16.0},{"not_picked":["Oblique Hack","Machining"],"picked":"Afterwards","floor":18},{"not_picked":["Cursed Blade","New Defend Magic","Winding Magic"],"picked":"SKIP","floor":19},{"not_picked":["Machining","Paralysis","Lunge"],"picked":"SKIP","floor":20},{"not_picked":["Preloading","Black Shadow+1"],"picked":"Lunge+1","floor":22},{"not_picked":["Lunge","Coercion"],"picked":"De Ware Chip+1","floor":24},{"not_picked":["Break Into+1","Money Cant Rescue","Cursed Blade"],"picked":"SKIP","floor":27},{"not_picked":["Floating Swing Kick+1","Fire Blade"],"picked":"Shockwave Tdmadao","floor":29},{"not_picked":["Black Hand","Here Defend Chip","Oblique Hack"],"picked":"SKIP","floor":30},{"not_picked":["White Contract","Three Hit","Machining"],"picked":"SKIP","floor":31},{"not_picked":["Shockwave Tdmadao","Chip Synthesis"],"picked":"Memory Alloy","floor":33},{"not_picked":["Reinforcement Parts+1","Preloading"],"picked":"Cooling Song","floor":35},{"not_picked":["Black Execution+1","Preloading+1","Black Dance+1"],"picked":"SKIP","floor":37},{"not_picked":["Lunge","Machining","Oblique Hack"],"picked":"SKIP","floor":38},{"not_picked":["Sudden Beat+1","Gravity Defend+1","Winding Magic+1"],"picked":"SKIP","floor":41},{"not_picked":["Black Warm Hole","Light Attack+1","Sudden Beat"],"picked":"SKIP","floor":44},{"not_picked":["Cursed Blade+1","Reinforcement Parts"],"picked":"Reflection Mechanism+1","floor":45},{"not_picked":["Provocative","Preloading+1"],"picked":"De Ware Chip+1","floor":46},{"not_picked":["Sudden Beat+1","Cursed Blade","Perfect Defend"],"picked":"SKIP","floor":48}],"player_experience":225819,"relics_obtained":[{"floor":8.0,"key":"Boot"},{"floor":9.0,"key":"LagranYue:MagicReflectiveArmorRelic"},{"floor":13.0,"key":"Ornamental Fan"},{"floor":24,"key":"ReplayTheSpireMod:Ninjato"},{"floor":26,"key":"MealTicket"},{"floor":27,"key":"construct:FoamFinger"},{"floor":41,"key":"Pantograph"},{"floor":43,"key":"HollowMod:StagPassRelic"},{"floor":45,"key":"Mirror"}],"event_choices":[{"damage_healed":0.0,"max_hp_gain":5.0,"max_hp_loss":0.0,"gold_gain":0.0,"event_name":"Big Fish","player_choice":"Donut","floor":4.0,"gold_loss":0.0,"damage_taken":0.0},{"damage_healed":0.0,"max_hp_gain":0.0,"max_hp_loss":0.0,"gold_gain":0.0,"event_name":"Dead Adventurer","player_choice":"Searched \u00272\u0027 times","floor":8.0,"gold_loss":0.0,"damage_taken":0.0},{"damage_healed":0,"gold_gain":0,"player_choice":"Shed Blood","damage_taken":19,"max_hp_gain":5,"max_hp_loss":0,"event_name":"Forgotten Altar","floor":28,"gold_loss":0},{"damage_healed":0,"gold_gain":0,"player_choice":"Upgraded","damage_taken":0,"max_hp_gain":0,"max_hp_loss":0,"event_name":"Upgrade Shrine","floor":39,"gold_loss":0,"cards_upgraded":["Shockwave Tdmadao"]}],"is_beta":false,"boss_relics":[{"not_picked":["Busted Crown","vexMod:DeviousBotling"],"picked":"Abe\u0027s Treasure"},{"not_picked":["Calling Bell","Kintsugi"],"picked":"vexMod:CursedCompass"}],"items_purged_floors":[7,21,47],"is_endless":false,"potions_floor_spawned":[5,8,11,12,16,18,19,27,37,41,44,48],"ascension_level":1}}