{"host":"ufl0k2so27eic2iy","time":1608812517,"event":{"mods":["BaseMod","Minty Spire (QoL Compilation)","StSLib","The Animator"],"gold_per_floor":[124,3,33,33,55,55,97,97,97,143,161,161,161,181,181,258,258,281,54,71,85,124,124,144,165,192,192,233,283,317,335,335,416,416,441,465,465,198,219,256,256,278,332,78,58,89,119,165,165,169,169,169,21,56,60],"floor_reached":56,"playtime":4720,"items_purged":["animator:Defend","animator:Strike_DateALive"],"score":2093,"play_id":"b9ad15aa-1f4e-4491-8823-e575dfd20997","local_time":"20201224122157","is_ascension_mode":true,"campfire_choices":[{"data":"animator:KrulTepes","floor":6.0,"key":"SMITH"},{"data":"animator:ReineMurasame","floor":12.0,"key":"SMITH"},{"floor":15.0,"key":"REST"},{"data":"animator:OrigamiTobiichi","floor":23,"key":"SMITH"},{"floor":27,"key":"REST"},{"data":"animator:ShidoItsuka","floor":32,"key":"SMITH"},{"floor":41,"key":"RECALL"},{"data":"animator:HiiragiShinya","floor":49,"key":"SMITH"},{"data":"animator:HiiragiShinya","floor":52,"key":"SMITH"}],"circlet_count":0,"master_deck":["AscendersBane","animator:Defend_DateALive","animator:Defend+1","animator:Defend","animator:ShidoItsuka+1","animator:YamaiSisters","animator:Lancer","animator:GuildGirl","animator:Shigure","animator:OrigamiTobiichi+1","animator:KrulTepes+1","animator:YoshinoHimekawa+1","animator:EmiyaShirou","animator:ReineMurasame+1","animator:HiiragiShinya+1","animator:Archer","animator:Rimuru","animator:Mitsuba","animator:MeguKakizaki","animator:Kaijin","animator:Kyubey","animator:LizardPriest","animator:HiiragiShinya+1","animator:SayakaMiki+1","animator:Shinoa","animator:YamaiSisters","animator:Kyubey+1","animator:Vesta+1","animator:MeguKakizaki+1","animator:ShidoItsuka+1","animator:Shinoa+1","animator:Souei+1","animator:TohkaYatogami","animator:Guren+1","animator:EmiyaShirou+1","animator:SwordMaiden+1","animator:Priestess+1","animator:Zero+1","animator:ShidoItsuka+1"],"relics":["animator:VividPicture","animator:TheMissingPiece","Anchor","Blood Vial","Lantern","Mummified Hand","animator:BattleDrones","ClockworkSouvenir","Blood Vial","Happy Flower","Blood Vial","Toxic Egg 2","Blood Vial","SacredBark","Bronze Scales","Letter Opener","Art of War","War Paint","Centennial Puzzle","Nunchaku"],"acts_visited":["Exordium","TheCity","TheBeyond","TheEnding"],"potions_floor_usage":[28,40,45,50,55,55],"damage_taken":[{"damage":0.0,"enemies":"Jaw Worm","floor":1.0,"turns":4.0},{"damage":0.0,"enemies":"2 Louse","floor":3.0,"turns":2.0},{"damage":1.0,"enemies":"Cultist","floor":5.0,"turns":4.0},{"damage":5.0,"enemies":"3 Sentries","floor":7.0,"turns":10.0},{"damage":32.0,"enemies":"Gremlin Nob","floor":10.0,"turns":5.0},{"damage":0.0,"enemies":"2 Fungi Beasts","floor":11.0,"turns":3.0},{"damage":0.0,"enemies":"Red Slaver","floor":14.0,"turns":3.0},{"damage":23.0,"enemies":"The Guardian","floor":16.0,"turns":10.0},{"damage":9.0,"enemies":"Shell Parasite","floor":18.0,"turns":5.0},{"damage":0.0,"enemies":"Chosen","floor":20.0,"turns":4.0},{"damage":7.0,"enemies":"Snecko","floor":21.0,"turns":4.0},{"damage":14,"enemies":"Cultist and Chosen","floor":22,"turns":6},{"damage":6,"enemies":"Snake Plant","floor":24,"turns":7},{"damage":15,"enemies":"Sentry and Sphere","floor":25,"turns":6},{"damage":11,"enemies":"Slavers","floor":28,"turns":7},{"damage":8,"enemies":"Gremlin Leader","floor":30,"turns":8},{"damage":0,"enemies":"Centurion and Healer","floor":31,"turns":7},{"damage":1,"enemies":"Automaton","floor":33,"turns":10},{"damage":14,"enemies":"3 Darklings","floor":35,"turns":6},{"damage":7,"enemies":"3 Shapes","floor":36,"turns":8},{"damage":20,"enemies":"Maw","floor":39,"turns":7},{"damage":22,"enemies":"Giant Head","floor":40,"turns":9},{"damage":5,"enemies":"Jaw Worm Horde","floor":42,"turns":5},{"damage":6,"enemies":"Nemesis","floor":46,"turns":7},{"damage":0,"enemies":"3 Darklings","floor":47,"turns":6},{"damage":0,"enemies":"Giant Head","floor":48,"turns":9},{"damage":0,"enemies":"Time Eater","floor":50,"turns":8},{"damage":41,"enemies":"Shield and Spear","floor":54,"turns":8},{"damage":22,"enemies":"The Heart","floor":55,"turns":10}],"seed_played":"4323294270319644609","potions_obtained":[{"floor":1.0,"key":"SmokeBomb"},{"floor":3.0,"key":"DuplicationPotion"},{"floor":5.0,"key":"Dexterity Potion"},{"floor":14.0,"key":"SkillPotion"},{"floor":16.0,"key":"SpeedPotion"},{"floor":18.0,"key":"CultistPotion"},{"floor":25,"key":"Weak Potion"},{"floor":28,"key":"LiquidMemories"},{"floor":40,"key":"Strength Potion"},{"floor":42,"key":"Regen Potion"},{"floor":45,"key":"Fruit Juice"},{"floor":47,"key":"DistilledChaos"}],"is_trial":false,"path_per_floor":["M","$","M","?","M","R","E","?","T","E","M","R","?","M","R","B",null,"M","$","M","M","M","R","M","M","T","R","E","?","E","M","R","B",null,"M","M","?","$","M","E","R","M","T","$","?","E","M","E","R","B",null,"R","$","E","B",null],"character_chosen":"THE_ANIMATOR","items_purchased":["animator:GuildGirl","animator:Shigure","animator:MeguKakizaki","ClockworkSouvenir","Bronze Scales","animator:Shinoa+1","animator:Guren+1","Weak Potion","animator:Zero+1"],"campfire_rested":2,"item_purchase_floors":[2,2,19,19,38,38,44,53,53],"current_hp_per_floor":[54,54,54,47,46,46,42,42,42,12,14,14,14,17,35,14,50,43,43,51,46,40,40,42,35,35,53,50,50,52,62,62,62,62,54,61,61,61,48,41,41,50,50,50,60,68,74,74,74,74,74,74,74,39,31],"gold":60,"neow_bonus":"RANDOM_COMMON_RELIC","is_daily":false,"chose_seed":true,"campfire_upgraded":6,"win_rate":0.0,"timestamp":1608812517,"path_taken":["M","$","M","?","M","R","E","?","T","E","?","R","?","M","R","BOSS","M","$","M","M","M","R","M","M","T","R","E","?","E","M","R","BOSS","M","M","?","$","?","E","R","M","T","?","?","E","M","E","R","BOSS","R","$","E","BOSS"],"items_purchased_type":["Card","Card","Card","Relic","Relic","Card","Card","Potion","Card"],"build_version":"2020-12-22","purchased_purges":2,"victory":true,"max_hp_per_floor":[60,60,60,60,60,60,61,61,61,61,61,61,61,62,62,62,62,62,62,62,62,62,62,62,62,62,62,62,62,62,62,62,62,62,62,62,62,62,62,63,63,63,63,63,73,73,74,74,74,74,74,74,74,74,74],"card_choices":[{"not_picked":["animator:NagisaMomoe","animator:Rider"],"picked":"animator:Lancer","floor":1.0},{"not_picked":["animator:OrikoMikuni","animator:Mitsuba"],"picked":"animator:OrigamiTobiichi","floor":3.0},{"not_picked":["animator:NiaHonjou","animator:Souseiseki"],"picked":"animator:KrulTepes","floor":5.0},{"not_picked":["animator:NiaHonjou","animator:TohkaYatogami"],"picked":"animator:YoshinoHimekawa","floor":7.0},{"not_picked":["animator:GazelDwargon","animator:YachiyoNanami"],"picked":"animator:ReineMurasame","floor":10.0},{"not_picked":["animator:Shuna","animator:KrulTepes"],"picked":"animator:HiiragiShinya","floor":11.0},{"not_picked":["animator:MikuIzayoi","animator:Shigure"],"picked":"animator:Archer","floor":14.0},{"not_picked":["animator:HomuraAkemi","animator:MukuroHoshimiya"],"picked":"animator:Rimuru","floor":16.0},{"not_picked":["animator:KrulTepes","animator:Shigure"],"picked":"animator:Mitsuba","floor":18.0},{"not_picked":["animator:Hinaichigo","animator:Rider+1"],"picked":"animator:Kaijin","floor":20.0},{"not_picked":["animator:NoriSakurada","animator:Shinoa"],"picked":"animator:Kyubey","floor":21},{"not_picked":["animator:CowGirl","animator:Suiseiseki"],"picked":"animator:LizardPriest","floor":22},{"not_picked":["animator:Yuuichirou","animator:Mitsuba"],"picked":"animator:HiiragiShinya","floor":24},{"not_picked":["animator:GuildGirl+1","animator:ReineMurasame"],"picked":"animator:SayakaMiki","floor":25},{"not_picked":["animator:Illya","animator:Millim"],"picked":"animator:Shinoa","floor":28},{"not_picked":["animator:Yuuichirou","animator:HomuraAkemi+1"],"picked":"animator:YamaiSisters","floor":30},{"not_picked":["animator:KotoriItsuka","animator:KurumiTokisaki"],"picked":"animator:Kyubey+1","floor":33},{"not_picked":["animator:YamaiSisters","animator:KrulTepes"],"picked":"animator:Vesta+1","floor":35},{"not_picked":["animator:DwarfShaman","animator:ShinjiMatou+1"],"picked":"animator:MeguKakizaki+1","floor":36},{"not_picked":["animator:Spearman","animator:Shion"],"picked":"animator:Souei+1","floor":39},{"not_picked":["animator:ReineMurasame+1","animator:OrigamiTobiichi"],"picked":"animator:TohkaYatogami","floor":40},{"not_picked":["animator:Alexander","animator:Shion","animator:DwarfShaman"],"picked":"SKIP","floor":42},{"not_picked":["animator:Witch+1","animator:Shion"],"picked":"animator:EmiyaShirou+1","floor":46},{"not_picked":["animator:MeguKakizaki+1","animator:TomoeKashiwaba"],"picked":"animator:SwordMaiden+1","floor":47},{"not_picked":["animator:DwarfShaman","animator:LizardPriest+1"],"picked":"animator:Priestess+1","floor":48},{"not_picked":["animator:Yoichi+1","animator:HighElfArcher"],"picked":"animator:ShidoItsuka+1","floor":54}],"player_experience":2361016,"relics_obtained":[{"floor":7.0,"key":"Blood Vial"},{"floor":7.0,"key":"Lantern"},{"floor":9.0,"key":"Mummified Hand"},{"floor":10.0,"key":"animator:BattleDrones"},{"floor":28,"key":"Blood Vial"},{"floor":28,"key":"Happy Flower"},{"floor":30,"key":"Blood Vial"},{"floor":30,"key":"Toxic Egg 2"},{"floor":33,"key":"Blood Vial"},{"floor":40,"key":"Letter Opener"},{"floor":43,"key":"Art of War"},{"floor":46,"key":"War Paint"},{"floor":48,"key":"Centennial Puzzle"},{"floor":54,"key":"Nunchaku"}],"event_choices":[{"cards_removed":["animator:Strike"],"damage_healed":0.0,"max_hp_gain":0.0,"max_hp_loss":0.0,"gold_gain":0.0,"event_name":"Golden Wing","player_choice":"Card Removal","floor":4.0,"gold_loss":0.0,"damage_taken":7.0},{"damage_healed":0.0,"max_hp_gain":0.0,"max_hp_loss":0.0,"gold_gain":0.0,"cards_transformed":["animator:Strike"],"event_name":"Transmorgrifier","player_choice":"Transformed","floor":8.0,"gold_loss":0.0,"damage_taken":0.0,"cards_obtained":["animator:EmiyaShirou"]},{"cards_removed":["animator:Strike"],"damage_healed":0.0,"max_hp_gain":0.0,"max_hp_loss":0.0,"gold_gain":0.0,"event_name":"Bonfire Elementals","player_choice":"Offered Basic","floor":13.0,"gold_loss":0.0,"damage_taken":0.0},{"damage_healed":0,"gold_gain":50,"player_choice":"Stole From Cult","damage_taken":0,"max_hp_gain":0,"max_hp_loss":0,"event_name":"Nest","floor":29,"gold_loss":0},{"damage_healed":0,"gold_gain":0,"player_choice":"Copied","damage_taken":0,"max_hp_gain":0,"max_hp_loss":0,"event_name":"Duplicator","floor":37,"gold_loss":0,"cards_obtained":["animator:ShidoItsuka"]},{"damage_healed":0,"gold_gain":0,"player_choice":"Bought 1 Potion","damage_taken":0,"max_hp_gain":0,"max_hp_loss":0,"event_name":"The Woman in Blue","floor":45,"gold_loss":0}],"is_beta":false,"boss_relics":[{"not_picked":["Philosopher\u0027s Stone","animator:HolyGrailRelic"],"picked":"animator:VividPicture"},{"not_picked":["Cursed Key","animator:CursedBlade"],"picked":"SacredBark"}],"items_purged_floors":[38,44],"is_endless":false,"potions_floor_spawned":[1,3,5,14,16,18,20,25,28,31,35,39,40,42,47,54],"ascension_level":15}}