{"host":"fdmexzkyss3ff9bv","time":1608848995,"event":{"mods":["BaseMod","Beaked The Cultist","BetterRewards","Downfall","Glutton Mod","Halation","Hubris","Infinite Spire","Minty Spire (QoL Compilation)","Replay The Spire","StSLib","The Animator","The Blackbeard","The Bug Knight","The Construct","The Mystic","The Servant 0.9.4","The Witch"],"gold_per_floor":[112,112,124,185,185,185,242,255,255,255,255,255,255,269,269,370,370,380,391,402,402,402,402,414,414,414,134,134,146,163,176,176,277,277,315,365,365],"floor_reached":36,"playtime":2088,"items_purged":["Slimebound:Icky"],"score":704,"play_id":"c2f637a6-cd00-4525-aca1-3811c7da713c","local_time":"20201224232955","is_ascension_mode":false,"campfire_choices":[{"floor":6,"key":"RECALL"},{"data":"Sunder","floor":10,"key":"SMITH"},{"floor":12,"key":"REST"},{"data":"Rainbow","floor":23,"key":"SMITH"}],"circlet_count":0,"master_deck":["Strike_B+1","Strike_B+1","Strike_B","Defend_B+1","Defend_B","Defend_B","Defend_B","Zap","Dualcast","expansioncontent:DashGenerateEvil","Streamline","expansioncontent:TimeRipple+1","FIFO Queue","Ball Lightning","Sunder+1","Ball Lightning","Time Bomb","Rainbow+1","Sweeping Beam+1","Sweeping Beam","Barrage","infinitespire:TheBestDefense","Undo+1","Slimebound:CheckThePlaybook","Panic Button","expansioncontent:Corrupt","Conserve Battery+1","FIFO Queue+1","Compile Driver","Electrodynamics","Steam Power+1"],"relics":["Burning Blood","Replay:Mystery Machine","halation:PromiseList","infinitespire:Cubic Diamond","Coffee Dripper","Oddly Smooth Stone","halation:PinkSoulGem","infinitespire:BottledMercury","Nloth\u0027s Gift","SsserpentHead","SlaversCollar","infinitespire:EvilPickle"],"acts_visited":["Exordium","TheCity","TheBeyond"],"potions_floor_usage":[16,16,20,31,33,33],"damage_taken":[{"damage":0,"enemies":"Small Slimes","floor":1,"turns":3},{"damage":0,"enemies":"2 Louse","floor":3,"turns":1},{"damage":0,"enemies":"Jaw Worm","floor":8,"turns":1},{"damage":1,"enemies":"Blue Slaver","floor":14,"turns":2},{"damage":19,"enemies":"The Guardian","floor":16,"turns":6},{"damage":4,"enemies":"Chosen","floor":18,"turns":5},{"damage":15,"enemies":"3 Byrds","floor":19,"turns":3},{"damage":10,"enemies":"Centurion and Healer","floor":20,"turns":4},{"damage":12,"enemies":"Sentry and Sphere","floor":24,"turns":4},{"damage":6,"enemies":"Snecko","floor":29,"turns":3},{"damage":3,"enemies":"Centurion and Healer","floor":30,"turns":3},{"damage":3,"enemies":"Snake Plant","floor":31,"turns":5},{"damage":33,"enemies":"Pondfish","floor":33,"turns":10},{"damage":36,"enemies":"3 Shapes","floor":35,"turns":4},{"damage":24,"enemies":"Mind Bloom Boss Battle","floor":36,"turns":3}],"seed_played":"7374488303615105855","potions_obtained":[{"floor":7,"key":"Fire Potion"},{"floor":7,"key":"ColorlessPotion"},{"floor":8,"key":"Elixir"},{"floor":16,"key":"EssenceOfSteel"},{"floor":18,"key":"Swift Potion"},{"floor":19,"key":"PowerPotion"},{"floor":24,"key":"LiquidMemories"},{"floor":31,"key":"Block Potion"}],"is_trial":false,"path_per_floor":["M","?","M","?","?","R","?","M","T","R","?","R","T","M","R","B",null,"M","M","M","AVR","?","R","M","?","T","$","?","M","M","M","R","B",null,"M","?"],"character_chosen":"DEFECT","items_purchased":["expansioncontent:DashGenerateEvil","Panic Button","expansioncontent:Corrupt"],"campfire_rested":1,"item_purchase_floors":[0,27,27],"current_hp_per_floor":[74,74,74,74,74,74,56,56,56,56,38,60,60,59,59,46,75,75,66,62,62,62,62,56,56,56,56,56,56,59,62,62,43,75,45,21,21],"gold":365,"neow_bonus":"","is_daily":false,"chose_seed":false,"campfire_upgraded":2,"win_rate":0.0,"timestamp":1608848995,"path_taken":["M","?","M","?","?","R","?","?","T","R","?","R","?","M","R","BOSS","M","M","M","AVR","?","R","M","?","T","$","?","M","M","M","R","BOSS","M","?"],"items_purchased_type":["Card","Card","Card"],"build_version":"2020-12-13","purchased_purges":1,"victory":false,"max_hp_per_floor":[75,75,75,75,75,75,75,75,75,75,75,75,75,75,75,75,75,75,75,75,75,75,75,75,75,75,75,75,75,75,75,75,75,75,75,75,75],"card_choices":[{"not_picked":["Coolheaded","Turbo"],"picked":"FIFO Queue","floor":1},{"not_picked":["Go for the Eyes","Gash"],"picked":"Ball Lightning","floor":3},{"not_picked":["Coolheaded","Beam Cell"],"picked":"Sunder","floor":7},{"not_picked":["Chill","Coolheaded"],"picked":"Ball Lightning","floor":8},{"not_picked":["Streamline","Steam"],"picked":"Time Bomb","floor":14},{"not_picked":["Amplify","ReplayTheSpireMod:Omega Cannon"],"picked":"Rainbow","floor":16},{"not_picked":["Leap","Streamline"],"picked":"Sweeping Beam+1","floor":18},{"not_picked":["Streamline","Beam Cell"],"picked":"Sweeping Beam","floor":19},{"not_picked":["Stack+1","Melter"],"picked":"Barrage","floor":20},{"not_picked":["ReplaySolidLightProjector","ReplayTheSpireMod:Reroute Power"],"picked":"Undo+1","floor":24},{"not_picked":["Sweeping Beam","Coolheaded"],"picked":"Conserve Battery+1","floor":29},{"not_picked":["Hello World+1","Cold Snap"],"picked":"FIFO Queue+1","floor":30},{"not_picked":["Go for the Eyes+1","Rebound"],"picked":"Compile Driver","floor":31},{"not_picked":["Rainbow","Amplify"],"picked":"Electrodynamics","floor":33},{"not_picked":["ReplayTheSpireMod:Reroute Power","White Noise"],"picked":"Steam Power+1","floor":35}],"player_experience":21777,"relics_obtained":[{"floor":7,"key":"Replay:Mystery Machine"},{"floor":13,"key":"halation:PromiseList"},{"floor":26,"key":"infinitespire:BottledMercury"}],"event_choices":[{"damage_healed":0,"gold_gain":61,"player_choice":"Gained Gold","damage_taken":0,"max_hp_gain":0,"max_hp_loss":0,"event_name":"Golden Wing","floor":4,"gold_loss":0},{"damage_healed":0,"gold_gain":0,"player_choice":"Success","damage_taken":18,"relics_obtained":["Simple Rune"],"max_hp_gain":0,"max_hp_loss":0,"event_name":"Scrap Ooze","floor":11,"gold_loss":0},{"damage_healed":0,"gold_gain":0,"player_choice":"Traded Relic","damage_taken":0,"relics_obtained":["Nloth\u0027s Gift"],"max_hp_gain":0,"max_hp_loss":0,"event_name":"N\u0027loth","floor":28,"relics_lost":["Simple Rune"],"gold_loss":0},{"damage_healed":0,"gold_gain":0,"player_choice":"Trade","damage_taken":0,"relics_obtained":["SsserpentHead"],"max_hp_gain":0,"max_hp_loss":0,"event_name":"FaceTrader","floor":32,"gold_loss":0},{"damage_healed":0,"gold_gain":0,"player_choice":"Fight","damage_taken":0,"max_hp_gain":0,"max_hp_loss":0,"event_name":"MindBloom","floor":36,"gold_loss":0}],"is_beta":false,"boss_relics":[{"not_picked":["beaked:SacredDeck","halation:PlatinumPhoenix"],"picked":"Coffee Dripper"},{"not_picked":["hubris:HollowSoul","ReplayTheSpireMod:DimensionalGlitch"],"picked":"SlaversCollar"}],"items_purged_floors":[27],"is_endless":false,"potions_floor_spawned":[8,16,18,19,24,30,31],"killed_by":"Mind Bloom Boss Battle","ascension_level":0}}