{"host":"os9owiyb0rak6c8n","time":1608844464,"event":{"mods":["AchievementEnabler","BaseMod","Beaked The Cultist","Better Third Choice","Block Reminder","Colored Map","Colored Powertips","Dio Mod","Minty Spire (QoL Compilation)","Robot Space Explorer","Spicy Shops","StSLib","The Death Knight","The Necromancer"],"gold_per_floor":[118,26,46,64,74,74,109,109,132,132,147,71,84,103,103,204,204,221,321,341,341,341,341],"floor_reached":22,"playtime":845,"items_purged":[],"score":291,"play_id":"491c60ab-dfdf-45bc-a062-feebed69bcc6","local_time":"20201224221424","is_ascension_mode":true,"campfire_choices":[{"data":"Defragment","floor":6,"key":"SMITH"},{"floor":8,"key":"REST"},{"data":"Undo","floor":10,"key":"SMITH"},{"floor":15,"key":"REST"}],"circlet_count":0,"master_deck":["AscendersBane","Strike_B","Strike_B","Strike_B","Strike_B","Defend_B","Defend_B","Defend_B","Defend_B","Zap","Dualcast","Rebound","Defragment+1","Melter","Undo+1","Ball Lightning","Static Discharge","Buffer","Echo Form","Conserve Battery+1"],"relics":["Cracked Core","Blood Vial","Happy Flower","MealTicket","beaked:SacredDeck","White Beast Statue"],"acts_visited":["Exordium","TheCity"],"potions_floor_usage":[16,20],"damage_taken":[{"damage":5,"enemies":"Cultist","floor":1,"turns":5},{"damage":3,"enemies":"2 Louse","floor":3,"turns":3},{"damage":9,"enemies":"Jaw Worm","floor":4,"turns":3},{"damage":10,"enemies":"Large Slime","floor":5,"turns":6},{"damage":40,"enemies":"Lagavulin","floor":7,"turns":9},{"damage":30,"enemies":"Gremlin Gang","floor":11,"turns":4},{"damage":4,"enemies":"Red Slaver","floor":13,"turns":3},{"damage":0,"enemies":"Large Slime","floor":14,"turns":4},{"damage":33,"enemies":"Slime Boss","floor":16,"turns":6},{"damage":14,"enemies":"Chosen","floor":18,"turns":4},{"damage":41,"enemies":"3 Byrds","floor":20,"turns":4},{"damage":23,"enemies":"Centurion and Healer","floor":22,"turns":6}],"seed_played":"-5235944842665991413","potions_obtained":[{"floor":1,"key":"EssenceOfSteel"},{"floor":3,"key":"EssenceOfDarkness"},{"floor":4,"key":"Energy Potion"}],"is_trial":false,"path_per_floor":["M","$","M","M","M","R","E","R","T","R","M","$","M","M","R","B",null,"M","?","M","T","M"],"character_chosen":"DEFECT","items_purchased":["Defragment","Static Discharge"],"campfire_rested":2,"item_purchase_floors":[2,12],"current_hp_per_floor":[65,65,64,57,49,49,11,33,33,33,5,20,18,20,42,11,59,47,47,8,8,0,0],"gold":341,"neow_bonus":"RANDOM_COMMON_RELIC","is_daily":false,"chose_seed":false,"campfire_upgraded":2,"win_rate":0.0,"timestamp":1608844464,"path_taken":["M","$","M","?","M","R","E","R","T","R","M","$","M","M","R","BOSS","M","?","?","?","M"],"items_purchased_type":["Card","Card"],"build_version":"2020-12-22","purchased_purges":0,"victory":false,"max_hp_per_floor":[75,75,75,75,75,75,75,75,75,75,75,75,75,75,75,75,75,75,75,75,75,75,75],"card_choices":[{"not_picked":["Aggregate","Hologram"],"picked":"Rebound","floor":1},{"not_picked":["Rebound","Streamline","Lockon"],"picked":"SKIP","floor":3},{"not_picked":["Aggregate","Streamline"],"picked":"Melter","floor":4},{"not_picked":["Rebound","Chaos"],"picked":"Undo","floor":5},{"not_picked":["Leap","BootSequence","Darkness"],"picked":"SKIP","floor":7},{"not_picked":["Beam Cell","Steam Power"],"picked":"Ball Lightning","floor":11},{"not_picked":["All For One","Static Discharge","Sweeping Beam"],"picked":"SKIP","floor":13},{"not_picked":["Redo","Streamline","Recycle"],"picked":"SKIP","floor":14},{"not_picked":["Reboot","Meteor Strike"],"picked":"Buffer","floor":16},{"not_picked":["Streamline","Redo+1"],"picked":"Conserve Battery+1","floor":18},{"not_picked":["Compile Driver","Turbo","Rebound"],"picked":"SKIP","floor":20}],"player_experience":528114,"relics_obtained":[{"floor":7,"key":"Happy Flower"},{"floor":9,"key":"MealTicket"},{"floor":21,"key":"White Beast Statue"}],"event_choices":[{"damage_healed":0,"gold_gain":100,"player_choice":"Pray","damage_taken":0,"max_hp_gain":0,"max_hp_loss":0,"event_name":"Golden Shrine","floor":19,"gold_loss":0}],"is_beta":false,"boss_relics":[{"not_picked":["Inserter","FrozenCore"],"picked":"beaked:SacredDeck"}],"items_purged_floors":[],"is_endless":false,"potions_floor_spawned":[1,3,4,13],"killed_by":"Centurion and Healer","ascension_level":11}}