{"host":"0luxfixkkfk9wck3","time":1608769298,"event":{"mods":["BaseMod","Downfall","Highlight Path","Minty Spire (QoL Compilation)","StSLib"],"gold_per_floor":[99,112,212,212,312,312,312,331,331,343,343,101,132,150,170,275,275,275,291,91,104,123,123,123,323,323,323,335,345,360,380,396,495,495,495,509,527,170,170,117,117,167,178,103,120,120,120,135,149,149],"floor_reached":51,"playtime":5576,"items_purged":["Slimebound:Strike_Slimebound","Slimebound:Icky"],"score":709,"play_id":"f851a838-7b6e-4c77-993e-5d5f7371740b","local_time":"20201223182138","is_ascension_mode":true,"campfire_choices":[{"data":"Slimebound:DuplicatedForm","floor":1,"key":"SMITH"},{"floor":9,"key":"REST"},{"data":"Slimebound:SlimeSlap","floor":18,"key":"SMITH"},{"data":"Slimebound:SlimeBrawl","floor":23,"key":"SMITH"},{"floor":35,"key":"RECALL"},{"data":"expansioncontent:FaceSlap","floor":44,"key":"SMITH"},{"data":"1","floor":47,"key":"LIFT"}],"circlet_count":0,"master_deck":["Slimebound:Strike_Slimebound","Slimebound:Tackle","Slimebound:Defend_Slimebound","Slimebound:Defend_Slimebound","Slimebound:Defend_Slimebound","Slimebound:Defend_Slimebound","Slimebound:Split+1","Slimebound:CorrosiveSpit","Slimebound:DuplicatedForm+1","Slimebound:Dissolve","Slimebound:ComboTackle","Slimebound:SplitAcid","Slimebound:LivingWall","Slimebound:RallyTheTroops","Slimebound:SlimeBrawl+1","Slimebound:Gluttony","Finesse","Slimebound:RainOfGoop","Slimebound:ServeAndProtect","Slimebound:DivideAndConquer","Slimebound:SlimeSlap+1","Slimebound:FinishingTackle","Slimebound:HauntingLick","Slimebound:Gluttony","Slimebound:FinishingTackle+1","Slimebound:SlimeTap","hexamod:Haunted","Slimebound:CheckThePlaybook","Slimebound:TongueLash","Slimebound:SpikyOuterGoop+1","Slimebound:TongueLash","Slimebound:SamplingLick+1","Slimebound:WasteNot","Slimebound:Prepare+1","expansioncontent:FaceSlap+1","Slimebound:LeadByExample+1","Slimebound:Prepare","Slimebound:Darklings"],"relics":["Slimebound:AbsorbEndCombat","Gremlin Horn","Bird Faced Urn","Blue Candle","Slimebound:AggressiveSlimeRelic","Sozu","Nunchaku","CaptainsWheel","Snecko Eye","Strawberry","Mummified Hand","Lee\u0027s Waffle","Bottled Tornado","Girya","downfall:HeartBlessingRed"],"acts_visited":["Exordium","TheCity","TheBeyond"],"potions_floor_usage":[5,5,16,33,33,50],"damage_taken":[{"damage":10,"enemies":"Jaw Worm","floor":2,"turns":5},{"damage":64,"enemies":"downfall:Heads","floor":5,"turns":5},{"damage":15,"enemies":"2 Louse","floor":8,"turns":2},{"damage":13,"enemies":"Cultist","floor":10,"turns":3},{"damage":20,"enemies":"downfall:FleeingMerchant","floor":12,"turns":4},{"damage":41,"enemies":"Lagavulin","floor":13,"turns":5},{"damage":21,"enemies":"Exordium Wildlife","floor":14,"turns":3},{"damage":8,"enemies":"Large Slime","floor":15,"turns":3},{"damage":32,"enemies":"downfall:Watcher","floor":16,"turns":7},{"damage":26,"enemies":"Shell Parasite","floor":19,"turns":4},{"damage":16,"enemies":"downfall:FleeingMerchant","floor":20,"turns":4},{"damage":14,"enemies":"Chosen","floor":21,"turns":3},{"damage":49,"enemies":"Centurion and Healer","floor":22,"turns":4},{"damage":28,"enemies":"Chosen and Byrds","floor":28,"turns":4},{"damage":19,"enemies":"Snake Plant","floor":29,"turns":3},{"damage":21,"enemies":"Snecko","floor":30,"turns":5},{"damage":40,"enemies":"Chosen and Byrds","floor":31,"turns":5},{"damage":25,"enemies":"Snake Plant","floor":32,"turns":4},{"damage":41,"enemies":"downfall:Ironclad","floor":33,"turns":6},{"damage":35,"enemies":"Orb Walker","floor":36,"turns":3},{"damage":53,"enemies":"3 Darklings","floor":37,"turns":5},{"damage":48,"enemies":"downfall:FleeingMerchant","floor":38,"turns":4},{"damage":7,"enemies":"downfall:FleeingMerchant","floor":40,"turns":1},{"damage":30,"enemies":"Mind Bloom Boss Battle","floor":42,"turns":3},{"damage":26,"enemies":"Transient","floor":43,"turns":5},{"damage":23,"enemies":"Spire Growth","floor":45,"turns":3},{"damage":36,"enemies":"Maw","floor":48,"turns":4},{"damage":37,"enemies":"Writhing Mass","floor":49,"turns":4},{"damage":98,"enemies":"downfall:Silent","floor":50,"turns":5}],"seed_played":"1152218451375785650","potions_obtained":[{"floor":2,"key":"EntropicBrew"},{"floor":6,"key":"DistilledChaos"},{"floor":15,"key":"EssenceOfSteel"},{"floor":16,"key":"Strength Potion"}],"is_trial":false,"path_per_floor":["R","M","?","?","?","?","T","M","R","M","T","$","E","M","M","B",null,"R","M","$","M","M","R","T","?","?","?","M","M","M","M","M","B",null,"R","M","M","$","?","$","T","?","M","R","M","?","R","M","M","B",null],"character_chosen":"SLIMEBOUND","items_purchased":["Slimebound:Gluttony","Finesse","Nunchaku","Slimebound:Gluttony","Strawberry","expansioncontent:FaceSlap","Mummified Hand","Lee\u0027s Waffle"],"campfire_rested":1,"item_purchase_floors":[12,12,20,20,38,38,40,40],"current_hp_per_floor":[60,60,60,60,21,21,21,22,40,43,43,45,43,36,42,42,60,60,50,54,60,50,50,50,50,50,50,48,45,50,32,31,45,60,60,43,28,31,31,74,74,74,74,74,74,74,74,74,74,43],"gold":149,"neow_bonus":"ONE_RANDOM_RARE_CARD","is_daily":false,"chose_seed":false,"campfire_upgraded":4,"win_rate":0.0,"timestamp":1608769298,"path_taken":["R","M","?","?","?","?","T","M","R","?","?","$","E","M","M","BOSS","R","M","$","M","M","R","T","?","?","?","M","M","?","M","M","BOSS","R","M","M","$","?","$","T","?","M","R","M","?","R","?","M","BOSS"],"items_purchased_type":["Card","Card","Relic","Card","Relic","Card","Relic","Relic"],"build_version":"2020-12-22","purchased_purges":2,"victory":true,"max_hp_per_floor":[60,60,60,60,60,60,60,60,60,60,60,60,60,60,60,60,60,60,60,60,60,60,60,60,60,60,60,60,60,60,60,60,60,60,60,60,60,67,67,74,74,74,74,74,74,74,74,74,74,74],"card_choices":[{"not_picked":["Slimebound:GoopSpray","Slimebound:PressTheAttack"],"picked":"Slimebound:Dissolve","floor":2},{"not_picked":["Slimebound:GrowthPunch","Slimebound:ForwardTackle"],"picked":"Slimebound:SplitAcid","floor":5},{"not_picked":["Slimebound:ViciousTackle","Slimebound:PressTheAttack"],"picked":"Slimebound:LivingWall","floor":8},{"not_picked":["Slimebound:SlimeSpikes","Slimebound:ViciousTackle"],"picked":"Slimebound:RallyTheTroops","floor":10},{"not_picked":["Slimebound:ItLooksTasty","Slimebound:ViciousTackle"],"picked":"Slimebound:SlimeBrawl","floor":12},{"not_picked":["Slimebound:PressTheAttack","Slimebound:LeechingTouch"],"picked":"Slimebound:RainOfGoop","floor":13},{"not_picked":["Slimebound:SlimeBrawl","Slimebound:Grow"],"picked":"Slimebound:ServeAndProtect","floor":14},{"not_picked":["Slimebound:Gluttony","Slimebound:Chomp"],"picked":"Slimebound:DivideAndConquer","floor":15},{"not_picked":["Slimebound:DuplicatedForm","Slimebound:CheckThePlaybook"],"picked":"Slimebound:SlimeSlap","floor":16},{"not_picked":["Slimebound:BestDefense","Slimebound:Chomp"],"picked":"Slimebound:FinishingTackle","floor":19},{"not_picked":["Slimebound:ForwardTackle","Slimebound:PressTheAttack"],"picked":"Slimebound:HauntingLick","floor":20},{"not_picked":["Slimebound:SplitAcid","Slimebound:SplitBruiser+1"],"picked":"Slimebound:FinishingTackle+1","floor":21},{"not_picked":["Slimebound:FirmFortitude","Slimebound:GoopSpray"],"picked":"Slimebound:SlimeTap","floor":22},{"not_picked":["Slimebound:FinishingTackle","Slimebound:RollThrough","Slimebound:ItLooksTasty"],"picked":"SKIP","floor":28},{"not_picked":["Slimebound:Chomp+1","Slimebound:GrowthPunch+1"],"picked":"Slimebound:SpikyOuterGoop+1","floor":29},{"not_picked":["Slimebound:Nibble","Slimebound:Repurpose"],"picked":"Slimebound:TongueLash","floor":30},{"not_picked":["Slimebound:SplitMire","Slimebound:FirmFortitude","Slimebound:Chomp"],"picked":"SKIP","floor":31},{"not_picked":["Slimebound:SlimeSpikes+1","Slimebound:PrepareCrush"],"picked":"Slimebound:SamplingLick+1","floor":32},{"not_picked":["Slimebound:MassRepurpose","Slimebound:PrepareCrush"],"picked":"Slimebound:WasteNot","floor":33},{"not_picked":["Slimebound:SplitLeeching","Slimebound:PressTheAttack","Slimebound:FinishingTackle"],"picked":"SKIP","floor":36},{"not_picked":["Slimebound:SplitLeeching","Slimebound:RollThrough","Slimebound:ComboTackle"],"picked":"SKIP","floor":37},{"not_picked":["Slimebound:FinishingTackle","Slimebound:DuplicatedForm"],"picked":"Slimebound:Prepare+1","floor":38},{"not_picked":["Slimebound:DivideAndConquer","Slimebound:MegaLick","Slimebound:ServeAndProtect"],"picked":"SKIP","floor":40},{"not_picked":["Slimebound:LeechEnergy","Slimebound:SlimeBrawl"],"picked":"Slimebound:LeadByExample+1","floor":42},{"not_picked":["Slimebound:LeechingTouch","Slimebound:SlimeSpikes"],"picked":"Slimebound:Prepare","floor":43},{"not_picked":["Slimebound:RollThrough","Slimebound:SplitBruiser+1","Slimebound:GrowthPunch"],"picked":"SKIP","floor":45},{"not_picked":["Slimebound:ComboTackle+1","Slimebound:Equalize","Slimebound:FirmFortitude"],"picked":"SKIP","floor":48},{"not_picked":["Slimebound:Overexert","Slimebound:SplitMire+1","Slimebound:FinishingTackle+1"],"picked":"SKIP","floor":49}],"player_experience":10523071,"relics_obtained":[{"floor":7,"key":"Bird Faced Urn"},{"floor":11,"key":"Blue Candle"},{"floor":13,"key":"Slimebound:AggressiveSlimeRelic"},{"floor":24,"key":"CaptainsWheel"},{"floor":41,"key":"Bottled Tornado"},{"floor":42,"key":"Girya"}],"event_choices":[{"damage_healed":0,"gold_gain":0,"player_choice":"Box","damage_taken":0,"relics_obtained":["Gremlin Horn"],"max_hp_gain":0,"max_hp_loss":0,"event_name":"Big Fish","floor":4,"gold_loss":0,"cards_obtained":["Regret"]},{"damage_healed":0,"gold_gain":0,"player_choice":"Got Potions","damage_taken":0,"max_hp_gain":0,"max_hp_loss":0,"event_name":"Lab","floor":6,"gold_loss":0},{"damage_healed":0,"gold_gain":0,"player_choice":"Read","damage_taken":0,"max_hp_gain":0,"max_hp_loss":0,"event_name":"The Library","floor":27,"gold_loss":0,"cards_obtained":["Slimebound:TongueLash"]},{"damage_healed":0,"gold_gain":0,"player_choice":"Ignored","damage_taken":0,"max_hp_gain":0,"max_hp_loss":0,"event_name":"Mysterious Sphere","floor":39,"gold_loss":0}],"is_beta":false,"boss_relics":[{"not_picked":["Runic Dome","Astrolabe"],"picked":"Sozu"},{"not_picked":["Runic Pyramid","SlaversCollar"],"picked":"Snecko Eye"}],"items_purged_floors":[12,38],"is_endless":false,"potions_floor_spawned":[2,10,13,15,16,19,21,29,31,33,42,43,45,48],"ascension_level":1}}