{"host":"7yxt37kap0q16lk4","time":1608841449,"event":{"mods":["2.2 Compatiblity","Act Like it!","BaseMod","Better Third Choice","Better-Laid Plans","Colored Map","Custom Start","Highlight Path","Keyboard Shortcuts","Minty Spire (QoL Compilation)","Quick Restart","Rare Cards Sparkle","Relic Stats","Shop Mod","Slay the Relics Exporter","StSLib","SuperFastMode"],"gold_per_floor":[112,124,124,49,49,393,393,427,427,427,160,176,216,216,216,310,310,326,326,7,7,28,28,64,64,87,100,100,100,143,159,159,257,257,276,276,289,307,332,332,332],"floor_reached":40,"playtime":899,"items_purged":["Strike_B"],"score":984,"play_id":"37f45ec0-e701-465c-824b-3af99c01fd80","local_time":"20201225052409","is_ascension_mode":true,"campfire_choices":[{"data":"Defragment","floor":7.0,"key":"SMITH"},{"data":"Zap","floor":10.0,"key":"SMITH"},{"data":"Fission","floor":15,"key":"SMITH"},{"data":"Creative AI","floor":23,"key":"SMITH"},{"data":"Coolheaded","floor":25,"key":"SMITH"},{"data":"Storm","floor":28,"key":"SMITH"},{"data":"Storm","floor":32,"key":"SMITH"}],"circlet_count":0,"master_deck":["AscendersBane","Strike_B+1","Defend_B","Defend_B","Defend_B","Zap+1","Dualcast","Streamline","Defragment+1","Ball Lightning","Tempest","Coolheaded+1","Fission+1","Electrodynamics","Storm+1","Creative AI+1","Force Field+1","Self Repair","Undo","Storm+1","Core Surge","Glacier","Finesse","Thinking Ahead"],"relics":["Cracked Core","NeowsBlessing","Golden Idol","Old Coin","Kunai","Turnip","Happy Flower","Blood Vial","SlaversCollar","CaptainsWheel","Tiny Chest","Enchiridion","Bag of Marbles","Black Star"],"acts_visited":["Exordium","TheCity","TheBeyond"],"potions_floor_usage":[13,16,22,30,30,33,38,40],"damage_taken":[{"damage":0.0,"enemies":"Jaw Worm","floor":1.0,"turns":1.0},{"damage":0.0,"enemies":"Small Slimes","floor":2.0,"turns":1.0},{"damage":0.0,"enemies":"Gremlin Nob","floor":6.0,"turns":1.0},{"damage":15.0,"enemies":"3 Sentries","floor":8.0,"turns":5.0},{"damage":0.0,"enemies":"2 Louse","floor":12.0,"turns":2.0},{"damage":11,"enemies":"Gremlin Nob","floor":13,"turns":3},{"damage":22,"enemies":"The Guardian","floor":16,"turns":8},{"damage":2,"enemies":"3 Byrds","floor":18,"turns":2},{"damage":3,"enemies":"Chosen","floor":22,"turns":4},{"damage":0,"enemies":"Gremlin Leader","floor":24,"turns":3},{"damage":0,"enemies":"3 Cultists","floor":27,"turns":2},{"damage":13,"enemies":"Slavers","floor":30,"turns":2},{"damage":10,"enemies":"Snecko","floor":31,"turns":3},{"damage":9,"enemies":"Automaton","floor":33,"turns":5},{"damage":0,"enemies":"3 Darklings","floor":35,"turns":2},{"damage":0,"enemies":"3 Shapes","floor":37,"turns":3},{"damage":31,"enemies":"Transient","floor":38,"turns":6},{"damage":35,"enemies":"4 Shapes","floor":39,"turns":3},{"damage":13,"enemies":"Giant Head","floor":40,"turns":5}],"seed_played":"6079256388851352733","potions_obtained":[{"floor":1.0,"key":"DistilledChaos"},{"floor":6.0,"key":"Dexterity Potion"},{"floor":8.0,"key":"FearPotion"},{"floor":16,"key":"EntropicBrew"},{"floor":18,"key":"BlessingOfTheForge"},{"floor":30,"key":"ColorlessPotion"},{"floor":33,"key":"Dexterity Potion"},{"floor":35,"key":"PowerPotion"}],"is_trial":false,"path_per_floor":["M","M","?","?","?","E","R","E","T","R","$","M","E","?","R","B",null,"M","?","$","?","M","R","E","R","T","M","R","?","E","M","R","B",null,"M","?","M","M","M","E"],"character_chosen":"DEFECT","items_purchased":["Happy Flower","Coolheaded","CaptainsWheel"],"campfire_rested":0,"item_purchase_floors":[11,11,20],"current_hp_per_floor":[64,64,64,64,45,45,45,30,30,30,30,30,19,24,24,4,53,53,53,53,53,52,52,54,54,54,56,56,35,31,23,23,23,58,60,50,59,37,11,0,0],"gold":332,"neow_bonus":"THREE_ENEMY_KILL","is_daily":false,"chose_seed":false,"campfire_upgraded":7,"win_rate":0.0,"timestamp":1608841449,"path_taken":["M","M","?","?","?","E","R","E","T","R","$","M","E","?","R","BOSS","M","?","$","?","M","R","E","R","T","M","R","?","E","M","R","BOSS","M","?","M","M","M","E"],"items_purchased_type":["Relic","Card","Relic"],"build_version":"2020-12-22","purchased_purges":1,"victory":false,"max_hp_per_floor":[71,71,64,64,64,64,64,64,64,64,64,64,64,69,69,69,69,69,69,69,69,69,69,69,69,69,69,69,69,69,69,69,69,69,69,69,69,69,69,69,69],"relic_stats":{"Blood Vial":26,"Happy Flower":[17],"counters":[19,61],"Golden Idol":111,"Tiny Chest":0,"Turnip":[0],"Black Star":0,"Kunai":[2],"obtain_stats":[{"NeowsBlessing":0,"Happy Flower":11,"Golden Idol":3,"Enchiridion":29,"Old Coin":6,"Blood Vial":13,"SlaversCollar":17,"CaptainsWheel":20,"Tiny Chest":24,"Turnip":9,"Bag of Marbles":30,"Black Star":34,"Kunai":8,"Cracked Core":0},{"NeowsBlessing":0,"Happy Flower":4,"Golden Idol":2,"Enchiridion":11,"Old Coin":3,"Blood Vial":6,"SlaversCollar":7,"CaptainsWheel":8,"Tiny Chest":10,"Turnip":4,"Bag of Marbles":12,"Black Star":14,"Kunai":4,"Cracked Core":0},{"NeowsBlessing":0,"Happy Flower":8,"Golden Idol":2,"Enchiridion":32,"Old Coin":3,"Blood Vial":13,"SlaversCollar":21,"CaptainsWheel":23,"Tiny Chest":30,"Turnip":8,"Bag of Marbles":34,"Black Star":42,"Kunai":8,"Cracked Core":0}]},"card_choices":[{"not_picked":["White Noise","Hologram"],"picked":"Streamline","floor":1.0},{"not_picked":["Melter","Steam"],"picked":"Defragment","floor":2.0},{"not_picked":["Redo","Skim"],"picked":"Ball Lightning","floor":6.0},{"not_picked":["Heatsinks","Static Discharge"],"picked":"Tempest","floor":8.0},{"not_picked":["Redo","Gash","Fusion"],"picked":"SKIP","floor":12.0},{"not_picked":["Genetic Algorithm","Gash"],"picked":"Fission","floor":13},{"not_picked":["Machine Learning","Amplify"],"picked":"Electrodynamics","floor":16},{"not_picked":["Ball Lightning","Steam Power","Gash"],"picked":"SKIP","floor":18},{"not_picked":["Scrape","Streamline+1"],"picked":"Force Field+1","floor":22},{"not_picked":["Fusion","Sweeping Beam","Steam Power"],"picked":"SKIP","floor":24},{"not_picked":["Compile Driver","Hologram"],"picked":"Self Repair","floor":27},{"not_picked":["Go for the Eyes","Coolheaded"],"picked":"Undo","floor":30},{"not_picked":["Coolheaded","Reinforced Body"],"picked":"Storm","floor":31},{"not_picked":["Thunder Strike","All For One"],"picked":"Core Surge","floor":33},{"not_picked":["Stack+1","Sweeping Beam"],"picked":"Glacier","floor":35},{"not_picked":["Swift Strike","Enlightenment"],"picked":"Finesse","floor":36},{"not_picked":["Trip","Discovery"],"picked":"Thinking Ahead","floor":36},{"not_picked":["Barrage","Ball Lightning","Steam"],"picked":"SKIP","floor":37},{"not_picked":["Aggregate","Cold Snap","Sunder"],"picked":"SKIP","floor":38},{"not_picked":["Ball Lightning","Genetic Algorithm","Beam Cell"],"picked":"SKIP","floor":39}],"player_experience":1014838,"relics_obtained":[{"floor":6.0,"key":"Old Coin"},{"floor":8.0,"key":"Kunai"},{"floor":9.0,"key":"Turnip"},{"floor":13,"key":"Blood Vial"},{"floor":24,"key":"Tiny Chest"},{"floor":29,"key":"Enchiridion"},{"floor":30,"key":"Bag of Marbles"}],"event_choices":[{"damage_healed":0.0,"max_hp_gain":0.0,"max_hp_loss":7.0,"gold_gain":0.0,"event_name":"Golden Idol","player_choice":"Lose Max HP","floor":3.0,"gold_loss":0.0,"damage_taken":0.0,"relics_obtained":["Golden Idol"]},{"cards_removed":["Strike_B"],"damage_healed":0.0,"max_hp_gain":0.0,"max_hp_loss":0.0,"gold_gain":0.0,"event_name":"The Cleric","player_choice":"Card Removal","floor":4.0,"gold_loss":75.0,"damage_taken":0.0},{"damage_healed":64.0,"max_hp_gain":0.0,"max_hp_loss":64.0,"gold_gain":0.0,"event_name":"betterThird:BetterShining","player_choice":"Upgrade","floor":5.0,"gold_loss":0.0,"damage_taken":19.0,"cards_upgraded":["Strike_B","Strike_B"]},{"damage_healed":0,"gold_gain":0,"player_choice":"Donut","damage_taken":0,"max_hp_gain":5,"max_hp_loss":0,"event_name":"Big Fish","floor":14,"gold_loss":0},{"damage_healed":0,"gold_gain":0,"player_choice":"Adaptability","damage_taken":0,"max_hp_gain":0,"max_hp_loss":0,"event_name":"betterThird:BetterWriting","floor":19,"gold_loss":0},{"damage_healed":0,"gold_gain":0,"cards_transformed":["Defend_B","Strike_B"],"player_choice":"Became Test Subject","damage_taken":0,"max_hp_gain":0,"max_hp_loss":0,"event_name":"Drug Dealer","floor":21,"gold_loss":0,"cards_obtained":["Storm","Creative AI"]},{"damage_healed":0,"gold_gain":0,"player_choice":"Obtained Book","damage_taken":21,"max_hp_gain":0,"max_hp_loss":0,"event_name":"Cursed Tome","floor":29,"gold_loss":0},{"damage_healed":0,"gold_gain":0,"player_choice":"Memory 3","damage_taken":10,"max_hp_gain":0,"max_hp_loss":0,"event_name":"SensoryStone","floor":36,"gold_loss":0}],"is_beta":false,"boss_relics":[{"not_picked":["Snecko Eye","Velvet Choker"],"picked":"SlaversCollar"},{"not_picked":["Busted Crown","FrozenCore"],"picked":"Black Star"}],"items_purged_floors":[11],"is_endless":false,"potions_floor_spawned":[1,6,8,16,18,30,33,35],"killed_by":"Giant Head","ascension_level":20}}