{"host":"eez7vtcxu2i37lck","time":1608796141,"event":{"mods":["AchievementEnabler","BaseMod","Colored Map","Colored Powertips","Downfall","Hermit","Highlight Path","Hubris","Infinite Spire","Jorbs\u0027s Wanderer Trilogy","Minty Spire (QoL Compilation)","Quick Restart","Rare Cards Sparkle","Replay The Spire","Shop Mod","StSLib","The IronCluck"],"gold_per_floor":[99,118,128,128,59,59,140,155,105,138,88,113,113,113,128,128,128,128],"floor_reached":16,"playtime":430,"items_purged":[],"score":108,"play_id":"310e8e79-9820-4b7d-bb13-d54606ae5715","local_time":"20201224024901","is_ascension_mode":false,"campfire_choices":[{"data":"Slimebound:RollThrough","floor":9.0,"key":"SMITH"},{"data":"Slimebound:RejuvenatingLick","floor":11.0,"key":"SMITH"}],"circlet_count":0,"master_deck":["Slimebound:Strike_Slimebound","Slimebound:Strike_Slimebound","Slimebound:Strike_Slimebound","Slimebound:Tackle","Slimebound:Defend_Slimebound","Slimebound:Defend_Slimebound","Slimebound:Defend_Slimebound","Slimebound:Split","Slimebound:CorrosiveSpit","Slimebound:FinishingTackle","Slimebound:RollThrough+1","Slimebound:GoopTackle+1","Slimebound:RollThrough","Slimebound:RollThrough","Slimebound:RejuvenatingLick+1","Slimebound:LivingWall+1"],"relics":["Slimebound:AbsorbEndCombat","Slimebound:GreedOozeRelic","Ornamental Fan","Omamori","Bottled Lightning"],"acts_visited":["Exordium"],"potions_floor_usage":[],"damage_taken":[{"damage":13.0,"enemies":"Jaw Worm","floor":2.0,"turns":4.0},{"damage":4.0,"enemies":"Small Slimes","floor":3.0,"turns":3.0},{"damage":8.0,"enemies":"downfall:FleeingMerchant","floor":5.0,"turns":4.0},{"damage":0.0,"enemies":"Cultist","floor":8.0,"turns":2.0},{"damage":32.0,"enemies":"Lagavulin","floor":10.0,"turns":4.0},{"damage":13.0,"enemies":"3 Sentries","floor":12.0,"turns":3.0},{"damage":4.0,"enemies":"3 Louse","floor":15.0,"turns":2.0},{"damage":61,"enemies":"downfall:Defect","floor":16,"turns":6}],"seed_played":"-2892490959626645046","potions_obtained":[{"floor":2.0,"key":"DistilledChaos"},{"floor":10.0,"key":"SpeedPotion"},{"floor":12.0,"key":"Regen Potion"}],"is_trial":false,"path_per_floor":["R_BF","M","M","?","$","?","T","M","R","E","R","E","?","?","M","B"],"character_chosen":"SLIMEBOUND","items_purchased":["Slimebound:RollThrough"],"campfire_rested":0,"item_purchase_floors":[5],"current_hp_per_floor":[66,65,66,66,66,66,66,66,66,38,38,31,31,31,46,0,0,0],"gold":128,"neow_bonus":"TEN_PERCENT_HP_BONUS","is_daily":false,"chose_seed":false,"campfire_upgraded":2,"win_rate":0.0,"timestamp":1608796141,"path_taken":["R_BF","M","M","?","$","?","T","?","R","E","R","E","?","?","M","BOSS"],"items_purchased_type":["Card"],"build_version":"2020-12-22","purchased_purges":0,"victory":false,"max_hp_per_floor":[66,66,66,66,66,66,66,66,66,66,66,66,66,66,66,66,66,66],"card_choices":[{"not_picked":["Slimebound:SpikyOuterGoop","Slimebound:GrowthPunch"],"picked":"Slimebound:RollThrough","floor":2.0},{"not_picked":["Slimebound:RollThrough","Slimebound:FinishingTackle"],"picked":"Slimebound:GoopTackle","floor":3.0},{"not_picked":["Slimebound:SpikyOuterGoop","Slimebound:TongueLash","Slimebound:RallyTheTroops"],"picked":"SKIP","floor":5.0},{"not_picked":["Slimebound:SamplingLick","Slimebound:Replication"],"picked":"Slimebound:RollThrough","floor":8.0},{"not_picked":["Slimebound:ProtectTheBoss","Slimebound:LeechEnergy"],"picked":"Slimebound:RejuvenatingLick","floor":10.0},{"not_picked":["Slimebound:FinishingTackle","Slimebound:RainOfGoop"],"picked":"Slimebound:LivingWall","floor":12.0},{"not_picked":["Slimebound:Replication","Slimebound:DivideAndConquer","Slimebound:SplitAcid"],"picked":"SKIP","floor":15.0}],"player_experience":241016,"relics_obtained":[{"floor":7.0,"key":"Ornamental Fan"},{"floor":10.0,"key":"Omamori"},{"floor":12.0,"key":"Bottled Lightning"}],"event_choices":[{"damage_healed":0.0,"max_hp_gain":0.0,"max_hp_loss":0.0,"gold_gain":0.0,"event_name":"Accursed Blacksmith","player_choice":"Forge","floor":14.0,"gold_loss":0.0,"damage_taken":0.0,"cards_upgraded":["Slimebound:LivingWall"]}],"is_beta":false,"boss_relics":[],"items_purged_floors":[],"is_endless":false,"potions_floor_spawned":[2,10,12],"killed_by":"downfall:Defect","ascension_level":0}}