{"host":"fne7yx97fnz7kq05","time":1608783828,"event":{"mods":["BaseMod","Colored Map","Colored Powertips","Highlight Path","Minty Spire (QoL Compilation)","Relic Stats"],"gold_per_floor":[110,122,135,135,65,95,106,106,131,131,151,182,193,50,50,147,147,165,165,15,27,27,27,55,73,73,73,28,28,45,65,65,161,161,173,173,173,173,223,223,253,253,253,52,3,3,3,36,36,36,36],"floor_reached":50,"playtime":4439,"items_purged":["Strike_G"],"score":876,"play_id":"c60b227e-ae50-47e8-9d69-149b784b9dcc","local_time":"20201223222348","is_ascension_mode":true,"campfire_choices":[{"data":"Sadistic Nature","floor":8,"key":"SMITH"},{"data":"Dagger Spray","floor":10,"key":"SMITH"},{"data":"Dodge and Roll","floor":15,"key":"SMITH"},{"data":"Catalyst","floor":23,"key":"SMITH"},{"floor":27,"key":"REST"},{"data":"Cloak And Dagger","floor":29,"key":"SMITH"},{"floor":32,"key":"REST"},{"data":"Noxious Fumes","floor":40,"key":"SMITH"},{"floor":46,"key":"REST"},{"floor":47,"key":"RECALL"},{"floor":49,"key":"REST"}],"circlet_count":0,"master_deck":["AscendersBane","Strike_G","Strike_G","Strike_G","Strike_G","Defend_G","Defend_G","Defend_G","Defend_G","Defend_G","Neutralize","Sadistic Nature+1","Blade Dance","Blade Dance","Dagger Throw","Crippling Poison","Dagger Spray+1","Deadly Poison","Dodge and Roll+1","Die Die Die","PiercingWail","Catalyst+1","Deadly Poison","Deflect","Malaise+1","Backflip","Noxious Fumes+1","Pummel+1","Cloak And Dagger+1","Coolheaded","Tools of the Trade","DeusExMachina","Dark Shackles","ThirdEye+1","Accuracy","Acrobatics","ThirdEye+1"],"relics":["Ring of the Snake","GremlinMask","Pen Nib","Oddly Smooth Stone","Orichalcum","Orrery","Snecko Eye","PrismaticShard","Art of War","SlaversCollar","WingedGreaves","Happy Flower","Lantern","Question Card","Mummified Hand"],"acts_visited":["Exordium","TheCity","TheBeyond"],"potions_floor_usage":[6,12,24,24,41,41,48,48,50],"damage_taken":[{"damage":1,"enemies":"Small Slimes","floor":1,"turns":4},{"damage":0,"enemies":"Cultist","floor":2,"turns":4},{"damage":0,"enemies":"2 Louse","floor":3,"turns":3},{"damage":12,"enemies":"Lagavulin","floor":6,"turns":7},{"damage":4,"enemies":"Looter","floor":7,"turns":3},{"damage":0,"enemies":"3 Louse","floor":11,"turns":1},{"damage":5,"enemies":"3 Sentries","floor":12,"turns":3},{"damage":0,"enemies":"Large Slime","floor":13,"turns":4},{"damage":21,"enemies":"Slime Boss","floor":16,"turns":8},{"damage":3,"enemies":"3 Byrds","floor":18,"turns":6},{"damage":5,"enemies":"2 Thieves","floor":21,"turns":4},{"damage":12,"enemies":"Slavers","floor":24,"turns":5},{"damage":16,"enemies":"Sentry and Sphere","floor":25,"turns":5},{"damage":5,"enemies":"3 Cultists","floor":30,"turns":4},{"damage":3,"enemies":"Snake Plant","floor":31,"turns":5},{"damage":38,"enemies":"Champ","floor":33,"turns":13},{"damage":12,"enemies":"3 Darklings","floor":35,"turns":5},{"damage":0,"enemies":"Mind Bloom Boss Battle","floor":39,"turns":7},{"damage":37,"enemies":"Nemesis","floor":41,"turns":7},{"damage":9,"enemies":"Giant Head","floor":48,"turns":8},{"damage":53,"enemies":"Awakened One","floor":50,"turns":13}],"seed_played":"-3866248094341444974","potions_obtained":[{"floor":1,"key":"PowerPotion"},{"floor":3,"key":"Fire Potion"},{"floor":7,"key":"LiquidMemories"},{"floor":13,"key":"SneckoOil"},{"floor":16,"key":"LiquidMemories"},{"floor":25,"key":"SkillPotion"},{"floor":33,"key":"LiquidMemories"},{"floor":41,"key":"DistilledChaos"},{"floor":48,"key":"AttackPotion"}],"is_trial":false,"path_per_floor":["M","M","M","?","$","E","M","R","T","R","M","E","M","$","R","B",null,"M","?","$","M","$","R","E","M","T","R","$","R","M","M","R","B",null,"M","?","?","?","?","R","E","T","T","$","$","R","R","E","R","B"],"character_chosen":"THE_SILENT","items_purchased":["Crippling Poison","Orrery","PrismaticShard","Cloak And Dagger","Accuracy","PowerPotion","Acrobatics"],"campfire_rested":4,"item_purchase_floors":[5,14,20,28,44,44,45],"current_hp_per_floor":[62,62,62,62,62,50,46,46,46,46,46,41,41,41,41,20,52,49,49,49,44,44,44,32,16,16,34,34,34,29,26,44,6,49,37,37,27,55,55,55,18,18,18,18,18,34,34,25,41,0,0],"gold":36,"neow_bonus":"RANDOM_COLORLESS_2","is_daily":false,"chose_seed":false,"campfire_upgraded":6,"win_rate":0.0,"timestamp":1608783828,"path_taken":["M","M","M","?","$","E","M","R","T","R","M","E","M","?","R","BOSS","M","?","$","M","$","R","E","M","T","R","?","R","M","?","R","BOSS","M","?","?","?","?","R","E","?","T","$","$","R","R","E","R","BOSS"],"items_purchased_type":["Card","Relic","Relic","Card","Card","Potion","Card"],"build_version":"2020-12-22","purchased_purges":1,"victory":false,"max_hp_per_floor":[63,63,63,63,63,63,63,63,63,63,63,63,63,63,63,63,63,63,63,63,63,63,63,63,63,63,63,63,63,63,63,63,63,63,63,63,63,55,55,55,55,55,55,55,55,55,55,55,55,55,55],"relic_stats":{"Happy Flower":[7],"counters":[21,119],"Mummified Hand":[7],"Snecko Eye":[180,167,128,164],"Pen Nib":[22],"Art of War":[24],"Orichalcum":[228],"Question Card":1,"obtain_stats":[{"Lantern":42,"Happy Flower":41,"Oddly Smooth Stone":9,"GremlinMask":4,"Pen Nib":6,"Orichalcum":12,"PrismaticShard":20,"Question Card":43,"SlaversCollar":34,"Mummified Hand":48,"Orrery":14,"Snecko Eye":17,"WingedGreaves":39,"Art of War":24,"Ring of the Snake":0},{"Lantern":19,"Happy Flower":19,"Oddly Smooth Stone":5,"GremlinMask":3,"Pen Nib":4,"Orichalcum":7,"PrismaticShard":10,"Question Card":19,"SlaversCollar":16,"Mummified Hand":20,"Orrery":8,"Snecko Eye":9,"WingedGreaves":18,"Art of War":12,"Ring of the Snake":0},{"Lantern":98,"Happy Flower":98,"Oddly Smooth Stone":21,"GremlinMask":11,"Pen Nib":18,"Orichalcum":25,"PrismaticShard":43,"Question Card":98,"SlaversCollar":79,"Mummified Hand":106,"Orrery":29,"Snecko Eye":37,"WingedGreaves":91,"Art of War":52,"Ring of the Snake":0}],"Ring of the Snake":[42]},"card_choices":[{"not_picked":["Magnetism","Metamorphosis"],"picked":"Sadistic Nature","floor":0},{"not_picked":["Blur","Eviscerate"],"picked":"Blade Dance","floor":1},{"not_picked":["Caltrops","Prepared"],"picked":"Blade Dance","floor":2},{"not_picked":["Infinite Blades","Deflect"],"picked":"Dagger Throw","floor":3},{"not_picked":["Prepared","Tactician"],"picked":"Dagger Spray","floor":6},{"not_picked":["Acrobatics","All Out Attack"],"picked":"Deadly Poison","floor":7},{"not_picked":["Slice","Escape Plan","Bane"],"picked":"SKIP","floor":11},{"not_picked":["Dagger Throw","Blur","Underhanded Strike"],"picked":"SKIP","floor":12},{"not_picked":["Masterful Stab","Deflect"],"picked":"Dodge and Roll","floor":13},{"not_picked":["Sucker Punch","Deflect"],"picked":"Die Die Die","floor":14},{"not_picked":["Blade Dance","Heel Hook"],"picked":"PiercingWail","floor":14},{"not_picked":["Flying Knee","Backstab"],"picked":"Catalyst","floor":14},{"not_picked":["PiercingWail","Dagger Spray"],"picked":"Deadly Poison","floor":14},{"not_picked":["Caltrops","Choke"],"picked":"Deflect","floor":14},{"not_picked":["Venomology","Adrenaline"],"picked":"Malaise","floor":16},{"not_picked":["Blade Dance","Prepared"],"picked":"Backflip","floor":18},{"not_picked":["Double Tap","Havoc"],"picked":"Noxious Fumes","floor":21},{"not_picked":["Seeing Red","FlurryOfBlows+1"],"picked":"Pummel+1","floor":24},{"not_picked":["Defragment+1","Steam+1","CrushJoints"],"picked":"SKIP","floor":25},{"not_picked":["Reinforced Body","Entrench"],"picked":"Coolheaded","floor":30},{"not_picked":["Twin Strike","Evaluate"],"picked":"Tools of the Trade","floor":31},{"not_picked":["Storm of Steel","Unload"],"picked":"DeusExMachina","floor":33},{"not_picked":["Dodge and Roll","True Grit","Riddle With Holes"],"picked":"SKIP","floor":35},{"not_picked":["Good Instincts","Metamorphosis"],"picked":"Dark Shackles","floor":37},{"not_picked":["Turbo+1","Flex"],"picked":"ThirdEye+1","floor":41},{"not_picked":["Feed","Stack","Sweeping Beam"],"picked":"ThirdEye+1","floor":48}],"player_experience":163782,"relics_obtained":[{"floor":6,"key":"Pen Nib"},{"floor":9,"key":"Oddly Smooth Stone"},{"floor":12,"key":"Orichalcum"},{"floor":24,"key":"Art of War"},{"floor":39,"key":"WingedGreaves"},{"floor":41,"key":"Happy Flower"},{"floor":42,"key":"Lantern"},{"floor":43,"key":"Question Card"},{"floor":48,"key":"Mummified Hand"}],"event_choices":[{"damage_healed":0,"gold_gain":0,"player_choice":"Trade","damage_taken":0,"relics_obtained":["GremlinMask"],"max_hp_gain":0,"max_hp_loss":0,"event_name":"FaceTrader","floor":4,"gold_loss":0},{"damage_healed":0,"gold_gain":0,"player_choice":"Upgraded","damage_taken":0,"max_hp_gain":0,"max_hp_loss":0,"event_name":"Upgrade Shrine","floor":19,"gold_loss":0,"cards_upgraded":["Malaise"]},{"cards_removed":["Survivor"],"damage_healed":0,"gold_gain":0,"player_choice":"Removed Skill","damage_taken":0,"max_hp_gain":0,"max_hp_loss":0,"event_name":"Falling","floor":36,"gold_loss":0},{"damage_healed":0,"gold_gain":0,"player_choice":"Memory 3","damage_taken":10,"max_hp_gain":0,"max_hp_loss":0,"event_name":"SensoryStone","floor":37,"gold_loss":0},{"damage_healed":55,"gold_gain":0,"player_choice":"Heal","damage_taken":0,"max_hp_gain":0,"max_hp_loss":8,"event_name":"The Moai Head","floor":38,"gold_loss":0},{"damage_healed":0,"gold_gain":0,"player_choice":"Fight","damage_taken":0,"max_hp_gain":0,"max_hp_loss":0,"event_name":"MindBloom","floor":39,"gold_loss":0}],"is_beta":false,"boss_relics":[{"not_picked":["Coffee Dripper","Busted Crown"],"picked":"Snecko Eye"},{"not_picked":["Calling Bell","Black Star"],"picked":"SlaversCollar"}],"items_purged_floors":[44],"is_endless":false,"potions_floor_spawned":[1,3,7,13,16,25,33,39,41,48],"killed_by":"Awakened One","ascension_level":11}}