{"host":"7gewg82ormp6yt4e","time":1608815674,"event":{"mods":["BaseMod","Block Reminder","Colored Map","Colored Powertips","DeckTracker","Highlight Path","Minty Spire (QoL Compilation)","Relic Stats","StSLib"],"gold_per_floor":[111,91,11,22,37,67,67,93,93,111,76,76,90,6,6,80,80,94,94,110,130,140,166,183,183,206,206,224,239,259,12,12,86,86,102,114,1113,1113,1123,668,699,714,714,714,729,729,746,302,302,302,302,302],"floor_reached":51,"playtime":3121,"items_purged":["Strike_G","Pain","Strike_G"],"score":1601,"play_id":"55ea504f-6c66-40b4-8f1c-be4cc18bb348","local_time":"20201224221434","is_ascension_mode":true,"campfire_choices":[{"data":"Dash","floor":7.0,"key":"SMITH"},{"data":"Catalyst","floor":15.0,"key":"SMITH"},{"floor":25.0,"key":"REST"},{"data":"Wraith Form v2","floor":27.0,"key":"SMITH"},{"floor":32.0,"key":"REST"},{"floor":44,"key":"REST"},{"floor":46,"key":"RECALL"},{"floor":49,"key":"REST"}],"circlet_count":0,"master_deck":["AscendersBane","Strike_G","Strike_G","Strike_G","Defend_G","Defend_G","Defend_G","Defend_G","Defend_G","Survivor","Neutralize","Leg Sweep","Dagger Throw","Flying Knee","Reflex","Catalyst+1","Dash+1","Bouncing Flask","Dagger Throw","PiercingWail","Wraith Form v2+1","Night Terror","Deadly Poison","Catalyst+1","Acrobatics","Deadly Poison","Adrenaline","Distraction+1","Deadly Poison","Master of Strategy","Backflip"],"relics":["Ring of the Snake","NeowsBlessing","Omamori","TungstenRod","Bottled Lightning","Busted Crown","Lantern","Happy Flower","Orrery","Philosopher\u0027s Stone","WarpedTongs","Regal Pillow","Peace Pipe","Membership Card","StoneCalendar"],"acts_visited":["Exordium","TheCity","TheBeyond"],"potions_floor_usage":[50],"damage_taken":[{"damage":0.0,"enemies":"2 Louse","floor":1.0,"turns":1.0},{"damage":0.0,"enemies":"Cultist","floor":4.0,"turns":1.0},{"damage":0.0,"enemies":"Small Slimes","floor":5.0,"turns":1.0},{"damage":9.0,"enemies":"Lagavulin","floor":6.0,"turns":7.0},{"damage":31.0,"enemies":"Gremlin Nob","floor":8.0,"turns":6.0},{"damage":3.0,"enemies":"2 Fungi Beasts","floor":10.0,"turns":5.0},{"damage":0.0,"enemies":"Exordium Thugs","floor":13.0,"turns":5.0},{"damage":0.0,"enemies":"The Guardian","floor":16.0,"turns":7.0},{"damage":3.0,"enemies":"3 Byrds","floor":18.0,"turns":8.0},{"damage":6.0,"enemies":"2 Thieves","floor":20.0,"turns":3.0},{"damage":14.0,"enemies":"Sentry and Sphere","floor":21.0,"turns":6.0},{"damage":0.0,"enemies":"3 Cultists","floor":22.0,"turns":7.0},{"damage":22.0,"enemies":"Gremlin Leader","floor":23.0,"turns":5.0},{"damage":0.0,"enemies":"Snecko","floor":24.0,"turns":3.0},{"damage":9.0,"enemies":"Snake Plant","floor":28.0,"turns":5.0},{"damage":12.0,"enemies":"Shelled Parasite and Fungi","floor":29.0,"turns":5.0},{"damage":0.0,"enemies":"Snecko","floor":30.0,"turns":2.0},{"damage":0.0,"enemies":"Collector","floor":33.0,"turns":3.0},{"damage":10.0,"enemies":"3 Darklings","floor":35.0,"turns":8.0},{"damage":0.0,"enemies":"Orb Walker","floor":36.0,"turns":2.0},{"damage":9.0,"enemies":"Transient","floor":39.0,"turns":4.0},{"damage":13,"enemies":"Reptomancer","floor":41,"turns":5},{"damage":0,"enemies":"Maw","floor":42,"turns":3},{"damage":26,"enemies":"Spire Growth","floor":45,"turns":4},{"damage":0,"enemies":"3 Darklings","floor":47,"turns":4},{"damage":71,"enemies":"Awakened One","floor":50,"turns":20},{"damage":42,"enemies":"Time Eater","floor":51,"turns":5}],"seed_played":"6497194358910097418","potions_obtained":[{"floor":1.0,"key":"Energy Potion"},{"floor":2.0,"key":"CultistPotion"},{"floor":5.0,"key":"Poison Potion"},{"floor":8.0,"key":"Block Potion"},{"floor":13.0,"key":"LiquidMemories"},{"floor":16.0,"key":"AttackPotion"},{"floor":18.0,"key":"Fire Potion"},{"floor":21.0,"key":"DuplicationPotion"},{"floor":24.0,"key":"ColorlessPotion"},{"floor":28.0,"key":"Dexterity Potion"},{"floor":39.0,"key":"Dexterity Potion"}],"is_trial":false,"path_per_floor":["M","?","$","M","M","E","R","E","T","M","?","?","M","$","R","B",null,"M","?","M","M","M","E","M","R","T","R","M","M","M","$","R","B",null,"M","M","?","?","M","$","E","M","T","R","M","R","M","$","R","B","B"],"character_chosen":"THE_SILENT","items_purchased":["Dagger Throw","Flying Knee","Wraith Form v2","Orrery","Regal Pillow","Master of Strategy","Membership Card","FairyPotion","StoneCalendar"],"campfire_rested":4,"item_purchase_floors":[3,3,14,31,40,40,48,48,48],"current_hp_per_floor":[59,59,59,59,59,50,50,19,19,16,32,24,24,24,24,24,56,53,53,47,33,33,11,11,30,30,30,21,9,9,9,28,28,57,47,47,47,47,38,38,25,25,25,59,33,33,33,33,66,19,0,0],"gold":302,"neow_bonus":"THREE_ENEMY_KILL","is_daily":false,"chose_seed":false,"campfire_upgraded":3,"win_rate":0.0,"timestamp":1608815674,"path_taken":["M","?","$","?","M","E","R","E","T","M","?","?","M","$","R","BOSS","M","?","M","?","?","E","M","R","T","R","M","M","M","$","R","BOSS","M","M","?","?","M","$","E","M","T","R","?","R","M","$","R","BOSS","BOSS"],"items_purchased_type":["Card","Card","Card","Relic","Relic","Card","Relic","Potion","Relic"],"build_version":"2020-12-22","purchased_purges":3,"victory":false,"max_hp_per_floor":[66,66,66,66,66,66,66,66,66,66,66,66,66,66,66,66,66,66,66,66,66,66,66,66,66,66,66,66,66,66,66,66,66,66,66,66,66,66,66,66,66,66,66,66,66,66,66,66,66,66,66,66],"relic_stats":{"Peace Pipe":0,"Regal Pillow":29,"Busted Crown":44,"Happy Flower":[23],"counters":[27,135],"StoneCalendar":[52],"obtain_stats":[{"Lantern":23,"Regal Pillow":40,"NeowsBlessing":0,"Happy Flower":26,"StoneCalendar":48,"Omamori":6,"WarpedTongs":38,"Peace Pipe":41,"Busted Crown":17,"Orrery":31,"Philosopher\u0027s Stone":34,"Bottled Lightning":9,"Membership Card":48,"TungstenRod":8,"Ring of the Snake":0},{"Lantern":13,"Regal Pillow":21,"NeowsBlessing":0,"Happy Flower":14,"StoneCalendar":25,"Omamori":4,"WarpedTongs":20,"Peace Pipe":22,"Busted Crown":8,"Orrery":17,"Philosopher\u0027s Stone":18,"Bottled Lightning":5,"Membership Card":25,"TungstenRod":5,"Ring of the Snake":0},{"Lantern":62,"Regal Pillow":94,"NeowsBlessing":0,"Happy Flower":65,"StoneCalendar":110,"Omamori":10,"WarpedTongs":90,"Peace Pipe":99,"Busted Crown":33,"Orrery":77,"Philosopher\u0027s Stone":80,"Bottled Lightning":16,"Membership Card":110,"TungstenRod":16,"Ring of the Snake":0}],"TungstenRod":79,"Ring of the Snake":[54],"WarpedTongs":[45]},"card_choices":[{"not_picked":["Quick Slash","Choke"],"picked":"Leg Sweep","floor":1.0},{"not_picked":["Acrobatics","Dodge and Roll"],"picked":"Reflex","floor":4.0},{"not_picked":["Infinite Blades","Skewer"],"picked":"Catalyst","floor":5.0},{"not_picked":["Choke","Dodge and Roll"],"picked":"Dash","floor":6.0},{"not_picked":["Backflip","Crippling Poison"],"picked":"Bouncing Flask","floor":8.0},{"not_picked":["Slice","Dash"],"picked":"Dagger Throw","floor":10.0},{"not_picked":["Dash","Deflect"],"picked":"PiercingWail","floor":13.0},{"not_picked":["Malaise","Envenom"],"picked":"Night Terror","floor":16.0},{"not_picked":[],"picked":"Deadly Poison","floor":18.0},{"not_picked":["Heel Hook+1"],"picked":"SKIP","floor":20.0},{"not_picked":[],"picked":"Acrobatics","floor":21.0},{"not_picked":["Poisoned Stab"],"picked":"SKIP","floor":22.0},{"not_picked":["Endless Agony"],"picked":"SKIP","floor":23.0},{"not_picked":[],"picked":"Deadly Poison","floor":24.0},{"not_picked":["Deflect"],"picked":"SKIP","floor":28.0},{"not_picked":["Dagger Throw"],"picked":"SKIP","floor":29.0},{"not_picked":[],"picked":"Adrenaline","floor":30.0},{"not_picked":[],"picked":"Distraction+1","floor":31.0},{"not_picked":[],"picked":"Deadly Poison","floor":31.0},{"not_picked":["Blade Dance"],"picked":"SKIP","floor":35.0},{"not_picked":["Cloak And Dagger+1"],"picked":"SKIP","floor":36.0},{"not_picked":["Bane"],"picked":"SKIP","floor":39.0},{"not_picked":[],"picked":"Backflip","floor":41},{"not_picked":["Eviscerate"],"picked":"SKIP","floor":42},{"not_picked":["Sucker Punch"],"picked":"SKIP","floor":45},{"not_picked":["Caltrops"],"picked":"SKIP","floor":47}],"player_experience":2430438,"relics_obtained":[{"floor":6.0,"key":"Omamori"},{"floor":8.0,"key":"TungstenRod"},{"floor":9.0,"key":"Bottled Lightning"},{"floor":23.0,"key":"Lantern"},{"floor":26.0,"key":"Happy Flower"},{"floor":41,"key":"Peace Pipe"}],"event_choices":[{"damage_healed":0.0,"max_hp_gain":0.0,"max_hp_loss":0.0,"gold_gain":0.0,"event_name":"The Woman in Blue","player_choice":"Bought 1 Potion","floor":2.0,"gold_loss":0.0,"damage_taken":0.0},{"damage_healed":16.0,"max_hp_gain":0.0,"max_hp_loss":0.0,"gold_gain":0.0,"event_name":"The Cleric","player_choice":"Healed","floor":11.0,"gold_loss":35.0,"damage_taken":0.0},{"damage_healed":0.0,"max_hp_gain":0.0,"max_hp_loss":0.0,"gold_gain":0.0,"event_name":"Wheel of Change","player_choice":"Damaged","floor":12.0,"gold_loss":0.0,"damage_taken":9.0},{"damage_healed":0.0,"max_hp_gain":0.0,"max_hp_loss":0.0,"gold_gain":0.0,"event_name":"Duplicator","player_choice":"Copied","floor":19.0,"gold_loss":0.0,"damage_taken":0.0,"cards_obtained":["Catalyst"]},{"damage_healed":0.0,"max_hp_gain":0.0,"max_hp_loss":0.0,"gold_gain":999.0,"event_name":"MindBloom","player_choice":"Gold","floor":37.0,"gold_loss":0.0,"damage_taken":0.0,"cards_obtained":["Normality","Normality"]},{"damage_healed":0.0,"max_hp_gain":0.0,"max_hp_loss":0.0,"gold_gain":0.0,"event_name":"Accursed Blacksmith","player_choice":"Rummage","floor":38.0,"gold_loss":0.0,"damage_taken":0.0,"relics_obtained":["WarpedTongs"],"cards_obtained":["Pain"]}],"is_beta":false,"boss_relics":[{"not_picked":["Empty Cage","WristBlade"],"picked":"Busted Crown"},{"not_picked":["Sozu","Velvet Choker"],"picked":"Philosopher\u0027s Stone"}],"items_purged_floors":[31,40,48],"is_endless":false,"potions_floor_spawned":[1,5,8,13,16,18,21,24,28,39,41],"killed_by":"Time Eater","ascension_level":20}}