{"host":"y76clbnovzmw9ubx","time":1608841013,"event":{"mods":["AchievementEnabler","BaseMod","Minty Spire (QoL Compilation)","Permanent Neow","Relic Stats"],"gold_per_floor":[212,16,28,41,55,87,87,113,113,113,38,10,10,22,22,99,99,110,110,110,10,27,57,57,68,68,102,102,128,142,142,142],"floor_reached":31,"playtime":2557,"items_purged":["Strike_R","Bite"],"score":635,"play_id":"fd4da680-e22e-4b14-a24c-1d1a777933d8","local_time":"20201224151653","is_ascension_mode":true,"campfire_choices":[{"data":"Limit Break","floor":10,"key":"SMITH"},{"data":"Shockwave","floor":13,"key":"SMITH"},{"data":"Bash","floor":15,"key":"SMITH"},{"data":"Power Through","floor":24,"key":"SMITH"}],"circlet_count":0,"master_deck":["AscendersBane","Defend_R","Defend_R","Defend_R","Defend_R","Bash+1","Twin Strike","Inflame","Fiend Fire+1","Wild Strike","Inflame","Inflame","Reckless Charge","Limit Break+1","Shockwave+1","Reaper","True Grit+1","Bite","Bite","Bite","Bite","Power Through+1","Flame Barrier","Offering","Armaments+1"],"relics":["Burning Blood","HornCleat","Toy Ornithopter","Potion Belt","Coffee Dripper","Enchiridion","Sundial","Mercury Hourglass","Red Skull","Akabeko"],"acts_visited":["Exordium","TheCity"],"potions_floor_usage":[4,16,23,29],"damage_taken":[{"damage":1,"enemies":"Cultist","floor":1,"turns":3},{"damage":4,"enemies":"2 Louse","floor":3,"turns":3},{"damage":1,"enemies":"Small Slimes","floor":4,"turns":2},{"damage":0,"enemies":"2 Fungi Beasts","floor":5,"turns":2},{"damage":20,"enemies":"Lagavulin","floor":6,"turns":4},{"damage":20,"enemies":"3 Sentries","floor":8,"turns":6},{"damage":12,"enemies":"Exordium Thugs","floor":12,"turns":4},{"damage":11,"enemies":"Looter","floor":14,"turns":3},{"damage":18,"enemies":"Hexaghost","floor":16,"turns":7},{"damage":21,"enemies":"Shell Parasite","floor":18,"turns":5},{"damage":16,"enemies":"2 Thieves","floor":22,"turns":5},{"damage":53,"enemies":"Book of Stabbing","floor":23,"turns":6},{"damage":9,"enemies":"Chosen and Byrds","floor":25,"turns":6},{"damage":29,"enemies":"Gremlin Leader","floor":27,"turns":7},{"damage":18,"enemies":"Slavers","floor":29,"turns":5},{"damage":51,"enemies":"Cultist and Chosen","floor":30,"turns":7},{"damage":25,"enemies":"Snake Plant","floor":31,"turns":1}],"seed_played":"-1175046134665447578","potions_obtained":[{"floor":1,"key":"Fire Potion"},{"floor":5,"key":"CultistPotion"},{"floor":14,"key":"Weak Potion"},{"floor":16,"key":"Ancient Potion"},{"floor":22,"key":"CultistPotion"},{"floor":25,"key":"Block Potion"},{"floor":27,"key":"ElixirPotion"}],"is_trial":false,"path_per_floor":["M","$","M","M","M","E","?","E","T","R","$","M","R","M","R","B",null,"M","?","?","$","M","E","R","M","T","E","?","E","M","M"],"character_chosen":"IRONCLAD","items_purchased":["Inflame","Fiend Fire"],"campfire_rested":0,"item_purchase_floors":[2,2],"current_hp_per_floor":[73,73,75,75,75,61,61,47,47,47,47,41,41,36,36,29,64,59,38,38,38,52,29,29,50,50,35,29,52,17,0,0],"gold":142,"neow_bonus":"HUNDRED_GOLD","is_daily":false,"chose_seed":false,"campfire_upgraded":4,"win_rate":0.0,"timestamp":1608841013,"path_taken":["M","$","M","M","M","E","?","E","T","R","$","?","R","?","R","BOSS","M","?","?","$","M","E","R","M","T","E","?","E","M","M"],"items_purchased_type":["Card","Card"],"build_version":"2020-12-22","purchased_purges":2,"victory":false,"max_hp_per_floor":[75,75,75,75,75,75,75,75,75,75,75,75,75,75,75,75,75,75,75,52,52,52,52,52,52,52,52,52,52,52,52,52],"relic_stats":{"counters":[17,76],"Sundial":[2],"obtain_stats":[{"Potion Belt":9,"HornCleat":6,"Sundial":23,"Enchiridion":19,"Coffee Dripper":17,"Burning Blood":0,"Toy Ornithopter":8,"Red Skull":27,"Akabeko":29,"Mercury Hourglass":26},{"Potion Belt":6,"HornCleat":5,"Sundial":12,"Enchiridion":10,"Coffee Dripper":9,"Burning Blood":0,"Toy Ornithopter":6,"Red Skull":14,"Akabeko":15,"Mercury Hourglass":13},{"Potion Belt":20,"HornCleat":14,"Sundial":50,"Enchiridion":39,"Coffee Dripper":34,"Burning Blood":0,"Toy Ornithopter":20,"Red Skull":63,"Akabeko":68,"Mercury Hourglass":56}],"Burning Blood":82,"Toy Ornithopter":5,"Mercury Hourglass":[114]},"card_choices":[{"not_picked":["Infernal Blade","Flex"],"picked":"Twin Strike","floor":1},{"not_picked":["Second Wind","Clothesline"],"picked":"Wild Strike","floor":3},{"not_picked":["Dark Embrace","Twin Strike"],"picked":"Inflame","floor":4},{"not_picked":["Whirlwind","Iron Wave"],"picked":"Inflame","floor":5},{"not_picked":["Metallicize","Infernal Blade"],"picked":"Reckless Charge","floor":6},{"not_picked":["Havoc","Heavy Blade"],"picked":"Limit Break","floor":8},{"not_picked":["Bloodletting","Warcry"],"picked":"Shockwave","floor":12},{"not_picked":["Wild Strike","Rupture","Rage"],"picked":"SKIP","floor":14},{"not_picked":["Brutality","Fiend Fire"],"picked":"Reaper","floor":16},{"not_picked":["Body Slam","Searing Blow"],"picked":"True Grit+1","floor":18},{"not_picked":["Body Slam","Rupture","Clash+1"],"picked":"SKIP","floor":22},{"not_picked":["Rampage","Dropkick+1"],"picked":"Power Through","floor":23},{"not_picked":["Spot Weakness","Heavy Blade"],"picked":"Flame Barrier","floor":25},{"not_picked":["Clash","Shrug It Off"],"picked":"Offering","floor":27},{"not_picked":["Combust","Headbutt","Carnage"],"picked":"SKIP","floor":29},{"not_picked":["Perfected Strike","Heavy Blade"],"picked":"Armaments+1","floor":30}],"player_experience":2964759,"relics_obtained":[{"floor":6,"key":"HornCleat"},{"floor":8,"key":"Toy Ornithopter"},{"floor":9,"key":"Potion Belt"},{"floor":19,"key":"Enchiridion"},{"floor":23,"key":"Sundial"},{"floor":26,"key":"Mercury Hourglass"},{"floor":27,"key":"Red Skull"},{"floor":29,"key":"Akabeko"}],"event_choices":[{"damage_healed":0,"gold_gain":0,"player_choice":"Upgraded","damage_taken":0,"max_hp_gain":0,"max_hp_loss":0,"event_name":"Upgrade Shrine","floor":7,"gold_loss":0,"cards_upgraded":["Fiend Fire"]},{"damage_healed":0,"gold_gain":0,"player_choice":"Obtained Book","damage_taken":21,"max_hp_gain":0,"max_hp_loss":0,"event_name":"Cursed Tome","floor":19,"gold_loss":0},{"damage_healed":0,"gold_gain":0,"player_choice":"Became a vampire","damage_taken":0,"max_hp_gain":0,"max_hp_loss":23,"event_name":"Vampires","floor":20,"gold_loss":0,"cards_obtained":["Bite","Bite","Bite","Bite","Bite"]},{"damage_healed":0,"gold_gain":0,"player_choice":"","damage_taken":6,"max_hp_gain":0,"max_hp_loss":0,"event_name":"Knowing Skull","floor":28,"potions_obtained":[],"gold_loss":0,"cards_obtained":[]}],"is_beta":false,"boss_relics":[{"not_picked":["Fusion Hammer","Empty Cage"],"picked":"Coffee Dripper"}],"items_purged_floors":[11,21],"is_endless":false,"potions_floor_spawned":[1,5,14,16,22,25,27],"killed_by":"Snake Plant","ascension_level":20}}