{"host":"6pgtslebjnyv5xmi","time":1608834899,"event":{"mods":["AchievementEnabler","BaseMod","Colored Map","Minty Spire (QoL Compilation)","Rare Cards Sparkle","StSLib","SuperFastMode","The Dragon Tamer","everything is the same but u backflip on backflip"],"gold_per_floor":[113,127,138,88,88,122,122,140,210,227,227,146,146,1,1,103,103,115,30,120,136,61,61,95,95,95,114,142,152,152,163,163,163,163],"floor_reached":33,"playtime":1726,"items_purged":["Defend_B"],"score":367,"play_id":"f4dfac22-2a65-408a-b4a4-5c051b537594","local_time":"20201225033459","is_ascension_mode":true,"campfire_choices":[{"data":"Zap","floor":7,"key":"SMITH"},{"data":"Dualcast","floor":11,"key":"SMITH"},{"data":"Stack","floor":13,"key":"SMITH"},{"data":"Scrape","floor":15,"key":"SMITH"},{"data":"Core Surge","floor":23,"key":"SMITH"},{"data":"Impatience","floor":30,"key":"SMITH"},{"floor":32,"key":"REST"}],"circlet_count":0,"master_deck":["Strike_B","Defend_B","Defend_B","Zap+1","Dualcast+1","Scrape+1","Rebound","Gash","Auto Shields","Beam Cell","Stack+1","FTL","Core Surge+1","Good Instincts","Impatience+1","Aggregate","Reinforced Body+1","Steam","FTL","BootSequence"],"relics":["Cracked Core","Mango","StrikeDummy","Nunchaku","Empty Cage","Anchor","Bottled Lightning","Strawberry","MealTicket"],"acts_visited":["Exordium","TheCity"],"potions_floor_usage":[16,28,33],"damage_taken":[{"damage":0,"enemies":"Cultist","floor":1,"turns":2},{"damage":10,"enemies":"Small Slimes","floor":2,"turns":3},{"damage":4,"enemies":"Jaw Worm","floor":3,"turns":3},{"damage":50,"enemies":"Gremlin Nob","floor":6,"turns":5},{"damage":2,"enemies":"Exordium Wildlife","floor":8,"turns":3},{"damage":5,"enemies":"Large Slime","floor":10,"turns":4},{"damage":11,"enemies":"Slime Boss","floor":16,"turns":8},{"damage":1,"enemies":"3 Byrds","floor":18,"turns":4},{"damage":0,"enemies":"Spheric Guardian","floor":21,"turns":4},{"damage":55,"enemies":"Gremlin Leader","floor":24,"turns":7},{"damage":0,"enemies":"Snake Plant","floor":27,"turns":2},{"damage":5,"enemies":"Book of Stabbing","floor":28,"turns":5},{"damage":0,"enemies":"3 Cultists","floor":29,"turns":6},{"damage":0,"enemies":"Chosen and Byrds","floor":31,"turns":4},{"damage":45,"enemies":"Champ","floor":33,"turns":9}],"seed_played":"7237984621062968929","potions_obtained":[{"floor":1,"key":"BlessingOfTheForge"},{"floor":16,"key":"SmokeBomb"},{"floor":21,"key":"EssenceOfSteel"},{"floor":24,"key":"FocusPotion"}],"is_trial":false,"path_per_floor":["M","M","M","?","?","E","R","M","T","M","R","$","R","$","R","B",null,"M","?","?","M","$","R","E","?","T","M","E","M","R","M","R","B"],"character_chosen":"DEFECT","items_purchased":["FTL","Nunchaku"],"campfire_rested":1,"item_purchase_floors":[12,14],"current_hp_per_floor":[75,65,61,61,66,30,30,28,28,23,23,23,23,23,23,12,94,93,93,68,68,68,68,13,13,20,20,15,15,15,15,45,0,0],"gold":163,"neow_bonus":"THREE_CARDS","is_daily":false,"chose_seed":false,"campfire_upgraded":6,"win_rate":0.0,"timestamp":1608834899,"path_taken":["M","M","?","?","?","E","R","M","T","M","R","?","R","$","R","BOSS","M","?","?","?","?","R","E","?","T","M","E","M","R","M","R","BOSS"],"items_purchased_type":["Card","Relic"],"build_version":"2020-12-22","purchased_purges":1,"victory":false,"max_hp_per_floor":[75,75,75,75,80,94,94,94,94,94,94,94,94,94,94,94,94,94,94,94,94,94,94,94,94,101,101,101,101,101,101,101,101,101],"card_choices":[{"not_picked":["Storm","Lockon"],"picked":"Scrape","floor":0},{"not_picked":["Chaos","Streamline"],"picked":"Rebound","floor":1},{"not_picked":["Hologram","Conserve Battery"],"picked":"Gash","floor":2},{"not_picked":["Barrage","Conserve Battery"],"picked":"Auto Shields","floor":3},{"not_picked":["Coolheaded","Undo"],"picked":"Beam Cell","floor":6},{"not_picked":["Conserve Battery","Compile Driver"],"picked":"Stack","floor":8},{"not_picked":["Redo","Glacier","Storm"],"picked":"SKIP","floor":10},{"not_picked":["Hyperbeam","Creative AI"],"picked":"Core Surge","floor":16},{"not_picked":["Compile Driver+1","Loop+1","Streamline"],"picked":"SKIP","floor":18},{"not_picked":["Sweeping Beam","Redo","Barrage+1"],"picked":"SKIP","floor":21},{"not_picked":["Machine Learning","Redo"],"picked":"Aggregate","floor":24},{"not_picked":["Conserve Battery","Beam Cell"],"picked":"Reinforced Body+1","floor":27},{"not_picked":["Tempest","Barrage"],"picked":"Steam","floor":28},{"not_picked":["Aggregate","Sweeping Beam+1"],"picked":"FTL","floor":29},{"not_picked":["Reboot","Ball Lightning+1"],"picked":"BootSequence","floor":31}],"player_experience":474378,"relics_obtained":[{"floor":6,"key":"Mango"},{"floor":9,"key":"StrikeDummy"},{"floor":24,"key":"Bottled Lightning"},{"floor":26,"key":"Strawberry"},{"floor":28,"key":"MealTicket"}],"event_choices":[{"cards_removed":["Strike_B"],"damage_healed":0,"gold_gain":0,"player_choice":"Card Removal","damage_taken":0,"max_hp_gain":0,"max_hp_loss":0,"event_name":"The Cleric","floor":4,"gold_loss":50},{"damage_healed":0,"gold_gain":0,"player_choice":"Donut","damage_taken":0,"max_hp_gain":5,"max_hp_loss":0,"event_name":"Big Fish","floor":5,"gold_loss":0},{"damage_healed":0,"gold_gain":0,"player_choice":"Obtained Relic","damage_taken":0,"relics_obtained":["Anchor"],"max_hp_gain":0,"max_hp_loss":0,"event_name":"Addict","floor":19,"gold_loss":85},{"damage_healed":0,"gold_gain":90,"player_choice":"CARD GOLD CARD ","damage_taken":25,"max_hp_gain":0,"max_hp_loss":0,"event_name":"Knowing Skull","floor":20,"potions_obtained":[],"gold_loss":0,"cards_obtained":["Good Instincts","Impatience"]},{"cards_removed":["Strike_B"],"damage_healed":0,"gold_gain":0,"player_choice":"Purged","damage_taken":0,"max_hp_gain":0,"max_hp_loss":0,"event_name":"Purifier","floor":25,"gold_loss":0}],"is_beta":false,"boss_relics":[{"not_picked":["Ectoplasm","Sozu"],"picked":"Empty Cage"}],"items_purged_floors":[22],"is_endless":false,"potions_floor_spawned":[1,16,21,24],"killed_by":"Champ","ascension_level":4}}