{"host":"kiauivt48syq9iz6","time":1608826972,"event":{"mods":["BaseMod","Conspire","Downfall","Hermit","Minty Spire (QoL Compilation)","Replay The Spire","SIMod","StSLib","The Animator","The Construct","The Cursed","The Runesmith","The Servant 0.9.4"],"gold_per_floor":[374,391,430,440,440,460,509,558,576,576,594,611,623,640,650,650,650,650],"floor_reached":16,"playtime":1091,"items_purged":[],"score":98,"play_id":"6af9e8ab-e96d-43e4-a887-28da9a06bd57","local_time":"20201224092252","is_ascension_mode":false,"campfire_choices":[],"circlet_count":0,"master_deck":["champ:Strike","champ:Strike","champ:Strike","champ:Strike","champ:Defend","champ:Defend","champ:Defend","champ:Defend","champ:Execute","champ:Taunt","Doubt","champ:GladiatorsShout","champ:DefensiveShout","champ:AdrenalArmor","champ:Circumvent","Pot Of Greed","Pot Of Greed","champ:BerserkersShout","Parasite","champ:Backstep","champ:FanOfKnives","champ:ShieldWall","champ:PreciseThrust","champ:RisingSlash"],"relics":["champ:ChampionCrown","Happy Flower","downfall:BrokenWingStatue","Grinning Jar","Anchor"],"acts_visited":["Exordium"],"potions_floor_usage":[9,14,16,16],"damage_taken":[{"damage":14,"enemies":"2 Louse","floor":2,"turns":3},{"damage":42,"enemies":"conspire:MimicChest","floor":3,"turns":8},{"damage":19,"enemies":"Jaw Worm","floor":4,"turns":5},{"damage":7,"enemies":"Small Slimes","floor":6,"turns":4},{"damage":17,"enemies":"conspire:2 RoseBushes","floor":9,"turns":7},{"damage":36,"enemies":"Blue Slaver","floor":11,"turns":7},{"damage":15,"enemies":"Exordium Wildlife","floor":12,"turns":5},{"damage":18,"enemies":"2 Fungi Beasts","floor":13,"turns":5},{"damage":25,"enemies":"Exordium Thugs","floor":14,"turns":5},{"damage":24,"enemies":"Gremlin Gang","floor":15,"turns":10},{"damage":32,"enemies":"downfall:Ironclad","floor":16,"turns":6}],"seed_played":"-3923448278892935843","potions_obtained":[{"floor":3,"key":"EssenceOfSteel"},{"floor":4,"key":"champ:CounterPotion"},{"floor":6,"key":"Explosive Potion"},{"floor":14,"key":"SpeedPotion"},{"floor":15,"key":"BlessingOfTheForge"}],"is_trial":false,"path_per_floor":["R","M","?","M","?","M","T","T","M","?","M","M","M","M","M","B"],"character_chosen":"THE_CHAMP","items_purchased":[],"campfire_rested":0,"item_purchase_floors":[],"current_hp_per_floor":[90,81,52,41,41,41,41,41,39,61,50,50,50,38,30,0,0,0],"gold":650,"neow_bonus":"HUNDRED_GOLD","is_daily":false,"chose_seed":false,"campfire_upgraded":0,"win_rate":0.0,"timestamp":1608826972,"path_taken":["R","M","?","M","?","M","T","?","?","?","M","M","M","M","M","BOSS"],"items_purchased_type":[],"build_version":"2020-12-22","purchased_purges":0,"victory":false,"max_hp_per_floor":[90,90,90,90,90,90,90,90,90,90,90,90,90,90,90,90,90,90],"card_choices":[{"not_picked":["champ:CalledShot","champ:CrookedStrike"],"picked":"champ:GladiatorsShout","floor":2},{"not_picked":["champ:PerfectedStrike","champ:Circumvent"],"picked":"champ:DefensiveShout","floor":3},{"not_picked":["champ:CalledShot","champ:GladiatorsShout"],"picked":"champ:AdrenalArmor","floor":4},{"not_picked":["champ:Encircle","champ:DancingMaster"],"picked":"champ:Circumvent","floor":6},{"not_picked":["champ:GladiatorsShout","champ:Backstep"],"picked":"champ:BerserkersShout","floor":9},{"not_picked":["champ:EndlessRage","champ:StanceDance"],"picked":"champ:Backstep","floor":11},{"not_picked":["champ:Haymaker","champ:FlashCut"],"picked":"champ:FanOfKnives","floor":12},{"not_picked":["champ:RisingSlash","champ:PerfectedStrike"],"picked":"champ:ShieldWall","floor":13},{"not_picked":["champ:Haymaker","champ:AdrenalArmor"],"picked":"champ:PreciseThrust","floor":14},{"not_picked":["champ:GladiatorsShout","champ:DeathBlow"],"picked":"champ:RisingSlash","floor":15}],"player_experience":45581,"relics_obtained":[{"floor":3,"key":"Happy Flower"},{"floor":7,"key":"Grinning Jar"},{"floor":8,"key":"Anchor"}],"event_choices":[{"damage_healed":22,"gold_gain":0,"player_choice":"Healed and dodged fight","damage_taken":0,"max_hp_gain":0,"max_hp_loss":0,"event_name":"Mushrooms","floor":10,"gold_loss":0,"cards_obtained":["Parasite"]}],"is_beta":false,"boss_relics":[],"items_purged_floors":[],"is_endless":false,"potions_floor_spawned":[3,4,6,14,15],"killed_by":"downfall:Ironclad","ascension_level":0}}