{"host":"q0v68qxgqt4jwmjg","time":1608850522,"event":{"mods":["Astrologer","BaseMod","CatGirl Mod","Chen","Colored Powertips","Friendly Minions","FutureSeer","Highlight Path","Infinite Spire","Kiyohime????","Koishi","Mad Scientist","Marisa????????","Mimic Mod","Minty Spire (QoL Compilation)","Onozuka Komachi Mod","Random Character Button","Remilia??????","Replay The Spire","StSLib","Td1madao Mod","The Administrix","The Animator","The Blackbeard","The Disciple","The Factory","The Forsaken","The Gatherer","The Judge","The Jungle","The Servant 0.9.4","Yohane!","Youmu??????","Yuri Mod","egg","slay the spire mod where everything is the same but ironclad has a cowboy hat","???mod?????"],"gold_per_floor":[119,132,149,45,55,80,80,90,127,154,119,119,119,133,133,229,229,248,248,267,285,296,296,309,338,362,362,362,362,374,374,374],"floor_reached":31,"playtime":2318,"items_purged":["Strike_B"],"score":296,"play_id":"81912385-a96d-4f53-bf60-d611c14a3641","local_time":"20201224175522","is_ascension_mode":false,"campfire_choices":[{"data":"Loop","floor":15,"key":"SMITH"},{"floor":23,"key":"REST"},{"data":"Consume","floor":28,"key":"SMITH"}],"circlet_count":0,"master_deck":["Strike_B","Strike_B","Strike_B","Defend_B","Defend_B","Defend_B","Defend_B","Zap","Dualcast","Cold Snap","Consume+1","Loop+1","Electrodynamics","Loop","Machine Learning","Loop+1","Loop"],"relics":["Cracked Core","PreservedInsect","Orichalcum","Replay:Mystery Machine","Inserter","Divine Protection","Bag of Marbles","Ancient Tea Set"],"acts_visited":["Exordium","TheCity"],"potions_floor_usage":[16,16,29],"damage_taken":[{"damage":2,"enemies":"Small Slimes","floor":1,"turns":4},{"damage":1,"enemies":"Cultist","floor":2,"turns":3},{"damage":0,"enemies":"2 Louse","floor":3,"turns":2},{"damage":12,"enemies":"Large Slime","floor":5,"turns":7},{"damage":18,"enemies":"Lagavulin","floor":6,"turns":7},{"damage":15,"enemies":"Lots of Slimes","floor":8,"turns":5},{"damage":1,"enemies":"Blue Slaver","floor":9,"turns":5},{"damage":12,"enemies":"Gremlin Nob","floor":10,"turns":4},{"damage":0,"enemies":"Blue Slaver","floor":14,"turns":4},{"damage":7,"enemies":"Hexaghost","floor":16,"turns":10},{"damage":25,"enemies":"2 Thieves","floor":18,"turns":4},{"damage":2,"enemies":"Shell Parasite","floor":20,"turns":5},{"damage":8,"enemies":"Chosen and Byrds","floor":21,"turns":5},{"damage":13,"enemies":"Centurion and Healer","floor":22,"turns":5},{"damage":0,"enemies":"Cultist and Chosen","floor":24,"turns":6},{"damage":24,"enemies":"Nightmare","floor":25,"turns":6},{"damage":0,"enemies":"3 Cultists","floor":29,"turns":2},{"damage":9,"enemies":"Chosen and Byrds","floor":30,"turns":5},{"damage":19,"enemies":"Snake Plant","floor":31,"turns":3}],"seed_played":"3518810493793082900","potions_obtained":[{"floor":0,"key":"SmokeBomb"},{"floor":0,"key":"Strength Potion"},{"floor":0,"key":"Toxic Potion"},{"floor":8,"key":"FocusPotion"},{"floor":22,"key":"Venom Potion"},{"floor":25,"key":"Milkshake"},{"floor":30,"key":"Doom Potion"}],"is_trial":false,"path_per_floor":["M","M","M","?","M","E","$","M","MIM","E","?","?","?","M","R","B",null,"M","AVR","M","M","M","R","M","NM","T","?","R","M","M","M"],"character_chosen":"DEFECT","items_purchased":[],"campfire_rested":1,"item_purchase_floors":[],"current_hp_per_floor":[73,72,72,72,60,42,42,27,26,14,32,32,32,32,32,25,75,50,50,48,40,27,49,49,25,25,25,25,25,16,0,0],"gold":374,"neow_bonus":"THREE_SMALL_POTIONS","is_daily":false,"chose_seed":false,"campfire_upgraded":2,"win_rate":0.0,"timestamp":1608850522,"path_taken":["M","M","M","?","M","E","?","M","MIM","E","?","?","?","M","R","BOSS","M","AVR","M","?","M","R","M","NM","T","?","R","M","M","M"],"items_purchased_type":[],"build_version":"2020-12-22","purchased_purges":1,"victory":false,"max_hp_per_floor":[75,75,75,75,75,75,75,75,75,75,75,75,75,75,75,75,75,75,75,75,75,75,75,75,75,75,75,75,75,75,75,75],"card_choices":[{"not_picked":["Seek","Redo","ReplayTheSpireMod:GoodbyeWorld"],"picked":"SKIP","floor":1},{"not_picked":["Leap","Barrage","Compile Driver"],"picked":"SKIP","floor":2},{"not_picked":["Compile Driver","Conserve Battery"],"picked":"Cold Snap","floor":3},{"not_picked":["Sweeping Beam","Gash","Redo"],"picked":"SKIP","floor":5},{"not_picked":["Steam Power","Redo"],"picked":"Consume","floor":6},{"not_picked":["Compile Driver","Streamline","Redo"],"picked":"SKIP","floor":8},{"not_picked":["Mirror Shield","Redo"],"picked":"Loop","floor":10},{"not_picked":["Sweeping Beam","Redo","Auto Shields"],"picked":"SKIP","floor":14},{"not_picked":["Mirror Shield","Fission"],"picked":"Electrodynamics","floor":16},{"not_picked":["Streamline","BasicCrystalCard","Ball Lightning"],"picked":"SKIP","floor":18},{"not_picked":["Force Field","Compile Driver+1"],"picked":"Loop","floor":20},{"not_picked":["Beam Cell","Leap","Conserve Battery+1"],"picked":"SKIP","floor":21},{"not_picked":["Panic Button","Steam","Redo"],"picked":"SKIP","floor":22},{"not_picked":["BasicCrystalCard","Cold Snap+1","Beam Cell"],"picked":"SKIP","floor":24},{"not_picked":["Coolheaded","Ball Lightning"],"picked":"Machine Learning","floor":25},{"not_picked":["ReplayGash+1","Genetic Algorithm+1"],"picked":"Loop","floor":30}],"player_experience":146261,"relics_obtained":[{"floor":6,"key":"Orichalcum"},{"floor":10,"key":"Replay:Mystery Machine"},{"floor":25,"key":"Bag of Marbles"},{"floor":26,"key":"Ancient Tea Set"}],"event_choices":[{"damage_healed":0,"gold_gain":0,"player_choice":"Paid Gold","damage_taken":0,"relics_obtained":["PreservedInsect"],"max_hp_gain":0,"max_hp_loss":0,"event_name":"WeMeetAgain","floor":4,"gold_loss":104},{"damage_healed":18,"gold_gain":0,"player_choice":"Healed","damage_taken":0,"max_hp_gain":0,"max_hp_loss":0,"event_name":"The Cleric","floor":11,"gold_loss":35},{"damage_healed":0,"gold_gain":0,"player_choice":"Ignored","damage_taken":0,"max_hp_gain":0,"max_hp_loss":0,"event_name":"Shining Light","floor":12,"gold_loss":0},{"damage_healed":0,"gold_gain":0,"player_choice":"Bought 0 Potions","damage_taken":0,"max_hp_gain":0,"max_hp_loss":0,"event_name":"The Woman in Blue","floor":13,"gold_loss":0},{"damage_healed":0,"gold_gain":0,"player_choice":"Copied","damage_taken":0,"max_hp_gain":0,"max_hp_loss":0,"event_name":"Duplicator","floor":27,"gold_loss":0,"cards_obtained":["Loop"]}],"is_beta":false,"boss_relics":[{"not_picked":["SacredBark","ReplayTheSpireMod:DimensionalGlitch"],"picked":"Inserter"}],"items_purged_floors":[19],"is_endless":true,"potions_floor_spawned":[1,2,3,6,8,22,25,30],"killed_by":"Snake Plant","ascension_level":0}}