{"host":"sdl5b0uiznq00owb","time":1608771517,"event":{"mods":["BaseMod","Minty Spire (QoL Compilation)","Permanent Neow","Relic Stats"],"gold_per_floor":[114,133,83,98,116,116,141,161,161,161,161,189,200,220,220,318,318,331,241,258,131,131,131,131],"floor_reached":23,"playtime":1546,"items_purged":["Strike_B"],"score":284,"play_id":"d825412a-db48-4890-922f-b557cebcc076","local_time":"20201223185837","is_ascension_mode":true,"campfire_choices":[{"data":"Streamline","floor":6,"key":"SMITH"},{"floor":10,"key":"REST"},{"data":"FTL","floor":15,"key":"SMITH"}],"circlet_count":0,"master_deck":["Strike_B+1","Defend_B","Defend_B","Defend_B","Defend_B","Zap","Dualcast","Streamline+1","FTL+1","Tempest","Cold Snap","Sweeping Beam","Coolheaded","Core Surge","Leap+1","White Noise"],"relics":["Cracked Core","Happy Flower","Pantograph","Meat on the Bone","Matryoshka","Gremlin Horn","Nuclear Battery"],"acts_visited":["TheCity"],"potions_floor_usage":[7,16,20,20],"damage_taken":[{"damage":2,"enemies":"Jaw Worm","floor":1,"turns":3},{"damage":4,"enemies":"Small Slimes","floor":2,"turns":3},{"damage":1,"enemies":"Cultist","floor":4,"turns":3},{"damage":7,"enemies":"Looter","floor":5,"turns":3},{"damage":17,"enemies":"Gremlin Nob","floor":7,"turns":4},{"damage":1,"enemies":"3 Louse","floor":8,"turns":3},{"damage":11,"enemies":"3 Sentries","floor":12,"turns":7},{"damage":2,"enemies":"Gremlin Gang","floor":13,"turns":3},{"damage":7,"enemies":"Looter","floor":14,"turns":3},{"damage":28,"enemies":"The Guardian","floor":16,"turns":13},{"damage":0,"enemies":"Spheric Guardian","floor":18,"turns":3},{"damage":0,"enemies":"3 Byrds","floor":20,"turns":3},{"damage":68,"enemies":"Book of Stabbing","floor":23,"turns":7}],"seed_played":"6305978068334362543","potions_obtained":[{"floor":1,"key":"SteroidPotion"},{"floor":2,"key":"Weak Potion"},{"floor":12,"key":"DistilledChaos"},{"floor":13,"key":"Energy Potion"},{"floor":16,"key":"ColorlessPotion"},{"floor":18,"key":"LiquidMemories"}],"is_trial":false,"path_per_floor":["M","M","?","M","M","R","E","M","T","R","?","E","M","M","R","B",null,"M","?","M","$","?","E"],"character_chosen":"DEFECT","items_purchased":["PowerPotion"],"campfire_rested":1,"item_purchase_floors":[21],"current_hp_per_floor":[66,62,62,61,54,54,37,36,36,58,58,47,45,38,38,47,68,68,68,68,68,68,0,0],"gold":131,"neow_bonus":"RANDOM_COMMON_RELIC","is_daily":false,"chose_seed":false,"campfire_upgraded":2,"win_rate":0.0,"timestamp":1608771517,"path_taken":["M","M","?","M","M","R","E","M","T","R","?","E","M","M","R","BOSS","M","?","M","?","?","E"],"items_purchased_type":["Potion"],"build_version":"2020-12-22","purchased_purges":1,"victory":false,"max_hp_per_floor":[75,75,75,75,75,75,75,75,75,75,75,75,75,75,75,75,75,75,75,75,75,75,75,75],"relic_stats":{"Happy Flower":[19],"Gremlin Horn":[5,5],"counters":[13,58],"Pantograph":25,"obtain_stats":[{"Matryoshka":11,"Happy Flower":0,"Gremlin Horn":12,"Pantograph":7,"Cracked Core":0,"Meat on the Bone":9,"Nuclear Battery":17},{"Matryoshka":6,"Happy Flower":0,"Gremlin Horn":7,"Pantograph":5,"Cracked Core":0,"Meat on the Bone":6,"Nuclear Battery":10},{"Matryoshka":19,"Happy Flower":0,"Gremlin Horn":26,"Pantograph":16,"Cracked Core":0,"Meat on the Bone":19,"Nuclear Battery":45}],"Meat on the Bone":12},"card_choices":[{"not_picked":["Leap","Skim","Hologram"],"picked":"SKIP","floor":1},{"not_picked":["Beam Cell","Hologram"],"picked":"Streamline","floor":2},{"not_picked":["Leap","Stack","Force Field"],"picked":"SKIP","floor":4},{"not_picked":["Gash","Ball Lightning"],"picked":"FTL","floor":5},{"not_picked":["Meteor Strike","Rebound"],"picked":"Tempest","floor":7},{"not_picked":["Beam Cell","Hello World"],"picked":"Cold Snap","floor":8},{"not_picked":["Rip and Tear","Steam"],"picked":"Sweeping Beam","floor":12},{"not_picked":["Blizzard","Reprogram","Hello World"],"picked":"SKIP","floor":13},{"not_picked":["Conserve Battery","Stack"],"picked":"Coolheaded","floor":14},{"not_picked":["Amplify","All For One"],"picked":"Core Surge","floor":16},{"not_picked":["Steam","Streamline"],"picked":"Leap+1","floor":18},{"not_picked":["Fusion","Conserve Battery"],"picked":"White Noise","floor":20}],"player_experience":683041,"relics_obtained":[{"floor":7,"key":"Pantograph"},{"floor":9,"key":"Meat on the Bone"},{"floor":12,"key":"Gremlin Horn"}],"event_choices":[{"cards_removed":["Strike_B"],"damage_healed":0,"gold_gain":0,"player_choice":"Card Removal","damage_taken":0,"max_hp_gain":0,"max_hp_loss":0,"event_name":"The Cleric","floor":3,"gold_loss":50},{"damage_healed":0,"gold_gain":0,"player_choice":"Searched \u00271\u0027 times","damage_taken":0,"relics_obtained":["Matryoshka"],"max_hp_gain":0,"max_hp_loss":0,"event_name":"Dead Adventurer","floor":11,"gold_loss":0},{"cards_removed":["Strike_B"],"damage_healed":0,"gold_gain":0,"player_choice":"Upgrade and Remove","damage_taken":0,"max_hp_gain":0,"max_hp_loss":0,"event_name":"Designer","floor":19,"gold_loss":90,"cards_upgraded":["Strike_B"]},{"damage_healed":0,"gold_gain":0,"player_choice":"Ignored","damage_taken":0,"max_hp_gain":0,"max_hp_loss":0,"event_name":"Vampires","floor":22,"gold_loss":0}],"is_beta":false,"boss_relics":[{"not_picked":["SlaversCollar","Velvet Choker"],"picked":"Nuclear Battery"}],"items_purged_floors":[21],"is_endless":false,"potions_floor_spawned":[1,2,12,13,16,18],"killed_by":"Book of Stabbing","ascension_level":8}}