{"host":"ky7z67tg8zpdk0g7","time":1608798169,"event":{"mods":["BaseMod","Beaked The Cultist","Better Third Choice","CapriCore","Displayed Cursed Tome","Energized Spire","Fireblade Mod","Hubris","Lobotomy","LobotomyExtend","Minty Spire (QoL Compilation)","Replay The Spire","SOS???????","Shop Mod","StSLib","Td1madao Mod","The Dragon Tamer","The Hayseed","The Hierophant","The Immortal","The Marked","The Necromancer","TheBandit","TheWitcher"],"gold_per_floor":[118,293,273,293,304,304,324,350,387,399,411,437,449,487,499,607,619,641,668,680,692,22,22,22],"floor_reached":23,"playtime":695,"items_purged":["Pain"],"score":299,"play_id":"ec4bb48a-eba3-4001-ae5f-d9681268eb63","local_time":"20201224152249","is_ascension_mode":true,"campfire_choices":[{"data":"theMarked:EternalStudent","floor":6.0,"key":"SMITH"},{"data":"theMarked:ComboAttacks","floor":13.0,"key":"SMITH"}],"circlet_count":0,"master_deck":["theMarked:Strike","theMarked:Strike","theMarked:Strike","theMarked:Defend","theMarked:Defend","theMarked:Defend","theMarked:Defend","theMarked:SoldierOfQuellstein","theMarked:EternalStudent+1","Doubt","theMarked:HeightenedSenses","theMarked:TakeCover","theMarked:EmpowerWeapon","theMarked:ComboAttacks+1","theMarked:ReduceFriction","theMarked:SoldierForm","theMarked:Improvise+1","theMarked:TurnInvisible","theMarked:Challenge"],"relics":["theMarked:ArtifactOfAir","LetterFromLob","MawBank","Strawberry","Replay:Wax Seal","WarpedTongs","ChewingGum","Replay:Rubber Ducky","PrismaticShard","Calipers"],"acts_visited":["Exordium","TheCity"],"potions_floor_usage":[16,16],"damage_taken":[{"damage":8.0,"enemies":"Jaw Worm","floor":1.0,"turns":4.0},{"damage":2.0,"enemies":"2 Louse","floor":4.0,"turns":2.0},{"damage":1.0,"enemies":"Cultist","floor":5.0,"turns":4.0},{"damage":8.0,"enemies":"Blue Slaver","floor":7.0,"turns":6.0},{"damage":10.0,"enemies":"3 Sentries","floor":8.0,"turns":8.0},{"damage":0.0,"enemies":"Gremlin Gang","floor":12.0,"turns":4.0},{"damage":18.0,"enemies":"Gremlin Nob","floor":14.0,"turns":3.0},{"damage":0,"enemies":"Slime Boss","floor":16,"turns":5},{"damage":32,"enemies":"Chosen","floor":18,"turns":5},{"damage":5,"enemies":"Spheric Guardian","floor":19,"turns":3},{"damage":34,"enemies":"Slavers","floor":23,"turns":3}],"seed_played":"6718861720869769833","potions_obtained":[{"floor":1.0,"key":"DuplicationPotion"},{"floor":3.0,"key":"ColorlessPotion"},{"floor":4.0,"key":"BlessingOfTheForge"},{"floor":7.0,"key":"Adrenaline Potion"},{"floor":12.0,"key":"Elixir"},{"floor":19,"key":"Strength Potion"}],"is_trial":false,"path_per_floor":["M","?","?","M","M","R","M","E","T","?","$","M","R","E","R","B",null,"M","M","?","?","$","E"],"character_chosen":"THE_DEFAULT","items_purchased":["Replay:Rubber Ducky","PrismaticShard","Calipers"],"campfire_rested":0,"item_purchase_floors":[22,22,22],"current_hp_per_floor":[55,55,55,53,52,52,44,34,41,34,34,34,34,16,16,16,70,38,33,33,33,33,0,0],"gold":22,"neow_bonus":"THREE_RARE_CARDS","is_daily":false,"chose_seed":false,"campfire_upgraded":2,"win_rate":0.0,"timestamp":1608798169,"path_taken":["M","?","?","M","M","R","?","E","T","?","$","M","R","E","R","BOSS","M","M","?","?","$","E"],"items_purchased_type":["Relic","Relic","Relic"],"build_version":"2020-12-22","purchased_purges":1,"victory":false,"max_hp_per_floor":[63,63,63,63,63,63,63,63,70,70,70,70,70,70,70,70,70,70,70,70,70,70,70,70],"card_choices":[{"not_picked":["theMarked:FavorableWinds","theMarked:ThrowWeapon"],"picked":"theMarked:EternalStudent","floor":0.0},{"not_picked":["theMarked:PowerFlow","theMarked:ChainLightning","theMarked:Seal"],"picked":"SKIP","floor":1.0},{"not_picked":["theMarked:Reabsorb","theMarked:ContemptForTheProud"],"picked":"theMarked:HeightenedSenses","floor":4.0},{"not_picked":["theMarked:ResourceFulStrike","theMarked:StartUp"],"picked":"theMarked:TakeCover","floor":5.0},{"not_picked":["theMarked:TwofoldDefense","theMarked:Overthink"],"picked":"theMarked:EmpowerWeapon","floor":7.0},{"not_picked":["theMarked:DeterminationOfTheMarked","theMarked:TwofoldDefense","theMarked:BanishingStrike"],"picked":"SKIP","floor":8.0},{"not_picked":["theMarked:Electrify","theMarked:HeritageOfTheMarked"],"picked":"theMarked:ComboAttacks","floor":12.0},{"not_picked":["theMarked:MaelstromOfLightning","theMarked:Seal"],"picked":"theMarked:ReduceFriction","floor":14.0},{"not_picked":["theMarked:Defy","theMarked:Challenge"],"picked":"theMarked:SoldierForm","floor":16},{"not_picked":["theMarked:DeterminationOfTheMarked","theMarked:ResourceFulStrike"],"picked":"theMarked:Improvise","floor":18},{"not_picked":["theMarked:WastefulAttack","theMarked:ResourceFulStrike","theMarked:Static"],"picked":"SKIP","floor":19}],"player_experience":300989,"relics_obtained":[{"floor":1.0,"key":"LetterFromLob"},{"floor":8.0,"key":"MawBank"},{"floor":9.0,"key":"Strawberry"},{"floor":14.0,"key":"Replay:Wax Seal"}],"event_choices":[{"damage_healed":0.0,"max_hp_gain":0.0,"max_hp_loss":0.0,"gold_gain":175.0,"event_name":"betterThird:BetterSerpent","player_choice":"AGREE","floor":2.0,"gold_loss":0.0,"damage_taken":118.0},{"damage_healed":0.0,"max_hp_gain":0.0,"max_hp_loss":0.0,"gold_gain":0.0,"event_name":"The Woman in Blue","player_choice":"Bought 1 Potion","floor":3.0,"gold_loss":0.0,"damage_taken":0.0},{"damage_healed":0.0,"max_hp_gain":0.0,"max_hp_loss":0.0,"gold_gain":0.0,"event_name":"Wheel of Change","player_choice":"Damaged","floor":10.0,"gold_loss":0.0,"damage_taken":7.0},{"damage_healed":0.0,"max_hp_gain":0.0,"max_hp_loss":0.0,"gold_gain":0.0,"event_name":"Accursed Blacksmith","player_choice":"Rummage","floor":15.0,"gold_loss":0.0,"damage_taken":0.0,"relics_obtained":["WarpedTongs"],"cards_obtained":["Pain"]},{"damage_healed":0,"gold_gain":0,"cards_transformed":["theMarked:Strike","theMarked:Strike"],"player_choice":"Became Test Subject","damage_taken":0,"max_hp_gain":0,"max_hp_loss":0,"event_name":"Drug Dealer","floor":21,"gold_loss":0,"cards_obtained":["theMarked:TurnInvisible","theMarked:Challenge"]}],"is_beta":false,"boss_relics":[{"not_picked":["energizedSpire:HugeHouse","ReplayTheSpireMod:DimensionalGlitch"],"picked":"ChewingGum"}],"items_purged_floors":[22],"is_endless":false,"potions_floor_spawned":[1,4,7,12,19],"killed_by":"Slavers","ascension_level":4}}