{"host":"94aus4jnk6thj94q","time":1608833812,"event":{"mods":["BaseMod","Minty Spire (QoL Compilation)","Quick Restart","StSLib"],"gold_per_floor":[214,226,137,157,13,13,13,0,0,14,14,14,341,359,359,454,454,473,488,507,521,538,538,538,538,538,116,116,26,26,45,45,145,145,165,0,16,35,35,35,65,65,65,65,83,83,83,102,102,102,102,102,18,47,47,47],"floor_reached":55,"playtime":3278,"items_purged":[],"score":647,"play_id":"f73b4b34-a163-4d9f-8865-7d970074d1ca","local_time":"20201224201652","is_ascension_mode":false,"campfire_choices":[{"data":"Defragment","floor":6.0,"key":"SMITH"},{"floor":11.0,"key":"REST"},{"floor":15.0,"key":"REST"},{"floor":25.0,"key":"RECALL"},{"data":"Blizzard","floor":30.0,"key":"SMITH"},{"data":"Melter","floor":32.0,"key":"SMITH"},{"floor":40,"key":"REST"},{"floor":42,"key":"REST"},{"floor":49,"key":"REST"},{"data":"Static Discharge","floor":52,"key":"SMITH"}],"circlet_count":0,"master_deck":["Strike_B","Strike_B","Strike_B+1","Defend_B","Defend_B","Defend_B","Defend_B","Zap+1","Dualcast+1","Leap","Leap","Melter","Cold Snap","Melter+1","Defragment+1","Melter","Cold Snap","Cold Snap","Core Surge","Ball Lightning+1","Chill+1","Blizzard+1","Conserve Battery","Parasite","Static Discharge+1","Self Repair","Loop"],"relics":["Cracked Core","Gambling Chip","The Courier","Old Coin","Velvet Choker","Cables","Medical Kit","War Paint","Tiny Chest","PreservedInsect","Inserter","Runic Capacitor","Torii","Pocketwatch","Kunai"],"acts_visited":["Exordium","TheCity","TheBeyond","TheEnding"],"potions_floor_usage":[41,41,55],"damage_taken":[{"damage":0.0,"enemies":"2 Louse","floor":1.0,"turns":2.0},{"damage":0.0,"enemies":"Small Slimes","floor":2.0,"turns":3.0},{"damage":0.0,"enemies":"Cultist","floor":4.0,"turns":3.0},{"damage":2.0,"enemies":"3 Louse","floor":10.0,"turns":4.0},{"damage":16.0,"enemies":"3 Sentries","floor":13.0,"turns":7.0},{"damage":0.0,"enemies":"Looter","floor":14.0,"turns":3.0},{"damage":35.0,"enemies":"Slime Boss","floor":16.0,"turns":8.0},{"damage":0.0,"enemies":"Shell Parasite","floor":18.0,"turns":2.0},{"damage":12.0,"enemies":"3 Byrds","floor":19.0,"turns":5.0},{"damage":12.0,"enemies":"Snake Plant","floor":20.0,"turns":4.0},{"damage":1.0,"enemies":"Cultist and Chosen","floor":21.0,"turns":7.0},{"damage":2.0,"enemies":"Snecko","floor":22.0,"turns":4.0},{"damage":0.0,"enemies":"3 Cultists","floor":31.0,"turns":5.0},{"damage":33.0,"enemies":"Champ","floor":33.0,"turns":12.0},{"damage":0.0,"enemies":"3 Shapes","floor":35.0,"turns":4.0},{"damage":0.0,"enemies":"Orb Walker","floor":37.0,"turns":4.0},{"damage":19.0,"enemies":"Writhing Mass","floor":38.0,"turns":6.0},{"damage":25,"enemies":"Nemesis","floor":41,"turns":6},{"damage":1,"enemies":"Transient","floor":45,"turns":5},{"damage":12,"enemies":"Jaw Worm Horde","floor":48,"turns":5},{"damage":14,"enemies":"Awakened One","floor":50,"turns":21},{"damage":49,"enemies":"Shield and Spear","floor":54,"turns":8},{"damage":45,"enemies":"The Heart","floor":55,"turns":3}],"seed_played":"-4847373009970912778","potions_obtained":[{"floor":2.0,"key":"ColorlessPotion"},{"floor":14.0,"key":"AttackPotion"},{"floor":16.0,"key":"AttackPotion"},{"floor":19.0,"key":"FearPotion"},{"floor":20.0,"key":"Weak Potion"},{"floor":33.0,"key":"Block Potion"},{"floor":37.0,"key":"Block Potion"},{"floor":38.0,"key":"Dexterity Potion"},{"floor":54,"key":"Swift Potion"}],"is_trial":false,"path_per_floor":["M","M","$","M","$","R","?","?","T","M","R","?","E","M","R","B",null,"M","M","M","M","M","?","?","R","T","$","?","?","R","M","R","B",null,"M","$","M","M","T","R","E","R","T","$","M","?","?","M","R","B",null,"R","$","E","B"],"character_chosen":"DEFECT","items_purchased":["Melter","Cold Snap","Defragment","Melter","Blizzard","Medical Kit","War Paint","Tiny Chest","Runic Capacitor","Conserve Battery","Self Repair","Loop"],"campfire_rested":5,"item_purchase_floors":[3,3,5,5,27,27,27,27,36,36,53,53],"current_hp_per_floor":[75,75,75,75,75,75,63,63,63,61,75,75,59,59,75,40,75,75,63,51,50,48,48,73,73,73,73,73,73,73,73,73,40,75,75,75,75,56,56,75,50,72,72,72,71,71,75,63,75,61,75,75,75,33,0,0],"gold":47,"neow_bonus":"HUNDRED_GOLD","is_daily":false,"chose_seed":false,"campfire_upgraded":4,"win_rate":0.0,"timestamp":1608833812,"path_taken":["M","M","$","M","$","R","?","?","T","M","R","?","E","?","R","BOSS","M","M","M","M","M","?","?","R","T","$","?","?","R","M","R","BOSS","M","$","M","?","?","R","E","R","T","$","M","?","?","?","R","BOSS","R","$","E","BOSS"],"items_purchased_type":["Card","Card","Card","Card","Card","Relic","Relic","Relic","Relic","Card","Card","Card"],"build_version":"2020-12-22","purchased_purges":0,"victory":false,"max_hp_per_floor":[75,75,75,75,75,75,75,75,75,75,75,75,75,75,75,75,75,75,75,75,75,75,75,75,75,75,75,75,75,75,75,75,75,75,75,75,75,75,75,75,75,75,75,75,75,75,75,75,75,75,75,75,75,75,75,75],"card_choices":[{"not_picked":["Hologram","Compile Driver"],"picked":"Leap","floor":1.0},{"not_picked":["Streamline","Hologram"],"picked":"Leap","floor":2.0},{"not_picked":["Force Field","Cold Snap"],"picked":"Melter","floor":4.0},{"not_picked":["Chaos","Go for the Eyes"],"picked":"Cold Snap","floor":10.0},{"not_picked":["Aggregate","Multi-Cast"],"picked":"Coolheaded","floor":13.0},{"not_picked":["Compile Driver","Stack"],"picked":"Cold Snap","floor":14.0},{"not_picked":["All For One","Buffer"],"picked":"Core Surge","floor":16.0},{"not_picked":["Sweeping Beam","Undo"],"picked":"Ball Lightning+1","floor":18.0},{"not_picked":["Beam Cell+1","Rebound","Gash"],"picked":"SKIP","floor":19.0},{"not_picked":["Cold Snap","Compile Driver","Multi-Cast"],"picked":"SKIP","floor":20.0},{"not_picked":["Turbo","Cold Snap","Streamline"],"picked":"SKIP","floor":21.0},{"not_picked":["Coolheaded+1","Streamline+1"],"picked":"Chill","floor":22.0},{"not_picked":["Ball Lightning","Turbo","Stack"],"picked":"SKIP","floor":31.0},{"not_picked":["Streamline","Hologram+1","Rebound+1"],"picked":"SKIP","floor":35.0},{"not_picked":["Cold Snap","Reprogram+1","Rebound"],"picked":"SKIP","floor":37.0},{"not_picked":["Recycle","BootSequence","Hello World"],"picked":"SKIP","floor":38.0},{"not_picked":["Turbo","Ball Lightning+1"],"picked":"Static Discharge","floor":41},{"not_picked":["Skim","Sweeping Beam+1","Hologram+1"],"picked":"SKIP","floor":45},{"not_picked":["Redo+1","Rebound","Turbo"],"picked":"SKIP","floor":48},{"not_picked":["Compile Driver+1","Recycle+1","Thunder Strike"],"picked":"SKIP","floor":54}],"player_experience":5641401,"relics_obtained":[{"floor":9.0,"key":"The Courier"},{"floor":13.0,"key":"Old Coin"},{"floor":26.0,"key":"Cables"},{"floor":41,"key":"Torii"},{"floor":43,"key":"Pocketwatch"},{"floor":54,"key":"Kunai"}],"event_choices":[{"damage_healed":0.0,"max_hp_gain":0.0,"max_hp_loss":0.0,"gold_gain":0.0,"event_name":"Scrap Ooze","player_choice":"Success","floor":7.0,"gold_loss":0.0,"damage_taken":12.0,"relics_obtained":["Gambling Chip"]},{"damage_healed":0.0,"max_hp_gain":0.0,"max_hp_loss":0.0,"gold_gain":0.0,"event_name":"World of Goop","player_choice":"Left Gold","floor":8.0,"gold_loss":13.0,"damage_taken":0.0},{"damage_healed":0.0,"max_hp_gain":0.0,"max_hp_loss":0.0,"gold_gain":0.0,"event_name":"Upgrade Shrine","player_choice":"Upgraded","floor":12.0,"gold_loss":0.0,"damage_taken":0.0,"cards_upgraded":["Zap"]},{"damage_healed":0.0,"max_hp_gain":0.0,"max_hp_loss":0.0,"gold_gain":0.0,"event_name":"Cursed Tome","player_choice":"Ignored","floor":23.0,"gold_loss":0.0,"damage_taken":0.0},{"damage_healed":25.0,"max_hp_gain":0.0,"max_hp_loss":0.0,"gold_gain":0.0,"event_name":"The Library","player_choice":"Heal","floor":24.0,"gold_loss":0.0,"damage_taken":0.0},{"damage_healed":0.0,"max_hp_gain":0.0,"max_hp_loss":0.0,"gold_gain":0.0,"event_name":"The Mausoleum","player_choice":"Opened","floor":28.0,"gold_loss":0.0,"damage_taken":0.0,"relics_obtained":["PreservedInsect"]},{"cards_removed":["Strike_B"],"damage_healed":0.0,"max_hp_gain":0.0,"max_hp_loss":0.0,"gold_gain":0.0,"event_name":"Designer","player_choice":"Upgrade and Remove","floor":29.0,"gold_loss":90.0,"damage_taken":0.0,"cards_upgraded":["Strike_B"]},{"damage_healed":0,"gold_gain":0,"player_choice":"Ignored","damage_taken":0,"max_hp_gain":0,"max_hp_loss":0,"event_name":"Mysterious Sphere","floor":46,"gold_loss":0},{"cards_removed":["Coolheaded"],"damage_healed":5,"gold_gain":0,"player_choice":"Offered Common","damage_taken":0,"max_hp_gain":0,"max_hp_loss":0,"event_name":"Bonfire Elementals","floor":47,"gold_loss":0},{"cards_removed":["Coolheaded"],"damage_healed":5,"gold_gain":0,"player_choice":"Offered Special","damage_taken":0,"max_hp_gain":0,"max_hp_loss":0,"event_name":"Bonfire Elementals","floor":47,"gold_loss":0}],"is_beta":false,"boss_relics":[{"not_picked":["Empty Cage","Philosopher\u0027s Stone"],"picked":"Velvet Choker"},{"not_picked":["SacredBark","SlaversCollar"],"picked":"Inserter"}],"items_purged_floors":[],"is_endless":false,"potions_floor_spawned":[2,14,16,19,20,33,37,38,54],"killed_by":"The Heart","ascension_level":0}}