{"host":"ubc28ykrjp2peggz","time":1608783907,"event":{"mods":["ATMod(°¢èªMod)","BaseMod","Minty Spire (QoL Compilation)","Spicy Shops","StSLib","TestMod","The Poker Player","¡¾ÒÅÎï¿¨ÅÆ¡¿REMEMod"],"gold_per_floor":[114,125,141,157,7,33,33,33,105,105,145,145,173,221,221,360,360,399,399,384,408,154,192,192,251,251,282,282],"floor_reached":27,"playtime":1339,"items_purged":["Strike_R","AT_DrawKnifeCut"],"score":421,"play_id":"a5b6d614-cdd9-49c7-83d8-248ad8385ccc","local_time":"20201224122507","daily_mods":["Heirloom","Flight"],"is_ascension_mode":false,"campfire_choices":[{"data":"REME_CRH","floor":8.0,"key":"SMITH"},{"data":"Fire Breathing","floor":10.0,"key":"SMITH"},{"data":"AT_DiedThrough","floor":12.0,"key":"SMITH"},{"data":"AT_ShrugMaster","floor":15.0,"key":"SMITH"},{"data":"Dark Embrace","floor":24.0,"key":"SMITH"}],"circlet_count":6,"master_deck":["Bash","Madness+1","Madness+1","Fire Breathing+1","Madness+1","Immolate","Corruption","Reckless Charge","Madness","Twin Strike","Havoc","Second Wind","Rupture","Dark Embrace+1","Feel No Pain","Wild Strike"],"relics":["Burning Blood","Circlet","Incense Burner","Golden Idol","Ornamental Fan","Pantograph","Pandora\u0027s Box","Toolbox","Akabeko","Red Mask"],"acts_visited":[],"potions_floor_usage":[],"damage_taken":[{"damage":16.0,"enemies":"Jaw Worm","floor":1.0,"turns":3.0},{"damage":0.0,"enemies":"Small Slimes","floor":2.0,"turns":4.0},{"damage":17.0,"enemies":"2 Louse","floor":3.0,"turns":3.0},{"damage":9.0,"enemies":"2 Fungi Beasts","floor":4.0,"turns":4.0},{"damage":9.0,"enemies":"3 Sentries","floor":6.0,"turns":4.0},{"damage":2.0,"enemies":"Lagavulin","floor":11.0,"turns":7.0},{"damage":14.0,"enemies":"Large Slime","floor":13.0,"turns":5.0},{"damage":9.0,"enemies":"3 Sentries","floor":14.0,"turns":3.0},{"damage":26.0,"enemies":"Slime Boss","floor":16.0,"turns":9.0},{"damage":31.0,"enemies":"Spheric Guardian","floor":18.0,"turns":6.0},{"damage":1.0,"enemies":"2 Thieves","floor":20.0,"turns":1.0},{"damage":9.0,"enemies":"Cultist and Chosen","floor":21.0,"turns":3.0},{"damage":7.0,"enemies":"Book of Stabbing","floor":23.0,"turns":3.0},{"damage":38.0,"enemies":"Slavers","floor":25.0,"turns":4.0},{"damage":13.0,"enemies":"Masked Bandits","floor":27.0,"turns":3.0}],"seed_played":"-3407885361675790649","potions_obtained":[{"floor":3.0,"key":"SmokeBomb"},{"floor":4.0,"key":"Block Potion"},{"floor":13.0,"key":"SpeedPotion"},{"floor":16.0,"key":"Strength Potion"},{"floor":18.0,"key":"Weak Potion"},{"floor":21.0,"key":"Ancient Potion"}],"is_trial":true,"path_per_floor":["M","M","M","M","$","E","?","R","T","R","E","R","M","E","R","B",null,"M","?","M","M","$","E","R","E","T","?"],"character_chosen":"IRONCLAD","items_purchased":["testmod-LifeArmor","Toolbox"],"campfire_rested":0,"item_purchase_floors":[5,22],"current_hp_per_floor":[70,76,65,62,62,59,39,39,39,39,43,43,35,32,32,37,80,57,57,53,52,52,53,53,21,21,14,14],"gold":282,"neow_bonus":"","is_daily":false,"chose_seed":false,"campfire_upgraded":5,"win_rate":0.0,"timestamp":1608783907,"path_taken":["M","M","M","M","$","E","?","R","T","R","E","R","M","E","R","BOSS","M","?","M","M","$","E","R","E","T","?"],"items_purchased_type":["Relic","Relic"],"build_version":"2020-12-22","purchased_purges":2,"victory":false,"max_hp_per_floor":[80,80,80,80,80,80,80,80,80,80,80,80,80,80,80,80,80,82,82,82,84,84,86,86,86,86,86,86],"card_choices":[{"not_picked":["Thunderclap","Iron Wave"],"picked":"Fire Breathing","floor":1.0},{"not_picked":["Reckless Charge","Sever Soul"],"picked":"AT_ShrugMaster","floor":2.0},{"not_picked":["Intimidate","Shrug It Off","Anger"],"picked":"SKIP","floor":3.0},{"not_picked":["Warcry","Juggernaut","Havoc"],"picked":"SKIP","floor":4.0},{"not_picked":["Sever Soul","AT_IchimonjiDouble"],"picked":"Immolate","floor":6.0},{"not_picked":["Disarm","Twin Strike","Cleave"],"picked":"SKIP","floor":11.0},{"not_picked":["Flex","Cleave","Perfected Strike"],"picked":"SKIP","floor":13.0},{"not_picked":["Twin Strike","Bludgeon","Sword Boomerang"],"picked":"SKIP","floor":14.0},{"not_picked":["Juggernaut","Impervious"],"picked":"Corruption","floor":16.0},{"not_picked":["Havoc","Anger"],"picked":"Dark Embrace","floor":18.0},{"not_picked":["Thunderclap","AT_GerminateFire+1"],"picked":"Feel No Pain","floor":21.0},{"not_picked":["Dropkick","Armaments","Cleave"],"picked":"SKIP","floor":23.0},{"not_picked":["Headbutt+1","Metallicize+1"],"picked":"Wild Strike","floor":25.0}],"player_experience":58976,"relics_obtained":[{"floor":6.0,"key":"testmod-BouquetWithThorns"},{"floor":9.0,"key":"Ornamental Fan"},{"floor":11.0,"key":"testmod-Acrobat"},{"floor":14.0,"key":"Pantograph"},{"floor":23.0,"key":"Akabeko"},{"floor":25.0,"key":"testmod-OneHitWonder"},{"floor":26.0,"key":"REME_IWantAll"},{"floor":27,"key":"Red Mask"}],"event_choices":[{"damage_healed":0.0,"max_hp_gain":0.0,"max_hp_loss":0.0,"gold_gain":0.0,"event_name":"Golden Idol","player_choice":"Take Damage","floor":7.0,"gold_loss":0.0,"damage_taken":20.0,"relics_obtained":["Golden Idol"]},{"damage_healed":0.0,"max_hp_gain":0.0,"max_hp_loss":0.0,"gold_gain":0.0,"event_name":"The Mausoleum","player_choice":"Ignored","floor":19.0,"gold_loss":0.0,"damage_taken":0.0},{"damage_healed":0.0,"max_hp_gain":0.0,"max_hp_loss":0.0,"gold_gain":0.0,"event_name":"Masked Bandits","player_choice":"Fought Bandits","floor":27.0,"gold_loss":0.0,"damage_taken":0.0}],"is_beta":false,"boss_relics":[{"not_picked":["SlaversCollar","Runic Pyramid"],"picked":"Pandora\u0027s Box"}],"items_purged_floors":[5,22],"is_endless":true,"potions_floor_spawned":[3,4,13,16,18,21],"ascension_level":0}}