{"host":"zxkjcgzis4pm3za5","time":1608819489,"event":{"mods":["AchievementEnabler","BaseMod","Colored Map","Colored Powertips","Minty Spire (QoL Compilation)","Quick Restart","RNG Fix","Random Character Button","StSLib"],"gold_per_floor":[116,126,51,51,51,80,155,155,237,262,262,293,310,310,310,436,436,450,464,487,512,169,169,207,207,253,265,311,347,359,296,308,320,320],"floor_reached":33,"playtime":1798,"items_purged":["Strike_P","Strike_P"],"score":509,"play_id":"7bf1fef5-e63e-4bee-9b69-6c8c95af1f7a","local_time":"20201224194809","is_ascension_mode":true,"campfire_choices":[{"data":"Eruption","floor":8.0,"key":"SMITH"},{"data":"TalkToTheHand","floor":11.0,"key":"SMITH"},{"data":"Devotion","floor":15.0,"key":"SMITH"},{"floor":23.0,"key":"REST"},{"data":"Prostrate","floor":25.0,"key":"SMITH"},{"data":"SashWhip","floor":27.0,"key":"SMITH"},{"floor":32,"key":"REST"}],"circlet_count":0,"master_deck":["Strike_P","Defend_P","Defend_P","Defend_P","Eruption+1","Vigilance","FearNoEvil","SashWhip+1","Consecrate","TalkToTheHand+1","Halt","Devotion+1","Brilliance","LikeWater+1","Prostrate+1","EmptyBody","Wallop","BowlingBash+1","InnerPeace+1"],"relics":["PureWater","NeowsBlessing","Pantograph","Letter Opener","Strawberry","Golden Idol","Sozu","Yang","Potion Belt","MawBank","CloakClasp"],"acts_visited":["Exordium","TheCity"],"potions_floor_usage":[29],"damage_taken":[{"damage":0.0,"enemies":"2 Louse","floor":1.0,"turns":1.0},{"damage":0.0,"enemies":"Cultist","floor":2.0,"turns":1.0},{"damage":0.0,"enemies":"Gremlin Nob","floor":6.0,"turns":1.0},{"damage":25.0,"enemies":"3 Sentries","floor":10.0,"turns":6.0},{"damage":19.0,"enemies":"Lagavulin","floor":12.0,"turns":5.0},{"damage":0.0,"enemies":"Small Slimes","floor":13.0,"turns":2.0},{"damage":27.0,"enemies":"The Guardian","floor":16.0,"turns":9.0},{"damage":8.0,"enemies":"Shell Parasite","floor":18.0,"turns":5.0},{"damage":11.0,"enemies":"3 Byrds","floor":19.0,"turns":6.0},{"damage":12.0,"enemies":"Sentry and Sphere","floor":20.0,"turns":5.0},{"damage":4.0,"enemies":"Snecko","floor":21.0,"turns":7.0},{"damage":4.0,"enemies":"Book of Stabbing","floor":24.0,"turns":6.0},{"damage":31.0,"enemies":"Gremlin Leader","floor":28.0,"turns":9.0},{"damage":7,"enemies":"Centurion and Healer","floor":29,"turns":5},{"damage":64,"enemies":"Automaton","floor":33,"turns":8}],"seed_played":"5028567607780765637","potions_obtained":[{"floor":6.0,"key":"Dexterity Potion"},{"floor":10.0,"key":"AttackPotion"}],"is_trial":false,"path_per_floor":["M","M","$","?","?","E","?","R","T","E","R","E","M","?","R","B",null,"M","M","M","M","$","R","E","R","T","R","E","M","$","?","R","B"],"character_chosen":"WATCHER","items_purchased":["Yang"],"campfire_rested":2,"item_purchase_floors":[22],"current_hp_per_floor":[65,65,65,65,65,65,54,54,54,29,29,17,17,17,17,15,59,51,40,28,24,24,45,41,41,41,41,10,3,3,3,24,0,0],"gold":320,"neow_bonus":"THREE_ENEMY_KILL","is_daily":false,"chose_seed":false,"campfire_upgraded":5,"win_rate":0.0,"timestamp":1608819489,"path_taken":["M","?","$","?","?","E","?","R","T","E","R","E","M","?","R","BOSS","M","M","M","M","$","R","E","R","T","R","E","M","$","?","R","BOSS"],"items_purchased_type":["Relic"],"build_version":"2020-12-22","purchased_purges":2,"victory":false,"max_hp_per_floor":[72,72,72,72,72,72,72,72,72,72,72,79,79,73,73,73,73,73,73,73,73,73,73,73,73,73,73,73,73,73,73,73,73,73],"card_choices":[{"not_picked":["InnerPeace","Prostrate"],"picked":"FearNoEvil","floor":1.0},{"not_picked":["CutThroughFate","FlyingSleeves"],"picked":"SashWhip","floor":2.0},{"not_picked":["Vengeance","Crescendo"],"picked":"Consecrate","floor":6.0},{"not_picked":["Evaluate","Perseverance"],"picked":"TalkToTheHand","floor":10.0},{"not_picked":["Crescendo","Indignation"],"picked":"Halt","floor":12.0},{"not_picked":["SignatureMove","CutThroughFate"],"picked":"Devotion","floor":13.0},{"not_picked":["Establishment","Alpha"],"picked":"Brilliance","floor":16.0},{"not_picked":["BowlingBash+1","InnerPeace"],"picked":"LikeWater+1","floor":18.0},{"not_picked":["Halt","Swivel+1"],"picked":"Prostrate","floor":19.0},{"not_picked":["Halt","FearNoEvil"],"picked":"EmptyBody","floor":20.0},{"not_picked":["SashWhip+1","Crescendo"],"picked":"Wallop","floor":21.0},{"not_picked":["LikeWater","Swivel","Halt"],"picked":"SKIP","floor":24.0},{"not_picked":["Crescendo","SashWhip+1"],"picked":"BowlingBash+1","floor":28.0},{"not_picked":["Nirvana","Study"],"picked":"InnerPeace+1","floor":29}],"player_experience":134961,"relics_obtained":[{"floor":6.0,"key":"Pantograph"},{"floor":10.0,"key":"Letter Opener"},{"floor":12.0,"key":"Strawberry"},{"floor":24.0,"key":"Potion Belt"},{"floor":26.0,"key":"MawBank"},{"floor":28.0,"key":"CloakClasp"}],"event_choices":[{"cards_removed":["Defend_P"],"damage_healed":0.0,"max_hp_gain":0.0,"max_hp_loss":0.0,"gold_gain":0.0,"event_name":"Bonfire Elementals","player_choice":"Offered Basic","floor":4.0,"gold_loss":0.0,"damage_taken":0.0},{"damage_healed":0.0,"max_hp_gain":0.0,"max_hp_loss":0.0,"gold_gain":0.0,"event_name":"Liars Game","player_choice":"Ignored","floor":5.0,"gold_loss":0.0,"damage_taken":0.0},{"damage_healed":0.0,"max_hp_gain":0.0,"max_hp_loss":0.0,"gold_gain":75.0,"event_name":"World of Goop","player_choice":"Gather Gold","floor":7.0,"gold_loss":0.0,"damage_taken":11.0},{"damage_healed":0.0,"max_hp_gain":0.0,"max_hp_loss":6.0,"gold_gain":0.0,"event_name":"Golden Idol","player_choice":"Lose Max HP","floor":14.0,"gold_loss":0.0,"damage_taken":0.0,"relics_obtained":["Golden Idol"]},{"cards_removed":["Strike_P"],"damage_healed":0,"gold_gain":0,"player_choice":"Gave Gold","damage_taken":0,"max_hp_gain":0,"max_hp_loss":0,"event_name":"Beggar","floor":31,"gold_loss":75}],"is_beta":false,"boss_relics":[{"not_picked":["SacredBark","Ectoplasm"],"picked":"Sozu"}],"items_purged_floors":[3,22],"is_endless":false,"potions_floor_spawned":[6,10,19,20,21,29],"killed_by":"Automaton","ascension_level":9}}