{"host":"v0dnu0zs4qo0v13s","time":1608786397,"event":{"mods":["BaseMod","Colored Map","Colored Powertips","Minty Spire (QoL Compilation)","Relic Stats","StSLib","SuperFastMode","everything is the same but u backflip on backflip"],"gold_per_floor":[12,28,28,43,59,59,69,69,69,84,9,9,9,19,19,98,98,108,8,21,21,21,21,41,72,72,72,99,99,99,114,114,114,114],"floor_reached":33,"playtime":1619,"items_purged":["Strike_R","Strike_R"],"score":485,"play_id":"5f6387db-64ba-493d-8d14-9e163df93db0","local_time":"20201224000637","is_ascension_mode":true,"campfire_choices":[{"data":"Bludgeon","floor":6.0,"key":"SMITH"},{"data":"Evolve","floor":8.0,"key":"SMITH"},{"data":"True Grit","floor":15.0,"key":"SMITH"},{"floor":23.0,"key":"REST"},{"floor":27.0,"key":"REST"},{"data":"Uppercut","floor":32.0,"key":"SMITH"}],"circlet_count":0,"master_deck":["AscendersBane","Defend_R","Defend_R","Defend_R","Bludgeon+1","Pummel","Second Wind","Wild Strike","Heavy Blade","Evolve+1","Inflame","True Grit+1","Shockwave","Offering","Dual Wield","Bloodletting","Warcry","Pummel","Uppercut+1"],"relics":["Burning Blood","Eternal Feather","Meat on the Bone","Mark of Pain","HornCleat","Charon\u0027s Ashes","Singing Bowl"],"acts_visited":["Exordium","TheCity"],"potions_floor_usage":[],"damage_taken":[{"damage":6.0,"enemies":"2 Louse","floor":1.0,"turns":3.0},{"damage":0.0,"enemies":"Small Slimes","floor":2.0,"turns":3.0},{"damage":7.0,"enemies":"Jaw Worm","floor":4.0,"turns":2.0},{"damage":3.0,"enemies":"2 Fungi Beasts","floor":5.0,"turns":4.0},{"damage":20.0,"enemies":"Gremlin Gang","floor":7.0,"turns":6.0},{"damage":9.0,"enemies":"Red Slaver","floor":10.0,"turns":2.0},{"damage":9.0,"enemies":"3 Louse","floor":14.0,"turns":4.0},{"damage":39.0,"enemies":"Slime Boss","floor":16.0,"turns":11.0},{"damage":29.0,"enemies":"Shell Parasite","floor":18.0,"turns":4.0},{"damage":13.0,"enemies":"3 Byrds","floor":20.0,"turns":7.0},{"damage":12.0,"enemies":"Shelled Parasite and Fungi","floor":24.0,"turns":3.0},{"damage":36.0,"enemies":"Book of Stabbing","floor":25.0,"turns":4.0},{"damage":37.0,"enemies":"Gremlin Leader","floor":28.0,"turns":4.0},{"damage":6.0,"enemies":"3 Cultists","floor":31.0,"turns":3.0},{"damage":59,"enemies":"Champ","floor":33,"turns":10}],"seed_played":"140863692890710839","potions_obtained":[{"floor":1.0,"key":"DuplicationPotion"},{"floor":4.0,"key":"HeartOfIron"},{"floor":16.0,"key":"Energy Potion"},{"floor":28.0,"key":"Energy Potion"}],"is_trial":false,"path_per_floor":["M","M","?","M","M","R","M","R","T","M","$","?","?","M","R","B",null,"M","$","M","?","?","R","M","E","T","R","E","$","?","M","R","B"],"character_chosen":"IRONCLAD","items_purchased":[],"campfire_rested":2,"item_purchase_floors":[],"current_hp_per_floor":[68,74,74,73,75,75,61,61,61,58,58,47,52,49,58,37,69,58,58,51,28,28,62,56,38,38,72,53,53,53,55,64,5,5],"gold":114,"neow_bonus":"TRANSFORM_TWO_CARDS","is_daily":false,"chose_seed":false,"campfire_upgraded":4,"win_rate":0.0,"timestamp":1608786397,"path_taken":["M","M","?","M","M","R","M","R","T","M","$","?","?","M","R","BOSS","M","$","M","?","?","R","?","E","T","R","E","?","?","?","R","BOSS"],"items_purchased_type":[],"build_version":"2020-12-22","purchased_purges":2,"victory":false,"max_hp_per_floor":[75,75,75,75,75,75,75,75,75,75,75,75,80,80,80,80,80,80,80,80,85,85,85,85,85,85,85,85,85,85,87,87,87,87],"relic_stats":{"Singing Bowl":2,"counters":[15,70],"Eternal Feather":36,"Charon\u0027s Ashes":[136],"obtain_stats":[{"HornCleat":25,"Singing Bowl":28,"Eternal Feather":9,"Mark of Pain":17,"Charon\u0027s Ashes":26,"Burning Blood":0,"Meat on the Bone":12},{"HornCleat":12,"Singing Bowl":13,"Eternal Feather":5,"Mark of Pain":8,"Charon\u0027s Ashes":12,"Burning Blood":0,"Meat on the Bone":6},{"HornCleat":53,"Singing Bowl":57,"Eternal Feather":18,"Mark of Pain":35,"Charon\u0027s Ashes":53,"Burning Blood":0,"Meat on the Bone":20}],"Burning Blood":83,"Meat on the Bone":48},"card_choices":[{"not_picked":["Clash","Warcry"],"picked":"Second Wind","floor":1.0},{"not_picked":["Flex","Twin Strike"],"picked":"Wild Strike","floor":2.0},{"not_picked":["Body Slam","Havoc","Cleave"],"picked":"SKIP","floor":4.0},{"not_picked":["Headbutt","Sword Boomerang"],"picked":"Evolve","floor":5.0},{"not_picked":["Dark Embrace","Spot Weakness"],"picked":"Inflame","floor":7.0},{"not_picked":["Shockwave","Clash"],"picked":"True Grit","floor":10.0},{"not_picked":["Havoc","Cleave"],"picked":"Shockwave","floor":14.0},{"not_picked":["Exhume","Immolate"],"picked":"Offering","floor":16.0},{"not_picked":["Seeing Red","Twin Strike"],"picked":"Dual Wield","floor":18.0},{"not_picked":["Pommel Strike+1","Searing Blow","Wild Strike"],"picked":"SKIP","floor":20.0},{"not_picked":["Uppercut","Entrench","Battle Trance"],"picked":"SKIP","floor":24.0},{"not_picked":["Perfected Strike","Pommel Strike"],"picked":"Warcry","floor":25.0},{"not_picked":["Heavy Blade","Iron Wave"],"picked":"Pummel","floor":28.0},{"not_picked":["Flex","Rage","Wild Strike"],"picked":"Singing Bowl","floor":31.0}],"player_experience":640509,"relics_obtained":[{"floor":9.0,"key":"Eternal Feather"},{"floor":25.0,"key":"HornCleat"},{"floor":26.0,"key":"Charon\u0027s Ashes"},{"floor":28.0,"key":"Singing Bowl"}],"event_choices":[{"damage_healed":0.0,"max_hp_gain":0.0,"max_hp_loss":0.0,"gold_gain":0.0,"cards_transformed":["Strike_R"],"event_name":"Living Wall","player_choice":"Change","floor":3.0,"gold_loss":0.0,"damage_taken":0.0,"cards_obtained":["Heavy Blade"]},{"damage_healed":0.0,"max_hp_gain":0.0,"max_hp_loss":0.0,"gold_gain":0.0,"event_name":"Scrap Ooze","player_choice":"Success","floor":12.0,"gold_loss":0.0,"damage_taken":11.0,"relics_obtained":["Meat on the Bone"]},{"damage_healed":0.0,"max_hp_gain":5.0,"max_hp_loss":0.0,"gold_gain":0.0,"event_name":"Big Fish","player_choice":"Donut","floor":13.0,"gold_loss":0.0,"damage_taken":0.0},{"damage_healed":0.0,"max_hp_gain":5.0,"max_hp_loss":0.0,"gold_gain":0.0,"event_name":"Forgotten Altar","player_choice":"Shed Blood","floor":21.0,"gold_loss":0.0,"damage_taken":28.0},{"damage_healed":0.0,"max_hp_gain":0.0,"max_hp_loss":0.0,"gold_gain":0.0,"cards_transformed":["Defend_R"],"event_name":"Transmorgrifier","player_choice":"Transformed","floor":22.0,"gold_loss":0.0,"damage_taken":0.0,"cards_obtained":["Bloodletting"]},{"damage_healed":0.0,"max_hp_gain":0.0,"max_hp_loss":0.0,"gold_gain":0.0,"cards_transformed":["Bash"],"event_name":"Transmorgrifier","player_choice":"Transformed","floor":30.0,"gold_loss":0.0,"damage_taken":0.0,"cards_obtained":["Uppercut"]}],"is_beta":false,"boss_relics":[{"not_picked":["Sozu","Black Star"],"picked":"Mark of Pain"}],"items_purged_floors":[11,19],"is_endless":false,"potions_floor_spawned":[1,4,16,18,28],"killed_by":"Champ","ascension_level":15}}