{"host":"ssbj2e5691x5ub3h","time":1608825569,"event":{"mods":["BaseMod","Duelist Mod","Minty Spire (QoL Compilation)","StSLib"],"gold_per_floor":[140,140,140,140,65,92,112,122,122,72,72,90,118,134,134,232,232,252,232,232,250,263,290,290,290,365,379,37,37,49,94,94,198,198,213,226,241,105,118,118,151,151,151,169,169,187,202,77,77,77],"floor_reached":51,"playtime":4142,"items_purged":["Regret","theDuelist:TurretWarrior+1","theDuelist:ExodiaRL"],"score":881,"play_id":"65ffcc98-0cf6-4b03-8adb-1a38c19bb4af","local_time":"20201224135929","is_ascension_mode":true,"campfire_choices":[{"data":"theDuelist:SpellShatteringArrow","floor":11,"key":"SMITH"},{"data":"theDuelist:FrontierWiseman","floor":15,"key":"SMITH"},{"floor":24,"key":"RECALL"},{"floor":29,"key":"REST"},{"floor":32,"key":"REST"},{"floor":40,"key":"REST"},{"floor":49,"key":"REST"}],"circlet_count":0,"master_deck":["theDuelist:CastleWalls","theDuelist:CastleWalls","theDuelist:MysticalElf","theDuelist:MysticalElf","theDuelist:NeoMagic","theDuelist:NeoMagic","theDuelist:Sparks","theDuelist:Sparks","theDuelist:Sparks","theDuelist:GeminiElf+1","theDuelist:MythicalBeast","theDuelist:SpellShatteringArrow+1","theDuelist:FrontierWiseman+1","theDuelist:WhiteMagicalHat","theDuelist:SkilledDarkMagician","theDuelist:ThousandEyesRestrict","theDuelist:IceQueen","theDuelist:BlizzardPrincess","theDuelist:BookSecret","theDuelist:InvitationDarkSleep","theDuelist:SwordsRevealing","theDuelist:GrandSpellbookTower","theDuelist:DarkMagicianGirl+1","theDuelist:PowerKaishin+1","theDuelist:AncientElf+1","theDuelist:GateGuardian","theDuelist:GiantTrunade","theDuelist:InariFire+1","theDuelist:DarkMagician+1","theDuelist:InjectionFairy+1","theDuelist:DarkHorizon"],"relics":["theDuelist:MillenniumPuzzle","theDuelist:CardPoolRelic","theDuelist:CardPoolBasicRelic","theDuelist:BoosterPackPoolRelic","theDuelist:CardPoolAddRelic","theDuelist:CardPoolMinusRelic","theDuelist:CardPoolSaveRelic","theDuelist:CardPoolOptionsRelic","theDuelist:MetronomeRelicD","theDuelist:MillenniumScale","theDuelist:DuelistTeaSet","Red Skull","theDuelist:DuelistUrn","Fusion Hammer","Art of War","Matryoshka","theDuelist:InversionRelic","theDuelist:ElectricBurst","theDuelist:BoosterPackMonsterEgg","Ginger","Philosopher\u0027s Stone","Ancient Tea Set","theDuelist:MillenniumRing","Ice Cream"],"acts_visited":["Exordium","TheCity","TheBeyond"],"potions_floor_usage":[6,16,16,16,27,31,33,39,50,50],"damage_taken":[{"damage":0,"enemies":"Jaw Worm","floor":1,"turns":3},{"damage":2,"enemies":"Lagavulin","floor":6,"turns":7},{"damage":0,"enemies":"2 Louse","floor":7,"turns":2},{"damage":0,"enemies":"Small Slimes","floor":8,"turns":4},{"damage":6,"enemies":"Exordium Wildlife","floor":12,"turns":6},{"damage":0,"enemies":"Gremlin Nob","floor":13,"turns":5},{"damage":0,"enemies":"3 Louse","floor":14,"turns":4},{"damage":15,"enemies":"Hexaghost","floor":16,"turns":10},{"damage":0,"enemies":"Spheric Guardian","floor":18,"turns":4},{"damage":7,"enemies":"2 Thieves","floor":21,"turns":4},{"damage":4,"enemies":"Cultist and Chosen","floor":22,"turns":7},{"damage":0,"enemies":"theDuelist:KaibaA2","floor":23,"turns":6},{"damage":0,"enemies":"Snecko","floor":27,"turns":6},{"damage":0,"enemies":"Sentry and Sphere","floor":30,"turns":8},{"damage":39,"enemies":"Sentry and Sphere","floor":31,"turns":10},{"damage":45,"enemies":"Champ","floor":33,"turns":14},{"damage":40,"enemies":"3 Shapes","floor":35,"turns":4},{"damage":12,"enemies":"Orb Walker","floor":36,"turns":3},{"damage":0,"enemies":"Spire Growth","floor":37,"turns":5},{"damage":7,"enemies":"3 Darklings","floor":39,"turns":7},{"damage":21,"enemies":"Nemesis","floor":41,"turns":7},{"damage":0,"enemies":"Maw","floor":44,"turns":5},{"damage":4,"enemies":"Sphere and 2 Shapes","floor":46,"turns":6},{"damage":0,"enemies":"Spire Growth","floor":47,"turns":4},{"damage":11,"enemies":"Awakened One","floor":50,"turns":11}],"seed_played":"8866836850635545697","potions_obtained":[{"floor":0,"key":"Regen Potion"},{"floor":0,"key":"theDuelist:TokenPotionB"},{"floor":0,"key":"EssenceOfDarkness"},{"floor":6,"key":"BlessingOfTheForge"},{"floor":13,"key":"FocusPotion"},{"floor":16,"key":"GamblersBrew"},{"floor":19,"key":"theDuelist:EarthBottle"},{"floor":23,"key":"theDuelist:BigTributeBottle"},{"floor":27,"key":"theDuelist:WhiteBottle"},{"floor":30,"key":"theDuelist:VoidBottle"},{"floor":36,"key":"EssenceOfDarkness"},{"floor":37,"key":"Regen Potion"},{"floor":39,"key":"FocusPotion"}],"is_trial":false,"path_per_floor":["M","?","?","?","$","E","M","M","T","?","R","M","E","M","R","B",null,"M","?","$","M","M","E","R","?","T","M","$","R","M","?","R","B",null,"M","M","M","$","M","R","E","?","T","M","?","M","M","$","R","B",null],"character_chosen":"THE_DUELIST","items_purchased":["theDuelist:InversionRelic","theDuelist:GateGuardian"],"campfire_rested":4,"item_purchase_floors":[28,38],"current_hp_per_floor":[80,80,80,80,80,78,78,78,78,78,78,72,72,72,72,76,80,80,80,80,73,76,80,80,72,72,72,72,80,80,43,67,30,80,40,32,36,36,52,76,57,57,57,59,59,57,65,65,80,80],"gold":77,"neow_bonus":"THREE_SMALL_POTIONS","is_daily":false,"chose_seed":false,"campfire_upgraded":2,"win_rate":0.0,"timestamp":1608825569,"path_taken":["M","?","?","?","$","E","M","M","T","?","R","M","E","?","R","BOSS","M","?","?","M","M","E","R","?","T","M","?","R","M","?","R","BOSS","M","M","M","$","M","R","E","?","T","?","?","?","M","$","R","BOSS"],"items_purchased_type":["Relic","Card"],"build_version":"2020-12-22","purchased_purges":3,"victory":true,"max_hp_per_floor":[80,80,80,80,80,80,80,80,80,80,80,80,80,80,80,80,80,80,80,80,80,80,80,80,80,80,80,80,80,80,80,80,80,80,80,80,80,80,80,80,80,80,80,80,80,80,80,80,80,80],"card_choices":[{"not_picked":["theDuelist:ExodiaLL","theDuelist:CosmoBrain","theDuelist:SangaEarth","theDuelist:FogKing"],"picked":"theDuelist:GeminiElf","floor":1},{"not_picked":["theDuelist:NeoMagic","theDuelist:InjectionFairy","theDuelist:MagicalBlast","theDuelist:LegendaryFlameLord"],"picked":"theDuelist:MythicalBeast","floor":6},{"not_picked":["theDuelist:NeoMagic","theDuelist:FlyingSaucer","theDuelist:GeminiElf","theDuelist:LordD"],"picked":"theDuelist:SpellShatteringArrow","floor":7},{"not_picked":["theDuelist:BlizzardWarrior","theDuelist:SangaThunder","theDuelist:ExodiaLL","theDuelist:LordD"],"picked":"theDuelist:FrontierWiseman","floor":8},{"not_picked":["theDuelist:SpellShatteringArrow","theDuelist:ExodiaLL","theDuelist:SpiritHarp","theDuelist:CharcoalInpachi"],"picked":"theDuelist:WhiteMagicalHat","floor":12},{"not_picked":["theDuelist:ContractExodia","theDuelist:ExodiaRL","theDuelist:ExodiaLL","theDuelist:ExodiaLA","theDuelist:ExodiaHead"],"picked":"SKIP","floor":13},{"not_picked":["theDuelist:BlizzardWarrior","theDuelist:SangaThunder","theDuelist:SangaEarth","theDuelist:NeoMagic"],"picked":"theDuelist:SkilledDarkMagician","floor":14},{"not_picked":["theDuelist:ExodiaNecross","theDuelist:ExodiaHead","theDuelist:RainbowMagician","theDuelist:QueenDragunDjinn"],"picked":"theDuelist:ThousandEyesRestrict","floor":16},{"not_picked":["theDuelist:ExodiaNecross","theDuelist:ExodiaHead","theDuelist:SwordsRevealing","theDuelist:ThousandEyesRestrict"],"picked":"theDuelist:IceQueen","floor":18},{"not_picked":["theDuelist:ExodiaHead","theDuelist:Wildfire","theDuelist:IrisEarthMother"],"picked":"SKIP","floor":21},{"not_picked":["theDuelist:ExodiaLL","theDuelist:ApprenticeIllusionMagician","theDuelist:SpiritHarp+1","theDuelist:AncientElf+1"],"picked":"theDuelist:BlizzardPrincess","floor":22},{"not_picked":["theDuelist:WhiteHowling","theDuelist:VoidExpansion","theDuelist:StatueAnguishPattern","theDuelist:MindAir"],"picked":"SKIP","floor":23},{"not_picked":["theDuelist:FogKing+1","theDuelist:Illusionist","theDuelist:ExodiaLL","theDuelist:StatueAnguishPattern"],"picked":"theDuelist:BookSecret","floor":27},{"not_picked":["theDuelist:ThousandEyesIdol","theDuelist:SangaEarth","theDuelist:GuardianAngel","theDuelist:DarkMagicianGirl"],"picked":"theDuelist:InvitationDarkSleep","floor":30},{"not_picked":["theDuelist:ExodiaNecross","theDuelist:Wildfire","theDuelist:VoidVanishment","theDuelist:IceQueen"],"picked":"theDuelist:SwordsRevealing","floor":31},{"not_picked":["theDuelist:Wildfire","theDuelist:RainbowDarkDragon+1","theDuelist:SwordsRevealing+1","theDuelist:DarkPaladin+1"],"picked":"theDuelist:GrandSpellbookTower","floor":33},{"not_picked":["theDuelist:DarkMagician+1","theDuelist:Mudballman+1","theDuelist:OnslaughtFireKings+1","theDuelist:VoidExpansion"],"picked":"theDuelist:DarkMagicianGirl+1","floor":35},{"not_picked":["theDuelist:SangaThunder+1","theDuelist:Illusionist+1","theDuelist:ThousandEyesIdol+1","theDuelist:CallAtlanteans+1"],"picked":"theDuelist:PowerKaishin+1","floor":36},{"not_picked":["theDuelist:SangaThunder+1","theDuelist:WhiteMagicalHat+1","theDuelist:GeminiElf+1","theDuelist:InfernoFireBlast"],"picked":"theDuelist:AncientElf+1","floor":37},{"not_picked":["theDuelist:InfernoFireBlast+1","theDuelist:OnslaughtFireKings+1","theDuelist:MagiciansRod","theDuelist:MagiciansRobe"],"picked":"theDuelist:GiantTrunade","floor":39},{"not_picked":["theDuelist:StatueAnguishPattern+1","theDuelist:MindAir+1","theDuelist:BadReaction+1"],"picked":"theDuelist:InariFire+1","floor":41},{"not_picked":["theDuelist:NeoMagic+1","theDuelist:ExodiaRA+1","theDuelist:MagicalBlast","theDuelist:SangaEarth+1"],"picked":"theDuelist:DarkMagician+1","floor":44},{"not_picked":["theDuelist:NeoMagic+1","theDuelist:LordD+1","theDuelist:BlizzardWarrior+1","theDuelist:FogKing+1"],"picked":"theDuelist:InjectionFairy+1","floor":46},{"not_picked":["theDuelist:WhiteHowling","theDuelist:AltarTribute","theDuelist:Graverobber","theDuelist:BadReaction+1"],"picked":"theDuelist:DarkHorizon","floor":47}],"player_experience":202717,"relics_obtained":[{"floor":6,"key":"theDuelist:DuelistTeaSet"},{"floor":9,"key":"Red Skull"},{"floor":13,"key":"theDuelist:DuelistUrn"},{"floor":23,"key":"Art of War"},{"floor":26,"key":"Matryoshka"},{"floor":31,"key":"theDuelist:ElectricBurst"},{"floor":31,"key":"theDuelist:BoosterPackMonsterEgg"},{"floor":31,"key":"Ginger"},{"floor":41,"key":"Ancient Tea Set"},{"floor":43,"key":"theDuelist:MillenniumRing"},{"floor":43,"key":"Ice Cream"}],"event_choices":[{"damage_healed":0,"gold_gain":0,"player_choice":"Box","damage_taken":0,"relics_obtained":["theDuelist:MetronomeRelicD"],"max_hp_gain":0,"max_hp_loss":0,"event_name":"Big Fish","floor":2,"gold_loss":0,"cards_obtained":["Regret"]},{"damage_healed":0,"gold_gain":0,"player_choice":"Grow","damage_taken":0,"max_hp_gain":0,"max_hp_loss":0,"event_name":"Living Wall","floor":3,"gold_loss":0,"cards_upgraded":["theDuelist:GeminiElf"]},{"damage_healed":0,"gold_gain":0,"player_choice":"Took item - Received: Millennium Scale","duelist":true,"damage_taken":0,"max_hp_gain":0,"max_hp_loss":0,"event_name":"Millennium Items","floor":4,"gold_loss":0},{"cards_removed":["theDuelist:CurseAging"],"damage_healed":0,"gold_gain":0,"player_choice":"Card Removal","damage_taken":0,"max_hp_gain":0,"max_hp_loss":0,"event_name":"The Cleric","floor":10,"gold_loss":50},{"damage_healed":0,"gold_gain":0,"player_choice":"Bought 1 Potion","damage_taken":0,"max_hp_gain":0,"max_hp_loss":0,"event_name":"The Woman in Blue","floor":19,"gold_loss":0},{"power_reward":1,"total_magic_score":38,"gold_gain":0,"duelist":true,"damage_taken":8,"relics_obtained":[],"points":6,"max_hp_gain":0,"max_hp_loss":0,"spent_points":{"magic":0,"greed":1,"war":0,"power":1,"hunger":1},"event_name":"Nameless Tomb","floor":25,"gold_loss":0,"cards_obtained":["theDuelist:TurretWarrior"]},{"damage_healed":0,"gold_gain":0,"player_choice":"Fight","duelist":true,"damage_taken":0,"max_hp_gain":0,"max_hp_loss":0,"event_name":"Battle City","floor":31,"gold_loss":0},{"damage_healed":0,"gold_gain":0,"player_choice":"Ignored","damage_taken":0,"max_hp_gain":0,"max_hp_loss":0,"event_name":"SecretPortal","floor":42,"gold_loss":0},{"damage_healed":0,"gold_gain":0,"cards_transformed":["theDuelist:DarkMagician"],"player_choice":"Transformed","damage_taken":0,"max_hp_gain":0,"max_hp_loss":0,"event_name":"Transmorgrifier","floor":45,"gold_loss":0,"cards_obtained":["theDuelist:ExodiaRL"]}],"is_beta":false,"boss_relics":[{"not_picked":["Calling Bell","Black Star"],"picked":"Fusion Hammer"},{"not_picked":["Runic Dome","Pandora\u0027s Box"],"picked":"Philosopher\u0027s Stone"}],"items_purged_floors":[5,28,48],"is_endless":false,"potions_floor_spawned":[6,8,13,14,16,23,27,30,36,37,39,44],"ascension_level":4}}