{"host":"30jsp143e4v19aze","time":1608832878,"event":{"mods":["BaseMod","Colored Map","Colored Powertips","Curses Come First","DeckTracker","Highlight Path","Minty Spire (QoL Compilation)","Quick Restart","Relic Stats","StSLib","everything is the same but u backflip on backflip","slay the spire mod where everything is the same but ironclad has a cowboy hat"],"gold_per_floor":[112,112,128,128,147,147,147,177,229,243,255,274,274,299,299,377,377,394,410,426,8,24,24,51,51,51,78,78,78],"floor_reached":28,"playtime":728,"items_purged":[],"score":540,"play_id":"50836e1f-d75a-4bea-afdb-c3368913e12b","local_time":"20201224190118","is_ascension_mode":true,"campfire_choices":[{"data":"Bash","floor":6,"key":"SMITH"},{"data":"Rampage","floor":13,"key":"SMITH"},{"data":"Dual Wield","floor":15,"key":"SMITH"},{"floor":23,"key":"REST"},{"floor":25,"key":"REST"}],"circlet_count":0,"master_deck":["AscendersBane","Strike_R","Strike_R","Strike_R","Strike_R","Strike_R","Defend_R","Defend_R","Defend_R","Defend_R","Bash+1","Rampage+1","Dual Wield+1","Immolate","Disarm","Fiend Fire","Battle Trance","Evolve","Spot Weakness"],"relics":["Busted Crown","Bag of Marbles","Torii","Pocketwatch","Pen Nib","The Courier","Sozu","OrangePellets","Unceasing Top","Lantern"],"acts_visited":["Exordium","TheCity"],"potions_floor_usage":[14,16,27],"damage_taken":[{"damage":1,"enemies":"Small Slimes","floor":1,"turns":3},{"damage":0,"enemies":"Cultist","floor":3,"turns":3},{"damage":4,"enemies":"Jaw Worm","floor":5,"turns":3},{"damage":8,"enemies":"Gremlin Nob","floor":8,"turns":3},{"damage":8,"enemies":"Lots of Slimes","floor":10,"turns":5},{"damage":7,"enemies":"2 Fungi Beasts","floor":11,"turns":3},{"damage":7,"enemies":"Large Slime","floor":12,"turns":3},{"damage":13,"enemies":"3 Sentries","floor":14,"turns":6},{"damage":2,"enemies":"The Guardian","floor":16,"turns":8},{"damage":7,"enemies":"2 Thieves","floor":18,"turns":3},{"damage":20,"enemies":"Spheric Guardian","floor":19,"turns":4},{"damage":21,"enemies":"Snake Plant","floor":20,"turns":4},{"damage":0,"enemies":"3 Cultists","floor":22,"turns":1},{"damage":23,"enemies":"Slavers","floor":24,"turns":4},{"damage":40,"enemies":"Book of Stabbing","floor":27,"turns":4},{"damage":8,"enemies":"Colosseum Slavers","floor":28,"turns":2}],"seed_played":"4304482329817487056","potions_obtained":[{"floor":1,"key":"PowerPotion"},{"floor":11,"key":"BlessingOfTheForge"},{"floor":12,"key":"ColorlessPotion"},{"floor":14,"key":"BloodPotion"},{"floor":16,"key":"Ancient Potion"}],"is_trial":false,"path_per_floor":["M","?","M","$","M","R","?","E","T","M","M","M","R","E","R","B",null,"M","M","M","$","M","R","E","R","T","E","?"],"character_chosen":"IRONCLAD","items_purchased":["Fiend Fire","Battle Trance","Evolve","Spot Weakness","OrangePellets"],"campfire_rested":2,"item_purchase_floors":[21,21,21,21,21],"current_hp_per_floor":[67,67,67,67,63,63,58,50,50,42,35,28,28,15,15,13,60,53,33,12,12,12,34,11,33,33,8,0,0],"gold":78,"neow_bonus":"BOSS_RELIC","is_daily":false,"chose_seed":false,"campfire_upgraded":3,"win_rate":0.0,"timestamp":1608832878,"path_taken":["M","?","M","?","M","R","?","E","T","M","?","M","R","E","R","BOSS","M","M","?","$","M","R","E","R","T","E","?"],"items_purchased_type":["Card","Card","Card","Card","Relic"],"build_version":"2020-12-22","purchased_purges":0,"victory":false,"max_hp_per_floor":[75,75,75,75,75,75,75,75,75,75,75,75,75,75,75,75,75,75,75,75,75,75,75,75,75,75,75,75,75],"relic_stats":{"Sozu":2,"OrangePellets":[0],"Busted Crown":30,"Torii":23,"counters":[16,59],"Pen Nib":[10],"obtain_stats":[{"Sozu":17,"OrangePellets":21,"Lantern":27,"Busted Crown":0,"Torii":7,"Pen Nib":9,"The Courier":14,"Bag of Marbles":2,"Burning Blood":0,"Unceasing Top":24,"Pocketwatch":8},{"Sozu":9,"OrangePellets":12,"Lantern":15,"Busted Crown":0,"Torii":3,"Pen Nib":4,"The Courier":8,"Bag of Marbles":1,"Burning Blood":0,"Unceasing Top":14,"Pocketwatch":4},{"Sozu":37,"OrangePellets":48,"Lantern":57,"Busted Crown":0,"Torii":9,"Pen Nib":12,"The Courier":29,"Bag of Marbles":3,"Burning Blood":0,"Unceasing Top":53,"Pocketwatch":12}],"Unceasing Top":[0],"Pocketwatch":[33]},"card_choices":[{"not_picked":["Dark Embrace"],"picked":"SKIP","floor":1},{"not_picked":["Perfected Strike"],"picked":"SKIP","floor":3},{"not_picked":[],"picked":"Rampage","floor":5},{"not_picked":["Rupture"],"picked":"SKIP","floor":8},{"not_picked":["Warcry"],"picked":"SKIP","floor":10},{"not_picked":["Heavy Blade"],"picked":"SKIP","floor":11},{"not_picked":["Dark Embrace"],"picked":"SKIP","floor":12},{"not_picked":[],"picked":"Dual Wield","floor":14},{"not_picked":[],"picked":"Immolate","floor":16},{"not_picked":["Entrench"],"picked":"SKIP","floor":18},{"not_picked":[],"picked":"Disarm","floor":19},{"not_picked":["Warcry"],"picked":"SKIP","floor":20},{"not_picked":["Inflame"],"picked":"SKIP","floor":22},{"not_picked":["Spot Weakness"],"picked":"SKIP","floor":24},{"not_picked":["Entrench"],"picked":"SKIP","floor":27}],"player_experience":3155502,"relics_obtained":[{"floor":8,"key":"Pocketwatch"},{"floor":9,"key":"Pen Nib"},{"floor":14,"key":"The Courier"},{"floor":24,"key":"Unceasing Top"},{"floor":27,"key":"Lantern"}],"event_choices":[{"damage_healed":0,"gold_gain":0,"player_choice":"Gave Potion","damage_taken":0,"relics_obtained":["Bag of Marbles"],"max_hp_gain":0,"max_hp_loss":0,"event_name":"WeMeetAgain","floor":2,"gold_loss":0},{"damage_healed":0,"gold_gain":0,"player_choice":"Success","damage_taken":5,"relics_obtained":["Torii"],"max_hp_gain":0,"max_hp_loss":0,"event_name":"Scrap Ooze","floor":7,"gold_loss":0},{"damage_healed":0,"gold_gain":0,"player_choice":"Fight","damage_taken":0,"max_hp_gain":0,"max_hp_loss":0,"event_name":"Colosseum","floor":28,"gold_loss":0}],"is_beta":false,"boss_relics":[{"not_picked":["Runic Pyramid","Astrolabe"],"picked":"Sozu"}],"items_purged_floors":[],"is_endless":false,"potions_floor_spawned":[1,11,12,14,16,19,22],"killed_by":"Colosseum Slavers","ascension_level":20}}