{"host":"ds1yr10zonoc6w4a","time":1608830592,"event":{"mods":["2.2 Compatiblity","AchievementEnabler","Act Like it!","BaseMod","Downfall","Elementarium","Gensokyo","Infinite Spire","Jorbs\u0027s Wanderer Trilogy","Koishi","Menagerie","Minty Spire (QoL Compilation)","Pale of the Ancients","StSLib","The Animator","Wandering Minibosses","[IsaacMod]????"],"gold_per_floor":[129,129,129,129,155,185,260,280,280,299,81,108,108,142,142,142,142],"floor_reached":16,"playtime":1567,"items_purged":["animator:Defend"],"score":215,"play_id":"acdac22b-d454-4afa-9b0d-150743534bec","local_time":"20201224102312","is_ascension_mode":true,"campfire_choices":[{"floor":13,"key":"REST"},{"data":"animator:PandorasActor","floor":15,"key":"SMITH"}],"circlet_count":0,"master_deck":["AscendersBane","animator:Strike_Elsword","animator:Defend_Elsword","animator:Strike","animator:Strike+1","animator:Strike","animator:Defend","animator:Defend+1","animator:Chung","animator:Raven","animator:Saitama","infinitespire:NeuralNetwork","animator:Elsword","animator:PandorasActor+1","animator:Eve","animator:ChaikaTrabant","animator:Ciel","animator:Viivi","animator:Sebas"],"relics":["animator:LivingPicture","animator:TheMissingPiece","HushsDoor","animator:PurgingStone","animator:PurgingStone","animator:PurgingStone","NeowsBlessing","SteamSale","Shuriken","Bottled Tornado","Potion Belt","Frozen Eye","White Beast Statue","Anchor"],"acts_visited":["Exordium"],"potions_floor_usage":[8,14,16],"damage_taken":[{"damage":0,"enemies":"2 Louse","floor":1,"turns":1},{"damage":0,"enemies":"Jaw Worm","floor":5,"turns":1},{"damage":0,"enemies":"Lagavulin","floor":6,"turns":2},{"damage":0,"enemies":"Small Slimes","floor":8,"turns":4},{"damage":1,"enemies":"Blue Slaver","floor":10,"turns":5},{"damage":13,"enemies":"3 Sentries","floor":12,"turns":7},{"damage":2,"enemies":"Lagavulin","floor":14,"turns":6},{"damage":25,"enemies":"Slime Boss","floor":16,"turns":7}],"seed_played":"-1758956506551590697","potions_obtained":[{"floor":6,"key":"Fire Potion"},{"floor":10,"key":"FearPotion"},{"floor":12,"key":"CultistPotion"},{"floor":14,"key":"Weak Potion"}],"is_trial":false,"path_per_floor":["M","?","?","T","M","E","?","M","T","M","$","E","R","E","R","B"],"character_chosen":"THE_ANIMATOR","items_purchased":["animator:Ciel","Potion Belt","Frozen Eye"],"campfire_rested":1,"item_purchase_floors":[11,11,11],"current_hp_per_floor":[59,44,31,31,31,31,20,21,21,20,20,7,27,25,25,0,0],"gold":142,"neow_bonus":"THREE_ENEMY_KILL","is_daily":false,"chose_seed":false,"campfire_upgraded":1,"win_rate":0.0,"timestamp":1608830592,"path_taken":["M","?","?","?","M","E","?","?","T","M","$","E","R","E","R","BOSS"],"items_purchased_type":["Card","Relic","Relic"],"build_version":"2020-12-22","purchased_purges":1,"victory":false,"max_hp_per_floor":[66,66,66,66,66,66,66,67,67,67,67,67,67,67,67,67,67],"card_choices":[{"not_picked":["animator:Sonic","animator:Megumin"],"picked":"animator:Saitama","floor":1},{"not_picked":["infinitespire:SevenWalls","infinitespire:SealOfDarkness+"],"picked":"infinitespire:NeuralNetwork","floor":2},{"not_picked":["animator:ShinjiMatou","animator:Azekura"],"picked":"animator:Elsword","floor":5},{"not_picked":["animator:Azekura","animator:ElricAlphonse"],"picked":"animator:PandorasActor","floor":6},{"not_picked":["animator:Rena","animator:Chung"],"picked":"animator:Eve","floor":8},{"not_picked":["animator:Lu","animator:SilverFang"],"picked":"animator:ChaikaTrabant","floor":10},{"not_picked":["animator:Konayuki","animator:Benimaru"],"picked":"animator:Viivi","floor":12},{"not_picked":["animator:Illya","animator:Gillette"],"picked":"animator:Sebas","floor":14}],"player_experience":510646,"relics_obtained":[{"floor":6,"key":"Shuriken"},{"floor":9,"key":"Bottled Tornado"},{"floor":12,"key":"White Beast Statue"},{"floor":14,"key":"Anchor"}],"event_choices":[{"damage_healed":0,"gold_gain":0,"player_choice":"Entered Light","damage_taken":13,"max_hp_gain":0,"max_hp_loss":0,"event_name":"Shining Light","floor":3,"gold_loss":0,"cards_upgraded":["animator:Strike","animator:Defend"]},{"damage_healed":0,"gold_gain":75,"player_choice":"Gather Gold","damage_taken":11,"max_hp_gain":0,"max_hp_loss":0,"event_name":"World of Goop","floor":7,"gold_loss":0}],"is_beta":false,"boss_relics":[],"items_purged_floors":[11],"is_endless":false,"potions_floor_spawned":[6,10,12,14],"killed_by":"Slime Boss","ascension_level":10}}