{"host":"rwzz6mk6bpmb57ql","time":1608853955,"event":{"mods":["AchievementEnabler","BaseMod","BetterRewards","Colored Map","Highlight Path","Hubris","Minty Spire (QoL Compilation)","Replay The Spire","StSLib"],"gold_per_floor":[6613,6627,6627,6627,6646,6677,6677,6709,6736,6769,6719,6049,6019,6036,6036,6137,6137,6150,6163,5273,5273,5290,5290,5290,5315,5315,5315,4708,4807,4807,4832,4832,4936,4936,4950,5000,4293,4293,4304,4335,4335,4360,4360,4424,4424,4462,3592,3626,3626,3666,3666,3666,3248,3308,3336],"floor_reached":56,"playtime":2491,"items_purged":["Defend_G","Defend_G","Defend_G","Defend_G","Strike_G","Strike_G"],"score":2102,"play_id":"c98eb3df-8351-4ede-bd79-9e02438b226e","local_time":"20201224175235","is_ascension_mode":true,"campfire_choices":[{"floor":7,"key":"RECALL"},{"data":"Cloak And Dagger","floor":15,"key":"SMITH"},{"data":"Outmaneuver","floor":23,"key":"SMITH"},{"data":"Storm of Steel","floor":27,"key":"SMITH"},{"data":"ReplayTheSpireMod:Scrap Shanks","floor":30,"key":"SMITH"},{"data":"Neutralize","floor":32,"key":"SMITH"},{"data":"Prepared","floor":49,"key":"SMITH"},{"data":"Well Laid Plans","floor":52,"key":"SMITH"}],"circlet_count":0,"master_deck":["Strike_G","Strike_G+1","Defend_G","Survivor","Neutralize+1","Outmaneuver+1","ReplayTheSpireMod:Shiv Toss+1","Cloak And Dagger+1","Storm of Steel+1","Hidden Blade+1","Hidden Blade+1","Well Laid Plans+1","Prepared+1","ReplayTheSpireMod:Scrap Shanks+1","Adrenaline+1","Blade Dance","Terror+1","Accuracy","Accuracy"],"relics":["Ring of the Snake","Potion Belt","hubris:Towel","Anchor","hubris:TenFootPole","Replay:Baseball","HornCleat","Ornamental Fan","WristBlade","Onion Ring","CaptainsWheel","Blue Doll","Replay:Bottled Flurry","Counterbalance","ReplayTheSpireMod:ShopPack","Bag of Preparation","Bird Faced Urn","Guide Book","Happy Flower","hubris:TinFlute","Nunchaku","Ninja Scroll","Replay:Bandana","Dream Catcher","Shuriken","hubris:GlazedTorus","TwistedFunnel","DollysMirror","Vajra"],"acts_visited":["Exordium","TheCity","TheBeyond","TheEnding"],"potions_floor_usage":[5,6,10,14,16,16,19,20,22,22,22,22,22,25,33,36,39,40,46,48,50,55,55,55],"damage_taken":[{"damage":0,"enemies":"2 Louse","floor":1,"turns":4},{"damage":3,"enemies":"Jaw Worm","floor":2,"turns":6},{"damage":0,"enemies":"Small Slimes","floor":5,"turns":2},{"damage":81,"enemies":"Gremlin Nob","floor":6,"turns":8},{"damage":25,"enemies":"3 Sentries","floor":8,"turns":4},{"damage":56,"enemies":"Lagavulin","floor":10,"turns":10},{"damage":0,"enemies":"Looter","floor":13,"turns":4},{"damage":13,"enemies":"Large Slime","floor":14,"turns":6},{"damage":27,"enemies":"Fading Forest","floor":16,"turns":8},{"damage":0,"enemies":"Chosen","floor":18,"turns":4},{"damage":0,"enemies":"Shell Parasite","floor":19,"turns":4},{"damage":0,"enemies":"Snecko","floor":22,"turns":2},{"damage":0,"enemies":"Gremlin Leader","floor":25,"turns":3},{"damage":1,"enemies":"Slavers","floor":31,"turns":5},{"damage":0,"enemies":"Champ","floor":33,"turns":5},{"damage":0,"enemies":"Orb Walker","floor":35,"turns":2},{"damage":48,"enemies":"Mind Bloom Boss Battle","floor":36,"turns":4},{"damage":0,"enemies":"3 Shapes","floor":39,"turns":1},{"damage":0,"enemies":"Giant Head","floor":40,"turns":3},{"damage":1,"enemies":"Nemesis","floor":42,"turns":3},{"damage":0,"enemies":"R_Hoarder","floor":44,"turns":5},{"damage":0,"enemies":"Sphere and 2 Shapes","floor":46,"turns":2},{"damage":0,"enemies":"3 Darklings","floor":48,"turns":1},{"damage":2,"enemies":"Donu and Deca","floor":50,"turns":4},{"damage":0,"enemies":"Shield and Spear","floor":54,"turns":3},{"damage":46,"enemies":"The Heart","floor":55,"turns":5}],"seed_played":"1149394276224615481","potions_obtained":[{"floor":2,"key":"Explosive Potion"},{"floor":5,"key":"Weak Potion"},{"floor":8,"key":"LiquidMemories"},{"floor":14,"key":"Strength Potion"},{"floor":18,"key":"Block Potion"},{"floor":31,"key":"SpeedPotion"},{"floor":33,"key":"SteroidPotion"},{"floor":38,"key":"ColorlessPotion"},{"floor":39,"key":"Swift Potion"},{"floor":44,"key":"Strength Potion"},{"floor":46,"key":"Strength Potion"}],"is_trial":false,"path_per_floor":["M","M","?","?","M","E","R","E","T","E","?","$","M","M","R","B",null,"M","M","$","?","M","R","?","E","T","R","$","?","R","E","R","B",null,"M","?","$","?","M","E","?","E","T","E","?","M","$","M","R","B",null,"R","$","E","B",null],"character_chosen":"THE_SILENT","items_purchased":["HornCleat","Ornamental Fan","Poison Potion","ColorlessPotion","Well Laid Plans","Onion Ring","CaptainsWheel","EntropicBrew","PowerPotion","Counterbalance","ReplayTheSpireMod:ShopPack","ReplayTheSpireMod:Scrap Shanks","Guide Book","Happy Flower","hubris:TinFlute","Shuriken","hubris:GlazedTorus","TwistedFunnel","Accuracy","DollysMirror"],"campfire_rested":0,"item_purchase_floors":[12,12,12,12,20,20,20,20,20,28,28,28,37,37,37,47,47,47,53,53],"current_hp_per_floor":[133,130,130,130,130,49,49,115,115,59,59,59,59,46,46,27,112,112,112,112,112,112,112,112,112,112,112,112,112,112,111,111,111,133,133,85,85,85,87,91,91,94,94,98,98,100,100,102,102,104,131,131,131,137,94],"gold":3336,"neow_bonus":"THREE_CARDS","is_daily":false,"chose_seed":false,"campfire_upgraded":7,"win_rate":0.0,"timestamp":1608853955,"path_taken":["M","M","?","?","M","E","R","E","T","E","?","$","M","M","R","BOSS","M","M","$","?","M","R","?","E","T","R","$","?","R","E","R","BOSS","M","?","$","?","?","E","?","E","T","E","?","?","?","M","R","BOSS","R","$","E","BOSS"],"items_purchased_type":["Relic","Relic","Potion","Potion","Card","Relic","Relic","Potion","Potion","Relic","Relic","Card","Relic","Relic","Relic","Relic","Relic","Relic","Card","Relic"],"build_version":"2020-12-22","purchased_purges":6,"victory":true,"max_hp_per_floor":[140,140,140,140,140,140,140,140,140,140,140,140,140,140,140,140,140,140,140,140,140,140,140,140,140,140,140,140,140,140,140,140,140,140,140,140,140,140,140,140,140,140,140,140,140,140,140,140,140,140,140,140,140,140,140],"card_choices":[{"not_picked":["Bane","Cloak And Dagger"],"picked":"Outmaneuver","floor":0},{"not_picked":["Slice","Outmaneuver","ReplayTheSpireMod:Speed Training"],"picked":"SKIP","floor":1},{"not_picked":["Deadly Poison","Bane","Noxious Fumes"],"picked":"SKIP","floor":2},{"not_picked":["Blur","Setup"],"picked":"ReplayTheSpireMod:Shiv Toss","floor":5},{"not_picked":["Catalyst","Flying Knee","Deflect"],"picked":"SKIP","floor":6},{"not_picked":["Concentrate","Sucker Punch","All Out Attack"],"picked":"SKIP","floor":8},{"not_picked":["ReplayTheSpireMod:Necrosis","hubris:SlightOfHand","Concentrate"],"picked":"SKIP","floor":10},{"not_picked":["Hidden Blade","Deflect"],"picked":"Cloak And Dagger","floor":13},{"not_picked":["Sucker Punch","hubris:SlightOfHand","Catalyst"],"picked":"SKIP","floor":14},{"not_picked":["Wraith Form v2","Die Die Die"],"picked":"Storm of Steel","floor":16},{"not_picked":["Backstab","Deflect+1"],"picked":"Hidden Blade+1","floor":18},{"not_picked":["Deflect","Finisher"],"picked":"Hidden Blade+1","floor":19},{"not_picked":["Sucker Punch","Heel Hook"],"picked":"Prepared","floor":22},{"not_picked":["Dagger Throw","PiercingWail","hubris:Counter+1"],"picked":"SKIP","floor":25},{"not_picked":["Backflip","Quick Slash+1","Slice"],"picked":"SKIP","floor":31},{"not_picked":["Heel Hook+1","Poisoned Stab+1"],"picked":"Adrenaline","floor":35},{"not_picked":["Well Laid Plans","PiercingWail+1"],"picked":"Blade Dance","floor":36},{"not_picked":["Bane+1","PiercingWail+1","Poisoned Stab+1"],"picked":"SKIP","floor":39},{"not_picked":["Dagger Throw","Outmaneuver+1"],"picked":"Terror+1","floor":40},{"not_picked":["Dash","Bouncing Flask","Blade Dance"],"picked":"SKIP","floor":42},{"not_picked":["hubris:Counter","Cloak And Dagger+1","Venomology"],"picked":"SKIP","floor":44},{"not_picked":["Predator+1","ReplayTheSpireMod:Speed Training+1","Bane+1"],"picked":"SKIP","floor":46},{"not_picked":["Blade Dance","hubris:Sniper+1","Slice"],"picked":"SKIP","floor":48},{"not_picked":["Poisoned Stab+1","Deflect","Hidden Blade+1"],"picked":"SKIP","floor":54}],"player_experience":138404,"relics_obtained":[{"floor":6,"key":"Anchor"},{"floor":8,"key":"hubris:TenFootPole"},{"floor":10,"key":"Replay:Baseball"},{"floor":25,"key":"Blue Doll"},{"floor":26,"key":"Replay:Bottled Flurry"},{"floor":31,"key":"Bag of Preparation"},{"floor":36,"key":"Bird Faced Urn"},{"floor":40,"key":"Nunchaku"},{"floor":42,"key":"Ninja Scroll"},{"floor":43,"key":"Replay:Bandana"},{"floor":44,"key":"Dream Catcher"},{"floor":54,"key":"Vajra"}],"event_choices":[{"cards_removed":["Strike_G"],"damage_healed":0,"gold_gain":0,"player_choice":"Card Removal","damage_taken":0,"max_hp_gain":0,"max_hp_loss":0,"event_name":"The Cleric","floor":11,"gold_loss":50},{"damage_healed":0,"gold_gain":0,"player_choice":"Ignored","damage_taken":0,"max_hp_gain":0,"max_hp_loss":0,"event_name":"Vampires","floor":24,"gold_loss":0},{"damage_healed":0,"gold_gain":99,"player_choice":"Stole From Cult","damage_taken":0,"max_hp_gain":0,"max_hp_loss":0,"event_name":"Nest","floor":29,"gold_loss":0},{"damage_healed":0,"gold_gain":0,"player_choice":"Fight","damage_taken":0,"max_hp_gain":0,"max_hp_loss":0,"event_name":"MindBloom","floor":36,"gold_loss":0},{"damage_healed":0,"gold_gain":0,"player_choice":"Got Potions","damage_taken":0,"max_hp_gain":0,"max_hp_loss":0,"event_name":"Lab","floor":38,"gold_loss":0}],"is_beta":false,"boss_relics":[{"not_picked":["hubris:TerracottaHorce","Replay:Wanted Poster"],"picked":"WristBlade"},{"not_picked":["Snecko Heart","Snecko Eye","hubris:GrandSneckoEye"]}],"items_purged_floors":[12,20,28,37,47,53],"is_endless":false,"potions_floor_spawned":[2,5,8,14,18,31,33,39,44,46],"ascension_level":8}}