{"host":"li2oyy8xcjugrjw6","time":1608852139,"event":{"mods":["AchievementEnabler","BaseMod","Colored Map","Minty Spire (QoL Compilation)","Permanent Neow","Replay The Spire","StSLib"],"gold_per_floor":[116,116,41,41,61,61,86,101,124,299,250,250,42,61,61,165,165,176,176,195,195,195],"floor_reached":21,"playtime":1543,"items_purged":["Strike_G"],"score":266,"play_id":"b365627e-a7fb-4909-b63a-2a3d6b2a05a3","local_time":"20201224152219","is_ascension_mode":true,"campfire_choices":[{"data":"Toxin Wave","floor":6,"key":"SMITH"},{"data":"Skewer","floor":12,"key":"SMITH"},{"data":"Backstab","floor":15,"key":"SMITH"}],"circlet_count":0,"master_deck":["AscendersBane","Defend_G","Defend_G","Defend_G","Defend_G","Defend_G","Survivor","Neutralize","Poisoned Strike+1","Backstab","Toxin Wave+1","Skewer+1","Acrobatics","Doubt","PiercingWail","Backstab","Backstab+1","Replay:Poison Smokescreen","Glass Knife","Decay","Replay:Hysterical Blindness","Dagger Throw"],"relics":["Ring of the Snake","Letter Opener","Replay:Mystery Machine","Snake Skull","Vajra","Kintsugi"],"acts_visited":["Exordium","TheCity"],"potions_floor_usage":[16],"damage_taken":[{"damage":0,"enemies":"Cultist","floor":1,"turns":4},{"damage":4,"enemies":"Small Slimes","floor":5,"turns":3},{"damage":13,"enemies":"Replay:BlueRogue","floor":7,"turns":6},{"damage":0,"enemies":"Jaw Worm","floor":8,"turns":2},{"damage":2,"enemies":"Exordium Thugs","floor":14,"turns":4},{"damage":5,"enemies":"Slime Boss","floor":16,"turns":7},{"damage":30,"enemies":"Spheric Guardian","floor":18,"turns":4},{"damage":0,"enemies":"3 Byrds","floor":20,"turns":4}],"seed_played":"-8217291205983145474","potions_obtained":[{"floor":7,"key":"Fire Potion"},{"floor":14,"key":"Elixir"},{"floor":18,"key":"Strength Potion"}],"is_trial":false,"path_per_floor":["M","T","$","?","M","R","E","M","T","?","$","R","$","M","R","B",null,"M","?","M","$"],"character_chosen":"THE_SILENT","items_purchased":["PiercingWail","Vajra","Backstab"],"campfire_rested":0,"item_purchase_floors":[11,13,13],"current_hp_per_floor":[63,63,63,63,59,59,46,46,46,46,46,46,46,44,44,39,57,27,16,16,16,16],"gold":195,"neow_bonus":"RANDOM_COLORLESS_2","is_daily":false,"chose_seed":false,"campfire_upgraded":3,"win_rate":0.0,"timestamp":1608852139,"path_taken":["M","?","$","?","?","R","E","?","T","?","?","R","$","M","R","BOSS","M","?","M","$"],"items_purchased_type":["Card","Relic","Card"],"build_version":"2020-12-22","purchased_purges":1,"victory":false,"max_hp_per_floor":[63,63,63,63,63,63,63,63,63,63,63,63,63,63,63,63,63,63,68,68,68,68],"card_choices":[{"not_picked":["ReplayTheSpireMod:Brewmster","Secret Technique"],"picked":"Poisoned Strike","floor":0},{"not_picked":["Acrobatics","Escape Plan"],"picked":"Backstab","floor":1},{"not_picked":["Eviscerate","Bane"],"picked":"Toxin Wave","floor":5},{"not_picked":["Sucker Punch","Dodge and Roll"],"picked":"Skewer","floor":7},{"not_picked":["Backflip","ReplayTheSpireMod:Scrap Shanks"],"picked":"Acrobatics","floor":8},{"not_picked":["All Out Attack","Prepared"],"picked":"Replay:Poison Smokescreen","floor":14},{"not_picked":["Phantasmal Killer","Envenom"],"picked":"Glass Knife","floor":16},{"not_picked":["Infinite Blades","Acrobatics","Flying Knee"],"picked":"SKIP","floor":18},{"not_picked":["Backflip","Caltrops"],"picked":"Dagger Throw","floor":20}],"player_experience":963075,"relics_obtained":[{"floor":2,"key":"Letter Opener"},{"floor":7,"key":"Replay:Mystery Machine"},{"floor":9,"key":"Snake Skull"}],"event_choices":[{"damage_healed":0,"gold_gain":0,"player_choice":"Forge","damage_taken":0,"max_hp_gain":0,"max_hp_loss":0,"event_name":"Accursed Blacksmith","floor":4,"gold_loss":0,"cards_upgraded":["Poisoned Strike"]},{"damage_healed":0,"gold_gain":175,"player_choice":"AGREE","damage_taken":0,"max_hp_gain":0,"max_hp_loss":0,"event_name":"Liars Game","floor":10,"gold_loss":0,"cards_obtained":["Doubt"]},{"damage_healed":0,"gold_gain":0,"player_choice":"Shed Blood","damage_taken":16,"max_hp_gain":5,"max_hp_loss":0,"event_name":"Forgotten Altar","floor":19,"gold_loss":0}],"is_beta":false,"boss_relics":[{"not_picked":["Ring of Chaos","SacredBark"],"picked":"Kintsugi"}],"items_purged_floors":[3],"is_endless":false,"potions_floor_spawned":[7,14,18],"ascension_level":10}}